3409 5400
313 495 379 564 402
800 488 860 553 Dl'l
885 473 1054 556 unaue.

311 665 422 742 partes
447 672 526 718 suas
550 650 691 717 exercitu
715 659 851 734 paterno
876 647 1015 714 adiutas.
1061 647 1166 712 Multa
1192 648 1338 734 insignia
1363 647 1542 733 Pompelo,

312 762 373 828 sed
388 761 501 826 nescio
519 781 562 823 an
577 756 641 820 hoc
658 756 834 842 quicquam
850 753 1075 818 admirabilius
1092 755 1273 840 contigerit,
1297 753 1387 841 quod
1406 755 1542 840 magni·

311 867 421 933 tudine
443 865 593 933 beuelieii
617 863 669 927 sui
692 860 842 924 obliuisci
866 859 993 945 Syllam
1016 862 1135 947 coegit.

248 968 300 1036 10.
399 975 451 1040 Sit
473 971 593 1059 aliquis
616 970 651 1033 in
674 988 803 1032 summo
820 965 995 1051 splendore
1019 968 1117 1032 etiam
1134 966 1287 1033 sordibus
1303 968 1407 1053 gratis
1430 964 1540 1031 locus.

309 1079 356 1146 M.
374 1080 517 1146 Cornuto
541 1086 690 1162 praetore
712 1075 811 1138 sunus
826 1072 910 1136 Hirti
932 1085 965 1136 et
979 1071 1112 1138 Pansae
1134 1073 1228 1138 iussu
1243 1085 1378 1138 senatus
1393 1073 1561 1144 locantes

312 1189 369 1272 qui
398 1197 475 1249 tunc
503 1183 662 1250 libitinam
691 1179 899 1253 exercebant,
935 1203 1009 1244 cum
1038 1203 1149 1245 rerum
1180 1202 1315 1244 suarum
1347 1192 1537 1246 usum-tum

269 1307 274 1318 ·
311 1293 527 1356 ministerium
551 1311 646 1354 sumn
670 1287 844 1374 gratuitum
861 1285 993 1372 polliciti
1011 1298 1096 1361 sunt,
1120 1289 1199 1372 quia
1211 1286 1247 1350 hi
1262 1309 1322 1372 pro
1345 1309 1381 1351 re
1403 1287 1539 1373 publica

311 1396 504 1462 dimicantes
535 1394 740 1466 occiderant,
770 1393 1057 1478 perseuerantique
1091 1392 1309 1478 postulatione
1342 1392 1538 1458 extuderunt

311 1513 346 1564 ut
378 1503 589 1588 exequiarum
623 1511 801 1584 apparatus
836 1500 986 1562 sestertio
1021 1520 1155 1562 nummo
1187 1499 1275 1584 ipsis
1300 1499 1537 1584 praebentibus

311 1608 524 1674 addiceretur.
582 1605 729 1685 Quorum
767 1603 897 1667 laudem
926 1611 946 1678 †
978 1603 1106 1667 adiecta
1134 1603 1209 1688 lege
1245 1605 1396 1668 condicio
1434 1616 1573 1691 augetur

309 1716 419 1799 magis
443 1735 542 1799 quam
565 1721 726 1781 extenuat,
751 1708 1054 1794 quoniamquidem
1074 1723 1246 1794 quaestum
1267 1720 1539 1794 contempserunt

310 1819 390 1884 nulli
411 1818 467 1882 alii
488 1819 537 1882 rei
560 1837 658 1902 quam
683 1815 832 1900 quaestui
857 1816 1014 1880 uiuentes.

309 2031 336 2087 2·
354 2033 503 2085 mirabilius
520 2028 557 2084 D.
568 2027 619 2097 ill.
638 2029 729 2096 etiam]
749 2031 775 2080 ut
792 2025 827 2083 Ε.
838 2027 852 2096 Η
863 2031 958 2097 gratus
977 2021 1003 2080 F
1020 2032 1045 2079 et
1056 2042 1126 2080 corr.
1137 2027 1169 2081 A.
1179 2027 1193 2096 ΙΙ
1205 2027 1232 2082 5.
1250 2030 1288 2081 bl.
1308 2029 1436 2095 Cornuto]
1450 2045 1535 2096 prue-

309 2119 401 2225 nDometr
424 2115 537 2223 umbpr.
547 2097 728 2222 3111&ch
744 2096 921 2222 C.8hlrcit11l.
945 2100 1004 2217 yqei
1022 2095 1050 2149 F.
1066 2095 1123 2223 lidii.
1143 2101 1279 2220 lipitlanaup
1302 2097 1335 2220 il).
1353 2099 1366 2165 ΙΙ
1384 2100 1457 2166 cram]
1477 2105 1534 2223 tuq»

311 2172 475 2296 exdlrdellbnt
490 2170 528 2295 llll
547 2167 778 2310 extruderrintplrl.
796 2185 973 2292 liexllidlrlrll
1008 2184 1067 2299 sl,
1087 2175 1534 2308 delibuillblnexschiarlldrnfili

309 2315 488 2437 ‘prppria-atui
504 2310 570 2368 ΒΓ.
588 2311 602 2381 ll
619 2327 726 2364 numum
746 2308 777 2365 Γ.
794 2309 808 2376 ΙΙ
825 2313 996 2374 praebendus
1019 2309 1131 2361 coniecit
1148 2310 1233 2396 Petis:
1253 2310 1266 2379 ΙΙ
1287 2307 1328 2363 tu.
1353 2313 1534 2364 adduceretur

334 2424 341 2440 .
360 2388 510 2437 adiceretur
526 2380 560 2434 Ε.
572 2384 586 2452 Η
602 2381 640 2435 li.
659 2383 767 2444 quidam
787 2379 816 2432 (l.
828 2381 842 2446 ΙΙ
854 2384 1043 2431 contraxerunt
1060 2379 1089 2433 F.
1101 2381 1116 2448 ΙΙ
1129 2379 1170 2432 12.
1190 2383 1234 2431 ain
1253 2397 1302 2433 ura.
1315 2397 1361 2450 pr.
1380 2381 1415 2434 it.

814 2505 1026 2523 ψ

308 2581 411 2630 dicibus
431 2579 552 2641 recipere
568 2578 684 2626 debebat
702 2575 849 2638 Zumptius.
869 2577 923 2627 Cic.
938 2577 1012 2626 Verr.
1027 2576 1060 2633 lt,
1078 2569 1122 2633 lli.
1145 2571 1204 2634 123,
1221 2573 1308 2626 minor
1324 2574 1436 2642 criptura
1452 2578 1532 2630 aaa&

306 2653 392 2701 nam.
428 2648 507 2699 Nolui
524 2647 683 2697 tameuidco
702 2647 840 2696 discedere
859 2648 894 2694 ab
912 2646 1028 2696 omniurn
1047 2647 1171 2696 librorum
1191 2647 1353 2708 testimonio,
1369 2663 1432 2699 eum
1450 2665 1530 2714 prae·

308 2722 401 2771 sertim
420 2718 604 2769 defensionem
622 2718 722 2767 babeat
740 2718 765 2767 in
783 2717 863 2766 airuili
882 2718 986 2767 dicendi
1009 2732 1123 2785 genere.
1147 2716 1216 2767 aicit
1236 2714 1338 2769 XVIII
1357 2718 1449 2775 nair.
1475 2738 1529 2783 quo

309 2790 428 2839 ablatiuo
446 2792 481 2839 ad
500 2788 677 2838 deliniendum
694 2789 822 2849 temporis
840 2788 957 2850 spatium
976 2790 1139 2851 saepissime
1156 2804 1205 2851 pro
1224 2790 1379 2840 accusation
1400 2805 1468 2841 risus
1487 2798 1532 2843 est

308 2860 447 2916 Valerius.
467 2858 514 2922 (cl.
532 2858 564 2917 V.
586 2855 610 2915 1,
629 2860 682 2907 eat.
702 2855 818 2914 l.·v111,
839 2854 864 2914 i,
882 2862 936 2910 ext.
954 2853 981 2909 l.
1007 2858 1074 2916 lllll,
1100 2854 1183 2917 lib&
1209 2859 1277 2917 vill,
1300 2852 1339 2915 13.
1357 2863 1411 2913 ext.
1434 2860 1445 2913 l
1466 2858 1530 2913 att

309 2930 383 2993 cett.)
408 2932 434 2977 et
456 2929 482 2977 in
506 2943 553 2985 eo,
577 2942 629 2988 quo
653 2928 785 2977 inferioris
810 2929 871 2978 uerri
893 2930 1039 2992 scriptores
1061 2932 1267 2993 composuerunt
1282 2928 1364 2995 scm
1380 2931 1437 2982 leta
1453 2931 1530 2995 (alla)

309 2994 410 3049 duobus
424 2994 544 3064 peditur.
579 2996 610 3045 ln
628 2998 687 3059 ipso
706 3012 835 3046 annorum
853 3013 964 3048 numero
982 3001 1081 3051 erroris
1101 3000 1236 3050 Valerium
1253 3002 1344 3068 arguit
1356 3002 1527 3063 Drumannus

307 3070 403 3136 gesch.
423 3068 504 3119 Roma
522 3066 581 3125 llll,
599 3081 626 3129 p.
644 3062 710 3123 324,
735 3082 794 3116 cum
815 3068 862 3119 Cn.
884 3068 1028 3132 Pompeius
1053 3086 1123 3121 auno
1145 3066 1211 3129 lili,
1236 3087 1289 3132 quo
1312 3073 1433 3136 tempore
1456 3075 1527 3124 bello

308 3139 378 3189 ciuili
401 3138 496 3204 Syllae
520 3137 668 3187 adiuuisset
690 3138 796 3200 partes,
821 3140 927 3188 tertium
956 3145 984 3189 et
1005 3142 1176 3199 uicesimum,
1201 3156 1256 3193 nou
1282 3142 1526 3195 duodeuicesimam

307 3210 413 3277 egisset
430 3224 537 3259 annum
573 3208 611 3258 Cl.
632 3208 699 3257 Vell.
717 3207 753 3263 11.
772 3202 816 3265 29,
837 3206 861 3260 1.
885 3209 953 3260 Plut.
970 3210 1063 3274 Pomp.
1081 3207 1107 3263 li.
1126 3212 1223 3265 Zonar.
1240 3210 1276 3270 Χ,
1297 3209 1320 3264 l.
1356 3215 1413 3265 Nee
1431 3216 1527 3266 iniuria

306 3282 375 3331 adeo
394 3280 504 3330 miratur
515 3278 634 3329 Velleius
646 3278 679 3334 11.
698 3272 741 3335 53,
761 3274 778 3327 l
797 3279 830 3327 de
847 3284 934 3330 morte
953 3283 999 3333 cn.
1011 3281 1131 3347 Pompeii
1142 3283 1289 3341 disserens,
1307 3287 1376 3350 quod
1389 3287 1418 3335 in
1435 3290 1526 3339 aelate

305 3352 371 3401 tanti
390 3352 439 3401 uiri
456 3364 544 3413 paene
562 3349 692 3411 aequales
711 3349 855 3413 scriptores
873 3352 1077 3415 quinquennium
1096 3352 1228 3405 refellerit.
1412 3401 1415 3407 ,

379 3417 421 3471 10.
438 3422 455 3483 †
473 3416 578 3471 udieclu
595 3417 650 3483 lepe
667 3415 797 3480 condicio)
821 3423 897 3478 Quae
914 3421 1050 3471 codicibus
1073 3423 1211 3472 traduntur
1231 3426 1304 3474 omni
1321 3440 1404 3476 sensu
1423 3432 1524 3479 carent.

304 3492 398 3557 Neque
416 3492 498 3541 etiam
512 3490 613 3553 ,Kappii
631 3492 762 3540 obscuras
786 3492 919 3559 ambages
937 3493 1063 3559 intellego
1081 3492 1239 3555 explicantis
1264 3498 1454 3548 ‘condicionem
1473 3501 1525 3549 boe

304 3564 364 3613 leco
386 3577 441 3613 non
463 3575 527 3612 esse
551 3561 650 3611 statum
673 3561 865 3625 uespillunum.
892 3564 942 3611 sed
966 3563 1226 3622 determinationem.
1255 3582 1335 3630 quarn
1357 3570 1526 3621 constituerit

305 3636 417 3683 senalus
434 3634 570 3697 tamquam
590 3632 678 3698 legem
698 3646 715 3681 a
734 3632 1159 3694 nespillonibusobseruandam'.
1196 3635 1407 3704 Confugiendum
1420 3641 1472 3691 erit
1488 3644 1524 3691 ad

304 3704 480 3753 coniecturas.
516 3706 632 3761 Quarum
652 3702 734 3751 babet
751 3703 869 3765 speciem
889 3705 944 3752 ucri
964 3706 1050 3766 primo
1068 3705 1164 3755 saltem
1182 3710 1296 3768 aspectu
1314 3724 1394 3773 quam
1412 3710 1524 3774 Lipsius

302 3772 433 3832 probante
457 3770 594 3820 Perizonio
617 3772 771 3833 proposuit,
795 3768 897 3822 abiecta
920 3770 975 3837 leqr
997 3770 1132 3828 condicio.
1162 3779 1190 3823 ut
1213 3777 1377 3843 significetur
1399 3781 1522 3840 infamia.

303 3854 383 3902 quarn
401 3840 470 3901 turpi
488 3838 647 3903 sordidoque
666 3842 778 3903 quaestu
798 3842 849 3889 sibi
862 3844 1041 3893 contraxerint
1058 3845 1200 3895 libitinarii.
1236 3847 1290 3897 Rea
1302 3849 1446 3912 ipsasatis
1458 3858 1524 3902 nuta

302 3908 353 3957 cst.
390 3908 442 3958 cfr.
459 3908 566 3969 interpr.
585 3909 618 3957 ad
637 3909 693 3959 luu.
712 3912 764 3957 sut.
782 3910 826 3965 lll,
845 3904 888 3959 32.
924 3912 978 3961 Sed
997 3916 1095 3972 obstat.
1115 3918 1143 3963 ut
1159 3919 1232 3967 recte
1250 3921 1441 3973 animaduertit
1455 3924 1521 3974 Tor·

302 3978 401 4035 reulus,
420 3978 489 4041 quod
508 3978 627 4026 moribus
645 3981 734 4044 magis
746 3979 924 4029 Romanorum
939 3983 965 4029 in
984 3987 1134 4049 contemptu
1147 3988 1232 4039 lrubiti
1249 4004 1329 4052 quam
1348 3993 1412 4059 iege
1430 3995 1522 4060 aliqua

301 4048 385 4097 noted
403 4046 489 4096 luisse
506 4048 636 4102 uidentur,
656 4050 878 4111 quemadmodum
896 4055 974 4100 erent
992 4054 1150 4116 histriones,
1170 4058 1295 4119 lenones,
1313 4062 1367 4115 atii.
1404 4065 1440 4113 m
1458 4081 1521 4128 pro·

301 4116 371 4165 lecto
389 4117 495 4184 gratum
514 4129 605 4165 eorum
623 4118 740 4165 animum
760 4119 848 4185 magis
866 4122 947 4171 etiam
965 4124 1148 4177 admirabilem
1165 4130 1277 4181 reddere
1289 4132 1375 4195 potuit
1391 4149 1447 4185 nou
1463 4140 1520 4186 tam

298 4187 406 4255 legibus
424 4186 529 4235 abiecta
547 4186 665 4235 condicio
687 4202 768 4249 quam
794 4204 863 4254 quae
885 4195 1001 4245 omnium
1024 4197 1160 4249 bominum
1182 4200 1271 4251 solido
1292 4203 1389 4253 iudicio
1407 4219 1520 4269 sperae·

298 4260 385 4309 betur.
420 4257 514 4319 ltaque
533 4255 690 4317 Tenemus,
709 4274 768 4311 cum
786 4274 802 4309 e
821 4261 994 4315 Perizonianu
1017 4267 1084 4317 libro
1107 4270 1133 4319 ei
1156 4273 1293 4322 euentum
1315 4280 1392 4325 esset
1414 4273 1520 4329 lauden

298 4324 498 4385 adiectuim,
517 4326 685 4379 scribendum
703 4332 842 4393 proposuit
854 4330 1195 4391 Qmmusdmdteera
1208 4336 1284 4392 laudi
1301 4342 1425 4397 condicio
1441 4354 1523 4414 auget

296 4400 314 4447 i.
333 4413 358 4449 e.
377 4399 491 4462 ‘sipost
514 4402 790 4452 commemorationem
814 4404 885 4455 illius
907 4406 1051 4459 laudabilis
1074 4410 1139 4460 laeti
1159 4413 1274 4463 addatur
1296 4416 1362 4465 illud
1379 4418 1482 4471 lactum
1501 4438 1521 4471 a

296 4469 503 4532 usspillonibus‚
527 4470 677 4521 bominibus
700 4472 727 4521 in
749 4474 857 4525 sordido
882 4482 995 4541 quaestu
1019 4481 1100 4531 uitam
1124 4484 1287 4550 agentibus'.
1328 4487 1404 4545 Quae
1425 4492 1520 4541 tamen

295 4552 384 4601 neque
402 4540 553 4604 probabilia
571 4543 641 4600 sunt.
659 4556 746 4606 nequa
764 4546 831 4595 satis
844 4550 998 4599 accuratam
1017 4552 1180 4603 condiclouis
1193 4556 1389 4609 denotationem
1405 4561 1518 4622 habeut,

297 4624 377 4673 quarn
394 4610 588 4661 desideramus.
622 4612 689 4663 ldibi
707 4615 812 4681 quidem
830 4612 934 4669 dieu
951 4622 1023 4671 recte
1042 4621 1165 4686 abipsio
1177 4626 1313 4678 inuentum
1325 4642 1391 4681 esse
1402 4631 1518 4693 uidebit,

296 4680 368 4741 quod
385 4680 559 4745 recepissem,
578 4682 603 4733 si
615 4685 694 4735 simul
711 4682 769 4750 lece
784 4686 868 4744 deleri
883 4688 1013 4753 musar,
1032 4692 1067 4744 de
1084 4709 1137 4759 quo
1156 4697 1236 4749 ualde
1253 4699 1354 4750 dubito.
