3409 5400
1365 568 1408 637 49

172 723 307 786 ὤση
319 711 397 788 'loco
417 724 540 788 neema·
560 725 653 789 lucto
673 725 905 808 respuentium
928 730 1098 808 tcmpontm
1118 728 1253 802 illorum
1281 710 1410 816 quorum

173 831 231 894 itta
254 831 340 895 dica
364 833 416 896 uel
429 831 526 916 sucta
538 832 682 918 flaciani.
735 829 948 901 Manifestum
980 848 1088 900 autern
1117 845 1167 898 est
1189 833 1409 913 vincentium,

174 957 254 1002 cum
277 937 415 1004 easdem
438 940 505 1003 fere
522 938 647 1005 Valerii
663 945 868 1007 narrationes
885 941 1056 1008 doctrinali
1072 941 1205 1028 speculo
1228 945 1409 1019 intexuerit,

173 1045 315 1112 easdem
338 1046 510 1121 historiali,
533 1050 568 1112 in
590 1061 726 1136 utroque
743 1047 919 1124 uolumine,
943 1048 1121 1136 siquando
1138 1048 1180 1113 ab
1196 1049 1282 1116 illius
1298 1050 1409 1115 uerbis

171 1156 324 1229 recessit,
348 1157 470 1242 pariter
492 1158 638 1222 uariatas
663 1168 759 1244 atque
783 1159 988 1237 immutatas,
1020 1161 1226 1248 excerpsisse
1251 1179 1335 1247 quae
1366 1157 1410 1223 ad

172 1283 245 1326 rem
284 1283 380 1330 suam
421 1265 581 1350 pertinere
624 1263 812 1329 uiderentur
852 1286 870 1328 e
905 1264 1030 1332 Valerii
1072 1268 1181 1356 aliquo
1220 1263 1408 1350 exemplari,

172 1381 358 1458 posteaque
382 1392 422 1434 ex
444 1369 497 1436 his
522 1371 681 1456 excerptis
705 1371 879 1458 desumpta
903 1374 1055 1460 operibus
1079 1376 1149 1439 suis
1172 1373 1364 1438 inseruisse.

266 1478 434 1543 Saxonem
474 1497 602 1566 quoque
635 1478 892 1544 Grammaticum
928 1483 1057 1566 penitus
1097 1504 1133 1546 se
1166 1480 1340 1544 demisisse
1373 1479 1409 1542 in

172 1584 304 1652 Valerii
328 1587 549 1674 cognitionem
574 1606 680 1673 neque
705 1585 810 1652 solum
836 1598 936 1653 totam
959 1586 1115 1676 loquendi
1139 1581 1408 1653 consuetudinem

173 1693 217 1760 ad
253 1691 343 1760 illius
382 1691 577 1760 locutionem
609 1694 837 1760 conformasse
869 1696 1005 1783 eiusque
1044 1690 1265 1780 daupoleyiar
1300 1693 1406 1756 imita·

172 1817 241 1866 turn
270 1821 348 1864 esse
376 1801 410 1864 in
439 1799 586 1864 historiis
609 1800 766 1878 Danicis,
797 1824 909 1868 uerum
934 1804 1032 1868 etiarn
1056 1805 1203 1890 integras
1228 1800 1406 1864 sententias

173 1907 215 1974 ab
240 1927 281 1972 eo
304 1906 512 1972 transtulisse
540 1919 628 1972 recte
659 1910 726 1973 iarn
756 1931 776 1973 a
804 1908 985 1996 Stephanio
1018 1921 1049 1973 et
1076 1906 1311 1972 recentioribus
1336 1907 1406 1970 eins

171 2015 404 2101 interpretibus
429 2013 696 2080 animaduersum
720 2027 779 2080 est.
827 2015 876 2081 cf.
901 2016 952 2080 ed.
984 2015 1111 2081 Miiller.
1141 2013 1172 2089 I,
1201 2033 1256 2100 pp.
1286 2013 1323 2087 9,
1351 2011 1406 2087 25,

172 2121 227 2198 33,
252 2121 330 2196 299,
355 2120 430 2196 516,
453 2119 493 2196 II,
517 2143 549 2208 p.
572 2123 649 2195 627,
666 2134 739 2186 cett.

264 2227 416 2294 Saeculis
441 2229 580 2310 denique
604 2223 697 2289 XIIII
720 2236 752 2288 et
772 2223 839 2290 XV
871 2249 969 2313 quam
997 2227 1061 2294 late
1093 2227 1264 2314 diuulgata
1286 2227 1405 2291 fuerint

171 2336 259 2402 haec
281 2353 385 2416 opera
407 2353 465 2416 per
482 2329 702 2404 Germaniam,
728 2331 863 2406 Gallias,
886 2331 1014 2398 Italiam
1031 2345 1224 2422 argumento
1242 2344 1317 2395 sunt
1332 2353 1406 2396 cum

173 2439 359 2529 frequentia
391 2439 584 2524 scriptorum
617 2449 691 2502 tnnc
723 2439 878 2524 temporis
908 2441 1086 2504 uiuentium
1115 2436 1331 2516 testimonia¹)
1367 2457 1406 2500 ex

172 2549 213 2612 iis
237 2547 350 2633 petitu,
375 2555 441 2609 tum
465 2547 646 2618 uersiones,
671 2567 808 2631 quarum
831 2546 947 2630 prima,
972 2545 1186 2634 qnodsciam‚
1211 2545 1405 2609 Germanice

171 2653 299 2719 emissa
323 2663 373 2718 est
396 2651 437 2717 ab
453 2651 594 2718 Henrico
611 2653 652 2717 de
668 2651 825 2741 Muglein,
849 2663 884 2717 ut
900 2654 971 2740 ipse
989 2665 1123 2718 testatur
1140 2639 1174 2717 in
1190 2651 1403 2740 praefatione,

170 2762 236 2850 bey
257 2762 367 2827 kaiser
383 2758 499 2826 Karels
524 2762 627 2825 zeiten
651 2760 710 2824 des
733 2756 892 2849 evirdigen
908 2760 993 2824 nach
1011 2761 1106 2824 Gristi
1124 2772 1241 2847 gepurt
1262 2757 1404 2823 tausend

165 2870 221 2955 jar
245 2868 317 2935 drei
339 2868 480 2931 hundert
497 2866 552 2951 jar
574 2868 643 2931 und
666 2869 700 2932 in
729 2866 803 2931 dem
827 2889 915 2932 neun
937 2863 1004 2932 und
1035 2866 1284 2954 sechczigesten
1306 2864 1402 2948 jar²).

170 2976 267 3043 Aliae
289 2976 462 3040 uersioncs
488 2972 643 3051 Gallicae,
667 2974 880 3061 Isrspanicae,
903 2972 1035 3039 Italicae
1060 2975 1141 3039 satis
1167 2975 1319 3061 antiquae
1343 2994 1402 3037 no·

169 3088 338 3151 minantur
359 3083 394 3147 in
418 3080 513 3147 Hasii
537 3080 685 3167 exemplo
710 3080 746 3145 T.
770 3078 824 3154 III,
848 3102 880 3167 p.
905 3082 980 3158 445,
1007 3081 1063 3145 ubi
1087 3081 1247 3145 editiones
1273 3097 1402 3169 quoque

169 3204 299 3258 ueteres
324 3191 459 3275 copiose
483 3210 521 3255 ac
544 3186 641 3276 plene
664 3200 885 3253 recensentur.

261 3296 331 3363 Sed
358 3296 582 3371 commodum,
619 3294 707 3382 quod
743 3316 782 3359 ex
819 3292 873 3359 his
903 3292 1075 3359 Valeriani
1111 3295 1219 3380 operis
1248 3291 1399 3378 uestigiis

170 3408 365 3495 percipitur,
417 3404 446 3468 si
494 3404 641 3468 criticam
681 3414 782 3467 artem
831 3414 1032 3489 spectamus,
1076 3402 1230 3489 exiguum
1276 3409 1401 3462 tantum

172 3530 220 3581 est
253 3526 309 3579 aut
343 3510 484 3586 nullum,
520 3532 593 3577 curn
623 3534 662 3577 ex
692 3512 755 3577 bac
786 3523 890 3577 aetate
919 3530 1122 3595 permagnus
1150 3504 1247 3569 nobis
1269 3503 1401 3591 relictus

172 3626 212 3689 sit
257 3620 409 3687 codicum
454 3620 752 3705 manuscriptorum
795 3640 968 3692 numerus,
1015 3633 1120 3701 neque
1164 3610 1209 3675 illi
1250 3621 1400 3698 auctores

173 3727 410 3817 antiquioribus
439 3740 494 3791 aut
524 3724 816 3813 praestantioribus
852 3724 996 3788 fontibus
1035 3741 1134 3809 quam
1170 3716 1265 3782 nobis
1301 3710 1400 3778 hodie

172 3850 284 3925 patent
305 3836 360 3899 usi
383 3836 458 3900 sint.
503 3832 627 3900 Verum
656 3856 697 3897 ne
727 3832 874 3919 priorum
904 3829 1035 3919 quidem
1066 3821 1291 3897 saeculorum,
1316 3840 1400 3909 quae

172 3944 343 4029 hucusque
363 3924 596 4016 recensuimus,
619 3941 722 4005 critici
739 3938 862 4027 negotii
880 3931 1079 4000 adminicula
1093 3932 1174 3996 tanti
1191 3941 1266 3995 sunt
1289 3928 1401 4015 quanti

174 4052 255 4117 duae
281 4052 455 4137 epitomae,
479 4068 562 4135 quae
579 4048 721 4135 antiquis
738 4047 835 4111 etiam
852 4040 1051 4127 temporibus
1067 4060 1108 4103 ex
1122 4038 1259 4125 integris
1275 4032 1401 4125 Valerii

175 4156 412 4245 exemplaribus
436 4166 606 4241 excerptae
629 4176 688 4241 per
718 4164 764 4217 tot
791 4148 926 4216 saecula
956 4146 1103 4212 occultae
1133 4157 1228 4231 atquc
1258 4142 1400 4205 intactae

235 4391 261 4457 ¹)
281 4389 498 4441 circumitae
517 4389 551 4439 de
569 4388 614 4440 oli.
633 4388 660 4436 et
677 4385 736 4437 uirt.
754 4384 876 4449 imperat.
902 4381 944 4432 ed.
967 4378 1052 4431 Basil.
1080 4371 1155 4429 1581.
1179 4391 1207 4440 p.
1224 4368 1286 4427 388.
1310 4383 1400 4423 rerum

175 4462 406 4517 monetarum
419 4460 450 4519 11.
470 4476 496 4525 p,
512 4454 580 4519 12ος
598 4458 643 4516 ili,
656 4474 683 4523 p.
695 4452 756 4513 tat,
777 4456 846 4505 alibi.
884 4450 1001 4517 Saepius
1013 4450 1150 4500 Valerium
1161 4446 1281 4497 adhibuit
1292 4442 1399 4495 nomine

176 4550 222 4587 aon
246 4534 366 4586 iudicato
390 4530 506 4583 loannes
532 4527 763 4581 de‘ldonsterolio
783 4526 811 4589 ί)
832 4519 920 4587 1418).
957 4522 996 4573 ct
1022 4536 1064 4586 cp.
1088 4514 1132 4571 22.
1157 4534 1201 4583 ap.
1226 4510 1347 4566 Murteae
1373 4510 1401 4606 et

175 4605 279 4658 Dneud
300 4606 402 4668 scripit.
421 4604 485 4654 reta
505 4602 585 4667 ampl.
605 4600 663 4652 coll.
682 4600 714 4658 11.
733 4615 760 4664 p.
781 4590 857 4648 1359.

232 4676 261 4743 ι)
280 4676 391 4727 Excusat
409 4676 452 4725 est
471 4676 609 4741 Augustae
628 4671 754 4723 Vlndelic.
774 4668 809 4719 ab
829 4664 941 4716 autento
960 4661 1032 4731 Gorg
1050 4676 1119 4713 enno
1135 4648 1399 4710 Mccccuxxxm.

175 4748 285 4801 &dices
307 4749 367 4799 eius
386 4748 480 4797 extant
497 4745 524 4793 lu
542 4744 703 4794 bibliotheca
724 4740 848 4809 Angusta
866 4736 978 4787 Viudob.
1017 4733 1055 4784 cl.
1082 4733 1163 4782 etiam
1190 4724 1320 4782 krltiscbe
1343 4722 1400 4807 bel·

175 4824 247 4891 nge
265 4821 316 4871 der
335 4806 456 4869 deutacb.
475 4814 623 4884 geserisca.
640 4830 665 4865 2.
682 4812 774 4877 Leipz.
796 4808 875 4860 etuek
892 4802 919 4867 8,
937 4818 965 4870 p.
982 4800 1045 4855 410.
1166 4886 1188 4951 4
