3409 5400
482 510 565 583 iiss.
588 508 632 592 V,
656 512 693 581 0.
718 515 749 591 1.
772 520 801 593 t.
827 513 1118 592 11-1txtaa,
1255 549 1266 571 x
1350 520 1417 589 389

97 690 100 697 ’
180 675 333 752 militem,
356 676 457 743 nimio
479 674 603 763 frigore
627 674 900 763 obstupefactum,
923 676 995 762 ipae
1018 674 1150 743 sublimi
1179 686 1210 743 et
1231 682 1427 769 propinqua,

97 819 107 827 -
179 784 257 871 igni
280 782 360 849 sede
376 782 499 848 sedens
523 781 764 848 animaduertit.
810 782 977 870 Factaque
1000 804 1068 848 non
1090 784 1251 861 fortunae,
1274 788 1337 853 sed
1357 811 1415 856 ae-

97 898 105 937 '-
181 892 262 957 tatis
285 891 456 977 utriusque
480 890 708 955 aestimatione
740 888 920 964 descendit,
949 899 981 953 et
1006 890 1073 955 illis
1098 891 1263 967 manibus,
1296 894 1415 979 quibus

97 1022 99 1025 ·
182 1018 268 1083 opes
290 995 383 1061 Darii
407 995 586 1071 adflixerat,
610 1016 730 1081 corpus
753 996 878 1084 frigore
901 994 1102 1083 duplicatum
1124 1000 1158 1063 in
1182 1019 1278 1069 suam
1300 999 1417 1068 sedem

157 1102 352 1191 simposuit.
386 1101 424 1167 ld
448 1104 479 1169 ei
502 1101 645 1167 salutare
669 1103 822 1179 futurum,
847 1104 937 1191 quod
960 1102 1047 1189 apud
1064 1102 1188 1170 Persas
1211 1104 1332 1191 capital
1360 1127 1415 1171 ex-

96 1226 98 1261 2
183 1210 314 1284 titisset‚
338 1208 458 1275 solium
479 1210 611 1295 regium
633 1230 825 1299 occupasse.
860 1210 951 1293 Quid
974 1232 1054 1297 ergo
1070 1211 1191 1277 mirum
1214 1222 1275 1287 est,
1298 1213 1330 1277 si
1351 1212 1415 1277 sub

96 1332 106 1370 ι’.
182 1338 225 1381 eo
250 1315 333 1381 duce
357 1326 403 1381 tot
425 1316 520 1381 anuis
543 1314 683 1381 militare
706 1316 885 1381 iucundum
915 1316 1086 1393 ducebant,
1110 1318 1161 1383 cui
1184 1319 1331 1405 gregarii
1352 1319 1414 1383 mi·

95 1444 98 1479 t
179 1424 248 1488 litis
272 1422 479 1487 incolomitas
503 1424 635 1510 proprio
659 1423 793 1509 fastigio
817 1422 926 1488 carior
954 1420 1047 1487 erait
1091 1422 1184 1489 Idem
1211 1443 1279 1487 non
1306 1422 1413 1489 homi·

182 1550 263 1593 num
286 1528 353 1605 ulli,
376 1528 437 1595 sed
460 1540 595 1595 naturae
624 1530 837 1616 fortunaeque
865 1530 1001 1607 cedens,
1029 1550 1230 1618 quamquam
1257 1529 1415 1595 uiolentia

95 1658 101 1695 ·.
144 1635 291 1701 romorbi
315 1634 527 1711 dilabebatur,
551 1636 585 1701 in
608 1636 749 1703 cubitum
774 1647 885 1701 tamen
908 1648 1036 1703 erectus
1065 1637 1232 1702 dexteram
1259 1636 1412 1701 omnibus

95 1766 99 1803 ι
183 1743 242 1831 qui
262 1764 339 1808 eam
362 1744 552 1831 contingere
576 1742 696 1809 uellent
717 1743 870 1828 porrexit.
910 1742 993 1823 Quis
1022 1753 1132 1809 autem
1155 1742 1244 1809 illam
1267 1741 1414 1807 osculari

94 1872 99 1909 ε
182 1870 252 1915 non
275 1860 429 1926 curreret,
452 1870 540 1935 'quae
562 1850 712 1919 iamfato
734 1870 897 1936 oppressa
911 1851 1047 1917 maximi
1063 1851 1223 1917 exercitus
1239 1847 1411 1935 conplexui

182 1954 384 2021 humanitate
409 1976 508 2041 quam
531 1956 646 2041 spiritu
668 1956 830 2021 uiuidiore
853 1956 1011 2030 suffecit?

273 2062 348 2128 Non
372 2073 439 2127 tam
461 2061 588 2125 robusti
610 2063 742 2148 generis
755 2061 967 2141 humanitas,
988 2065 1051 2131 sed
1074 2074 1106 2129 et
1127 2066 1203 2149 ipsa
1217 2072 1327 2128 tamen
1341 2059 1452 2129 me·2.
1512 2126 1516 2136 ,

144 2170 291 2237 remoria
316 2168 550 2255 prosequenda
577 2167 739 2234 Pisistrati
773 2170 1024 2236 Atheniensium
1058 2172 1187 2256 tyranni
1215 2170 1409 2252 narrabitur.

184 2274 260 2357 Qui,
284 2298 358 2339 cum
383 2272 579 2339 adulescens
604 2274 738 2361 quidam
761 2296 873 2341 amore
897 2276 982 2341 tiliae
1005 2278 1077 2339 eius
1093 2275 1231 2360 uirginis
1247 2296 1409 2340 accensus

183 2384 218 2447 in
241 2380 371 2468 publico
400 2378 533 2445 obuiam
562 2378 625 2446 sibi
652 2380 774 2447 factam
803 2382 970 2447 osculatus
1001 2392 1100 2455 osset¹
1129 2378 1280 2443 hortante
1307 2400 1410 2444 uxore

181 2500 218 2553 ut
241 2488 283 2553 ab
307 2508 347 2551 eo
371 2484 510 2573 capitale
533 2486 730 2581 supplicium
753 2499 906 2563 sumeret,
928 2487 1098 2576 respondit
1120 2486 1170 2550 ‘Si
1192 2488 1324 2572 eosqui
1346 2506 1410 2551 noe
1493 2522 1497 2531 ·

184 2604 296 2661 amant
325 2592 568 2679 interficiemus,
603 2592 683 2678 quid
711 2590 763 2656 his
793 2594 971 2670 faciemus,
1006 2594 1123 2680 quibus
1154 2592 1231 2659 odio
1258 2588 1409 2659 eumus't

690 2773 903 2794 ...ιιι-ὼ.

186 2897 210 2948 1.
228 2895 336 2948 militem
350 2897 525 2946 Macedonem
545 2890 623 2948 Torr.
639 2893 653 2960 ΙΙ
671 2895 724 2959 ipsi
741 2891 773 2948 F.
794 2892 846 2962 112.
865 2895 934 2964 igni]
953 2896 993 2948 un
1011 2893 1040 2949 0.
1057 2895 1072 2963 ΙΙ
1089 2895 1166 2962 sede]
1180 2899 1249 2950 asie
1265 2897 1324 2962 igni
1340 2891 1407 2950 EF.

183 2969 276 3020 sedem
294 2964 327 3019 A.
345 2966 358 3034 Η
375 2969 512 3032 utriusque
531 2967 629 3020 aetatis
647 2959 747 3032 11114.
766 2965 909 3018 effluxerat
926 2963 979 3032 0.ΙΙ
991 2968 1177 3032 complicatum
1196 2964 1233 3020 D.
1257 2963 1300 3032 Cs-
1314 2965 1406 3034 praed

181 3056 209 3108 ρ.
227 3033 332 3107 1111115.
351 3039 441 3103 posuit
457 3033 491 3088 ii.
507 3032 519 3106 ΙΙ
533 3035 660 3101 futurum]
680 3037 798 3089 taciturus
817 3035 848 3092 Γ.
868 3033 931 3090 aad.
954 3041 1048 3090 dicens
1065 3052 1135 3090 corr.
1154 3034 1198 3095 D.
1221 3051 1320 3103 maryp.
1339 3035 1362 3087 A
1381 3041 1408 3088 et

183 3109 218 3167 Ε.
240 3107 316 3160 Tarr.
328 3107 343 3174 11
353 3109 468 3173 ospitale
485 3103 604 3160 DEFP
611 3104 688 3158 Torr.
702 3104 713 3176 ΙΙ
728 3105 753 3160 u.
772 3108 850 3178 ergo]
869 3110 952 3178 igitur
967 3107 1005 3160 D.
1019 3109 1031 3175 ΙΙ
1046 3108 1072 3160 7.
1093 3109 1235 3160 iocundum
1255 3103 1405 3159 CDEFl'.

197 3179 434 3248 118.1ηοοιυωί,1ιε
453 3191 522 3230 carr.
541 3175 563 3228 A
583 3192 640 3230 cam
653 3177 768 3248 sebaste
784 3186 810 3231 et
829 3179 909 3232 Torr.
918 3179 932 3249 ΙΙ
947 3179 1094 3244 bominum]
1113 3179 1230 3230 omnium
1248 3172 1276 3227 C.
1293 3175 1307 3243 ΙΙ
1324 3175 1350 3228 u.
1368 3177 1407 3226 ilii

183 3249 213 3303 D
231 3253 256 3300 et
268 3263 315 3316 pr.
333 3245 562 3314 aurosumque
583 3245 612 3301 C·
633 3244 644 3318 ΙΙ
667 3246 708 3302 iu.
725 3252 867 3302 labebatur
886 3249 916 3302 Ο.
934 3252 1096 3302 dilaberetur
1111 3246 1142 3300 F.
1157 3249 1171 3315 ΙΙ
1187 3249 1309 3298 dextram
1328 3243 1411 3311 Torr.

195 3320 208 3390 ΙΙ
221 3317 262 3372 it.
281 3319 383 3384 autem}
402 3319 471 3370 enim
489 3315 525 3371 E.
536 3317 550 3386 ΙΙ
563 3314 605 3370 1³.
624 3335 703 3382 quam
722 3335 771 3372 osa.
789 3317 821 3372 F.
833 3320 847 3388 ΙΙ
858 3323 988 3373 inuidiore
999 3317 1064 3374 DF.
1106 3319 1205 3368 sufficit
1224 3314 1252 3367 0.
1265 3313 1279 3381 ΙΙ
1292 3311 1333 3365 ii.
1346 3315 1408 3364 Non

185 3396 238 3442 tam
256 3415 292 3428 -
310 3385 379 3454 (16.)
404 3386 463 3453 Qui]
484 3389 642 3440 Pisistratus
667 3391 862 3442 atheniensium
880 3394 1012 3455 tyrannus
1031 3387 1062 3441 Γ.
1112 3385 1154 3440 ii.
1172 3387 1310 3442 exorante
1328 3381 1364 3436 Ε.
1378 3379 1392 3453 ΙΙ

188 3459 228 3516 lit.
246 3460 418 3514 interficimus
436 3454 635 3512 narrum.
656 3457 697 3526 Cs.
716 3455 810 3513 Mada.
826 3475 937 3526 orsum.
956 3461 983 3523 s.
1000 3453 1063 3511 tiu.
1080 3462 1134 3509 aot.
1153 3455 1177 3510 1.

254 3741 289 3797 iu
305 3740 331 3796 es‘
346 3739 463 3796 salsiore
473 3739 611 3807 saturum.
636 3737 715 3809 quod)
738 3739 812 3790 Satis
834 3740 983 3790 insolenter
1000 3741 1112 3791 uerbum
1129 3739 1181 3790 hoc
1196 3739 1258 3790 ioco
1276 3740 1407 3791 omissum

187 3819 241 3874 est.
261 3833 276 3867 e
299 3833 351 3882 quo
375 3815 492 3880 pendeat
514 3814 686 3864 accusatione
710 3811 755 3864 iile
779 3827 838 3862 oum
862 3811 1000 3862 minitiuo.
1044 3809 1221 3877 Subiateiiegi
1244 3811 1355 3873 saepias
1379 3811 1407 3860 in

187 3887 313 3946 oratione,
332 3901 412 3952 quam
425 3885 560 3950 obliquam
571 3885 675 3937 uocant.
694 3883 798 3934 dicendi
816 3884 861 3932 uei
877 3882 989 3946 putandi
1006 3883 1149 3939 notionem,
1168 3881 1193 3930 si
1205 3881 1311 3930 basciu
1327 3895 1406 3944 prae·

187 3960 289 4010 cedenti
312 3958 401 4022 aliquo
424 3958 507 4006 uerbo
529 3957 575 4004 aut
599 3955 729 4006 locutione
749 3955 846 4010 tatoat.
878 3954 1009 4002 omnibus·
1026 3954 1117 4002 notum
1140 3953 1190 4002 est.
1232 3951 1271 4002 ct.
1300 3953 1406 4015 Zumpt.

186 4045 297 4099 gramm.
316 4029 342 4092 s.
361 4024 423 4080 ouo.
460 4027 553 4088 inquo
572 4028 659 4076 minus
679 4025 745 4074 baec
769 4024 960 4080 offendissent.
985 4024 1010 4072 si
1032 4021 1231 4086 praemisisset·
1241 4035 1337 4088 corpus
1349 4018 1407 4087 srs‘·

185 4115 247 4167 pore
265 4095 425 4167 duplicatum
444 4095 471 4154 s'a
488 4111 562 4147 mam
580 4093 666 4148 aedera
683 4091 782 4162 trapoas'
799 4092 885 4147 iussit.
922 4094 1008 4144 liuius
1024 4093 1184 4148 insolentiae
1207 4107 1295 4156 pauca
1316 4094 1407 4142 admo·

188 4173 248 4222 dum
270 4171 395 4233 exempta
419 4170 490 4219 suni.
527 4165 652 4218 Similiter
675 4167 764 4216 lamen
784 4166 876 4215 Liuius
895 4161 1008 4222 xiiiiii.
1026 4158 1076 4220 36.
1098 4158 1131 4214 ii
1148 4164 1176 4214 in
1192 4164 1345 4214 narratione
1364 4176 1407 4211 ce·

189 4243 275 4293 loriter
298 4241 454 4289 decurrente
478 4239 545 4288 satis
570 4239 635 4289 dure
659 4238 684 4286 in
710 4237 845 4297 obliquam
870 4236 1018 4286 orationem
1049 4235 1167 4291 transiit,
1196 4249 1256 4282 cum
1279 4231 1409 4282 scriberet

188 4307 314 4373 Conticuit
332 4305 500 4366 adulescens:
523 4305 595 4360 baud
617 4305 695 4359 dubie
719 4303 812 4356 sidere
834 4303 925 4373 atiquo
947 4301 1124 4372 inpedimento
1142 4318 1249 4371 pupaae
1271 4297 1408 4358 cosulem,

188 4397 250 4451 qaae
267 4377 320 4430 sibs'
337 4394 389 4429 aas
407 4376 575 4446 adpeterent.
612 4384 701 4440 Quare
725 4391 777 4428 non
796 4379 895 4427 licebat
919 4379 1012 4427 contra
1034 4376 1151 4426 omnium
1171 4376 1297 4424 librorum
1315 4384 1408 4421 manu·

189 4454 342 4516 scriptorum
362 4451 441 4500 iidem
465 4451 571 4500 retineri
589 4450 653 4499 iilud
673 4445 771 4500 diceas.
791 4449 863 4509 quod
879 4448 942 4498 inde
960 4463 978 4497 a
995 4444 1159 4511 Gryphianis
1178 4443 1258 4498 curis.
1276 4441 1303 4490 ni
1321 4440 1409 4498 iatior,

189 4523 354 4574 inserebatur
366 4521 449 4641 uglgo
461 4519 661 4587 postfuturum.
698 4519 767 4569 Nam
780 4519 861 4570 antea
872 4534 921 4582 pro
934 4531 967 4568 eo
979 4519 1006 4568 in
1017 4517 1154 4581 plerisque
1166 4511 1266 4564 Valerii
1278 4509 1411 4574 exemptis

190 4595 262 4644 uideo
281 4592 367 4642 tuisse
403 4605 491 4642 uaeas.

254 4659 281 4714 2.
297 4663 459 4712 Plutarchus
469 4663 610 4727 (apophth.
620 4661 724 4712 Pisisir.
734 4653 763 4722 31
776 4659 978 4725 Thrasybulum
989 4659 1060 4708 bunc
1073 4652 1272 4705 adulescentem
1284 4652 1413 4716 appellat.

189 4735 224 4786 Gi.
242 4733 318 4785 Diod.
337 4731 391 4784 Sic.
410 4747 469 4788 exc.
491 4733 550 4786 Vah
569 4747 595 4785 n.
614 4725 649 4788 33
668 4745 711 4798 ap.
731 4731 767 4784 Α.
780 4731 845 4784 idat.
865 4729 977 4788 coibit,
995 4717 1412 4795 p.28.ap.bioa.111.p.³u.
