3409 5400
612 1338 837 1456 libitu
864 1337 1083 1457 llAXlltl

340 1552 605 1631 ricronvu
629 1554 693 1630 nr
719 1554 965 1631 moronus
991 1552 1367 1631 ammonianum

606 1732 813 1833 LIBER
846 1731 1112 1833 PRIMVS.

774 1926 935 1941 m

237 2040 357 2141 Vrbis
399 2071 526 2136 Romae
565 2078 812 2159 exterarumque
855 2074 1000 2161 gentimn
1040 2076 1128 2140 sacta
1166 2072 1264 2138 simul
1303 2096 1341 2139 ac
1382 2074 1468 2141 dicta

215 2190 427 2245 ememoratu
450 2178 567 2265 digna,
595 2200 680 2266 quae
709 2179 798 2264 apud
826 2178 909 2244 alios
932 2180 1028 2246 latius
1053 2180 1175 2245 diffusa
1203 2190 1279 2245 sunt
1308 2203 1406 2270 quam
1433 2192 1469 2260 ut

239 2286 386 2351 breuiter
410 2287 570 2373 cognosci
582 2287 721 2371 possint,
745 2286 785 2350 ab
797 2286 977 2351 illustribus
996 2288 1098 2352 electa
1114 2288 1300 2352 auctoribus
1318 2288 1468 2376 digerere

240 2396 415 2469 constitui,
443 2404 480 2457 ut
502 2391 699 2457 documenta
722 2413 855 2457 sumere
884 2392 1069 2457 uolentibus
1097 2394 1218 2480 longae
1245 2394 1467 2480 inquisitionis

238 2500 337 2565 labor·
349 2499 445 2565 absit.
491 2498 562 2563 Nec
578 2498 660 2565 mihi
676 2509 794 2563 cuncta
811 2499 1038 2586 conplectendi
1055 2499 1173 2587 cupido
1192 2501 1337 2564 incessit.
1384 2500 1468 2582 Quis

240 2608 332 2673 enim
356 2608 463 2671 omnis
488 2608 563 2671 aeui
590 2619 686 2694 gesta
706 2606 838 2672 modico
867 2606 1071 2673 uoluminum
1099 2628 1236 2671 numero
1265 2607 1468 2693 conprehen-

202 2736 232 2782 to
242 2715 338 2791 derit,
362 2724 419 2779 aut
441 2717 515 2802 quis
531 2737 668 2802 compos
684 2716 802 2780 mentis
815 2713 1014 2779 domesticae
1036 2718 1296 2804 peregrinaeque
1312 2711 1468 2782 historiae

242 2823 376 2898 seriem,
399 2821 486 2886 felici
510 2824 717 2908 superiorum
740 2820 814 2886 stilo
839 2821 1019 2898 conditam,
1046 2822 1099 2889 uel
1123 2825 1291 2888 attentiore
1315 2829 1394 2888 cura
1415 2824 1470 2889 uel

240 2930 482 3017 praestantiore
505 2929 661 2996 facundia
682 2929 873 2994 traditurum
903 2949 940 2994 se
964 2928 1168 3016 sperauerit>
1204 2930 1248 2997 Te
1272 2931 1370 3020 Igitur
1392 2930 1469 2996 huic

214 3125 269 3181 ‘l-
288 3127 421 3178 VALERI
439 3127 551 3192 (Valerii
567 3123 638 3191 BC.)
662 3124 795 3178 Maximi
818 3125 1009 3179 FACTORVM
1034 3127 1079 3177 ET
1103 3127 1283 3178 bicTOvai
1306 3128 1470 3183 MEMORA-

241 3200 370 3250 BILIVM
386 3198 453 3249 LIB.
472 3198 601 3249 PRIMVS
619 3199 755 3250 INCIPIT.
785 3195 872 3250 ABG.
909 3201 1010 3251 Valerii
1033 3201 1142 3249 maxlrnl
1164 3200 1256 3264 inctpit
1278 3199 1320 3250 lib.
1346 3200 1410 3251 lde
1429 3215 1470 3252 re·

242 3272 347 3338 ligione
365 3271 424 3320 siue
443 3271 514 3321 cuttu
533 3273 643 3320 deomm
660 3267 695 3321 E.
731 3267 931 3337 Inscriptiosem
955 3286 1003 3326 om.
1022 3268 1086 3322 ΒΓ.
1123 3271 1264 3321 Factorum
1290 3272 1470 3338 dictorumque

242 3343 307 3392 iibri
323 3356 422 3392 nonem
440 3344 476 3391 ad
493 3341 629 3392 Tssrerium
647 3343 794 3394 Caesarem
811 3343 961 3410 Augustum
983 3339 1059 3394 Torr.
1080 3337 1120 3407 Cf.
1132 3340 1163 3394 A.
1182 3339 1247 3394 Geli
1266 3348 1333 3394 noct.
1352 3340 1383 3394 A.
1402 3341 1475 3398 ΧΠ,

244 3408 615 3482 ⁷.115.r11021·.uomuxa
632 3409 664 3464 E.
680 3411 742 3534 plut
760 3429 839 3478 quam
860 3411 917 3483 lit
945 3409 969 3464 o.
993 3412 1126 3480 digerere]
1155 3414 1207 3464 deli
1229 3427 1274 3464 erc
1297 3409 1475 3466 ABCDEI'

244 3481 327 3535 Torr.
341 3481 354 3551 ΙΙ
368 3480 393 3534 9.
402 3485 459 3533 tam
469 3485 572 3534 modico
585 3482 621 3535 D.
635 3479 676 3552 ΙΙΙ
698 3485 779 3551 .aut]
791 3500 823 3533 ac
835 3482 872 3536 D.
887 3482 899 3553 Η
934 3481 1116 3535 l.felieitcr1’.
1135 3497 1183 3535 om.
1229 3481 1262 3554 ,ΙΙ
1278 3481 1471 3548 superioriAB

243 3552 340 3608 CDF.
354 3551 367 3625 ΙΙ
382 3555 526 3622 conditam]
542 3555 667 3606 traditam
682 3553 719 3608 D.
733 3551 746 3623 ΙΙ
761 3557 806 3605 aut
830 3557 969 3607 attentiore
992 3553 1029 3607 D.
1050 3551 1062 3624 ΙΙ
1079 3550 1120 3606 12.
1139 3556 1332 3620 praestanciori
1349 3548 1470 3607 Aaou.

316 3736 377 3786 Lib.
395 3737 417 3786 Ι.
452 3732 492 3787 Ab
509 3731 657 3786 munitos
673 3762 709 3772 -
727 3731 858 3800 diperere)
896 3735 997 3784 Omnes
1015 3733 1122 3783 omnino
1141 3733 1200 3782 libri
1220 3748 1270 3796 pro
1289 3729 1408 3797 dipsrere
1426 3747 1471 3783 ex·
1525 3785 1528 3791 ,

243 3809 341 3860 hibent
359 3803 474 3874 delipere
491 3807 694 3857 foedissimam
713 3806 888 3873 designandis
902 3805 1017 3854 diuersis
1035 3806 1117 3854 rebus
1142 3805 1262 3854 eiusdem
1282 3806 1338 3854 tero
1356 3805 1471 3855 notionis
1528 3845 1531 3850 .

243 3881 437 3949 geminatione.
473 3879 557 3929 Falso
575 3880 646 3928 cuim
662 3878 870 3941 interpretantur
893 3877 937 3941 qni
961 3890 1021 3925 cum
1040 3876 1182 3926 Gebhardo
1207 3877 1337 3940 Crepund.
1362 3876 1411 3935 111.
1436 3871 1471 3934 3.,

245 3956 276 4000 nt
297 3965 386 4015 nuper
409 3951 554 4017 Gatrnberg
585 3950 684 4015 (nouae
708 3950 769 3999 edit.
794 3948 854 3998 Vol.
880 3948 951 3998 Mars.
983 3947 1093 4010 specim.
1118 3947 1145 3997 ln
1175 3963 1337 4014 programm.
1362 3949 1472 3998 loannsi

245 4023 398 4089 Hamburg.
419 4018 516 4086 1844),
534 4023 573 4071 itu
591 4023 725 4078 eumont,
746 4022 883 4085 tamquam
903 4034 972 4085 quae
990 4019 1157 4082 superiorum
1181 4021 1330 4083 temporum
1353 4020 1471 4071 illustres

246 4096 395 4159 scriptores
414 4093 553 4165 elegerint,
572 4107 607 4142 cn
629 4093 688 4143 Val.
714 4092 853 4158 collegerit
876 4092 956 4156 atque
980 4092 1052 4141 certo
1077 4091 1168 4141 ordine
1192 4091 1384 4154 composuerit;
1410 4108 1473 4142 narn

246 4169 292 4232 qni
309 4166 452 4216 historiam
470 4166 652 4220 condiderunt.
671 4166 698 4213 et
715 4163 744 4212 bi
760 4164 878 4212 maxime
896 4162 1098 4230 intelleguntur,
1124 4163 1280 4226 simpliciter
1296 4163 1323 4212 in
1341 4163 1392 4212 hoe
1412 4177 1471 4212 sen·

244 4239 390 4288 tentius-um
408 4251 479 4286 nexu
498 4236 618 4303 elegisse
635 4235 709 4284 taeta
726 4235 753 4284 et
770 4234 843 4284 dicta
861 4235 911 4283 dici
929 4235 1069 4300 nequeunt.
1116 4235 1240 4284 Valerius
1266 4249 1335 4298 quoe
1359 4236 1418 4298 ipsc
1439 4249 1473 4284 cx

245 4309 308 4359 aliis
339 4308 513 4371 scriptoribus
539 4311 591 4372 (ab
615 4307 763 4357 illustribus
794 4305 966 4369 auctoribus)
1004 4305 1125 4372 elegerat
1159 4307 1186 4355 in
1217 4309 1317 4355 certum
1354 4307 1473 4356 ordinem
1497 4321 1499 4328 ·

244 4382 274 4431 et
297 4381 326 4429 iu
349 4393 454 4446 genera
476 4381 611 4444 quaedam
634 4379 780 4441 disposuit.
812 4379 841 4426 nt
865 4377 990 4440 exernpla
1019 4379 1167 4426 orationum
1192 4379 1219 4426 et
1250 4377 1471 4426 declamationum

245 4451 416 4519 argumentis
433 4451 596 4518 subiungere
621 4450 787 4512 cupientibus
811 4449 910 4516 longae
933 4449 1109 4514 inquisitionis
1134 4449 1211 4498 labor
1235 4449 1355 4497 abesset.
1397 4445 1471 4504 Quod

244 4523 389 4586 scriptoris
406 4523 544 4588 negotium
561 4536 615 4571 nou
627 4535 677 4584 per
688 4521 823 4588 deligendi
841 4522 890 4570 sed
903 4534 952 4584 per
967 4521 1104 4588 digerendi
1123 4521 1234 4569 uerbum
1247 4518 1358 4581 exprImi
1370 4516 1473 4578 pridem

244 4597 302 4644 ism
326 4593 417 4642 docuit
439 4593 576 4643 Meorstus
600 4592 738 4656 (Mantiss.
761 4587 804 4641 25.
829 4607 855 4654 p.
886 4585 969 4652 tw),
994 4591 1118 4655 probauit
1135 4590 1298 4644 Perizontus.
1324 4602 1377 4636 non
1400 4585 1472 4636 male

245 4677 412 4729 comparans
432 4665 485 4714 Cic.
503 4665 516 4714 Ι
533 4665 567 4714 de
585 4664 673 4714 inucn.
693 4657 736 4720 30,
755 4659 799 4713 49.
836 4663 1036 4712 Coniunctuntur
1053 4664 1122 4711 haee
1146 4659 1280 4711 uocabula
1302 4659 1355 4706 iam
1379 4657 1407 4706 in
1426 4671 1472 4708 on·

244 4737 400 4801 tiquissimo
418 4735 597 4799 palimpsesto
616 4735 752 4784 Ciceronis
769 4734 794 4783 11
812 4735 846 4784 de
864 4747 920 4797 rep.
942 4729 983 4792 12,
1002 4729 1044 4784 24.
1064 4750 1089 4797 p.
1108 4727 1161 4783 283
1179 4731 1244 4780 Mai.

310 4803 396 4872 selis-i
413 4804 579 4873 superiorum
596 4803 667 4867 stilo)
694 4805 798 4856 Vitiosa
816 4805 958 4871 archetypi
975 4803 1074 4856 codicis
1093 4804 1227 4867 scriptura
1242 4796 1325 4866 salici
1341 4798 1475 4868 mperiort
