3409 5400
552 530 635 599 LIB.
658 530 729 611 ΠΗ,
754 533 791 598 G.
814 534 846 609 8.
870 540 900 610 6.
924 534 1045 602 2-5.
1352 540 1419 607 ata

189 716 263 761 rore
290 696 336 759 ita
366 696 575 761 consternata
603 715 639 759 re
671 693 802 780 publica
840 705 874 759 ut
902 715 944 759 ne
979 718 999 761 a
1033 695 1249 782 locupletibus
1284 698 1417 784 quidem

191 801 318 869 debitae
341 803 513 886 pecuniae,
537 812 670 887 propter
693 800 862 866 tumultum
892 803 1004 887 pretiis
1033 804 1286 887 possessionum
1314 803 1416 869 demi·

191 910 287 984 nutis,
311 907 397 975 solui
420 908 635 975 creditoribus
658 918 805 994 possent,
829 910 1052 1000 cumcenties
1075 921 1174 996 atque
1197 910 1417 997 quinquagies

192 1015 334 1081 sestertii
357 1036 520 1079 summam
542 1017 577 1081 in
599 1017 713 1081 fenore
735 1014 882 1090 haberet,
910 1037 1018 1102 neque
1041 1016 1082 1079 de
1106 1027 1194 1080 sorte
1219 1036 1418 1103 quemquam

167 1123 373 1199 edebitorum
397 1144 530 1187 suorum
554 1144 660 1209 neque
685 1122 725 1186 dc
748 1145 849 1188 usura
879 1123 1039 1209 appellari
1066 1148 1087 1189 a
1107 1125 1180 1189 suis
1203 1144 1327 1209 passus
1356 1134 1417 1197 est,

191 1240 411 1317 quantumque
434 1230 468 1293 in
492 1230 565 1314 ipso
588 1230 657 1303 soit,
682 1230 934 1293 amaritudinem
956 1229 1106 1315 publicae
1128 1230 1333 1295 confusionis
1349 1230 1416 1315 pri·

192 1348 268 1403 uata
303 1336 533 1422 tranquillitate
561 1336 738 1423 mitigatur,
771 1348 952 1421 opportune
982 1337 1182 1423 mirificeque
1211 1347 1350 1401 testatus
1378 1358 1415 1401 se

192 1464 397 1509 nummorum
413 1464 559 1517 suorum,
583 1464 649 1507 non
665 1442 770 1507 ciuilis
787 1444 960 1528 sanguinis
977 1465 1053 1507 esse
1067 1444 1294 1507 feneratorem.
1328 1441 1416 1508 Nam
1444 1478 1448 1487 ·

191 1555 248 1641 qui
269 1574 354 1619 nuuc
377 1550 553 1635 praecipue
577 1551 798 1636 negotiatione
822 1549 1032 1623 delectantur,
1061 1570 1136 1614 cum
1158 1548 1334 1635 pecuniam
1357 1548 1416 1612 do·

154 1682 281 1730 romum
315 1668 483 1723 cruentam
517 1656 708 1731 retulerunt,
744 1678 841 1743 quam
875 1656 1082 1741 inprobando
1116 1655 1239 1743 gaudio
1274 1654 1417 1719 exultent

190 1775 402 1856 cognoscent,
426 1764 456 1828 si
479 1763 652 1849 diligenter
676 1774 810 1829 senatus
834 1761 1030 1835 consultum,
1059 1784 1125 1848 quo
1157 1762 1315 1827 Considio
1339 1774 1415 1849 grtt·

189 1878 253 1940 tiae
277 1884 369 1939 actae
392 1882 477 1946 sunt,
500 1870 613 1958 legere
636 1893 702 1935 non
725 1871 931 1935 fastidierint.

281 1979 380 2060 Queri
404 1999 532 2043 mecum
556 1980 623 2043 iarn
648 1977 770 2041 dudum
794 1976 934 2063 populus
957 1976 1130 2039 Romanus
1154 1974 1290 2049 uidetur,
1315 1972 1455 2060 quod‚4,

190 2110 265 2153 cum
289 2084 491 2173 singulorum
516 2086 771 2149 munificentiam
803 2092 983 2156 consecter.
1012 2081 1053 2145 de
1082 2103 1146 2146 sua
1175 2092 1314 2145 taceam.
1360 2078 1415 2143 Ad

151 2216 353 2263 usummam
382 2193 469 2255 enlm
500 2192 570 2254 eius
600 2189 732 2255 laudem
764 2191 902 2277 pertinet
930 2209 1027 2273 quem
1056 2189 1201 2252 animum
1224 2184 1359 2271 regibus
1383 2194 1416 2246 et

187 2302 323 2368 urbibus
347 2308 379 2361 et
401 2296 554 2384 gentibus
578 2298 773 2381 praestiterit
793 2295 1001 2381 recognosci,
1026 2292 1115 2379 quod
1137 2312 1235 2356 omne
1254 2287 1415 2375 praeclari

187 2407 266 2474 facti
289 2406 390 2469 decus
414 2400 531 2467 crebra
557 2404 717 2467 memoria
743 2404 837 2467 inse
866 2402 940 2488 ipso
962 2399 1143 2465 reuirescit.
1195 2395 1313 2461 Asiam
1328 2390 1413 2458 bello

188 2522 321 2597 captam
349 2510 458 2575 Attalo
486 2510 558 2595 regi
586 2510 732 2573 muueris
759 2508 832 2575 loco
863 2505 1101 2593 possidendam
1129 2501 1270 2583 tradidit.
1294 2522 1335 2564 eo
1359 2518 1413 2563 ex-

189 2622 309 2689 celsius
345 2630 375 2682 et
410 2616 594 2704 speciosius
631 2616 702 2678 urbi
728 2625 860 2678 nostrae
890 2615 1033 2677 futurum
1066 2610 1240 2695 imperium
1263 2604 1413 2679 credens,

149 2731 219 2800 acsi
250 2727 445 2792 ditissimam
480 2733 579 2808 atque
614 2722 885 2786 amoenissimam
914 2731 1039 2804 partem
1074 2729 1232 2780 terrarum
1260 2712 1350 2777 orbis
1378 2711 1413 2774 iu

189 2835 348 2900 beneficio
373 2850 472 2919 quam
494 2830 529 2892 in
551 2829 657 2893 fructu
681 2831 741 2892 s'uo
765 2845 925 2922 reponere
949 2826 1128 2889 maluisset.
1173 2819 1253 2905 Ipsa
1274 2817 1414 2884 uictoria

190 2943 312 3007 donum
334 2938 472 3012 feticius.
496 2936 572 3022 quia
593 2935 728 3000 multum
752 2955 935 3020 occupasse
963 2931 1121 3024 inuidiam
1149 2923 1271 2989 habere
1299 2922 1412 3010 potuit.

190 3059 312 3114 tantum
337 3046 488 3110 tribuisse
512 3043 619 3132 glorie
641 3063 753 3108 carere
776 3063 844 3105 non
866 3041 980 3128 potuit.

277 3151 366 3216 lllius
390 3173 469 3214 uero
492 3149 665 3216 Romanae
692 3148 894 3214 liberalitatis
922 3143 1097 3209 caelestem
1125 3138 1275 3221 spiritum
1302 3133 1453 3204 nullaeb,

151 3263 314 3330 relitteres
339 3259 419 3320 satis
443 3257 554 3342 dignis
577 3255 728 3320 laudibus
752 3262 998 3340 prosequentur.
1043 3241 1196 3328 Philippo
1225 3241 1311 3304 enim
1338 3237 1411 3302 Ma-

192 3365 350 3432 cedoniae
378 3381 457 3448 rege
486 3373 654 3446 superato,
688 3382 762 3424 cum
799 3359 841 3422 ad
871 3353 1062 3417 Isthmicum
1095 3344 1319 3432 spectaculum
1345 3349 1413 3404 tota

191 3498 217 3563 2.
237 3506 372 3558 diminutis
390 3499 451 3556 DF
456 3499 532 3554 Torr.
544 3499 557 3568 11
569 3497 594 3552 ·l.
616 3501 736 3552 sestercii
754 3497 785 3550 A.
804 3494 928 3546 sextercil
946 3487 1009 3542 EF.
1028 3487 1040 3554 11
1060 3490 1170 3538 faenore
1188 3483 1281 3536 Al’ur.
1311 3479 1353 3547 Cf.
1371 3477 1410 3535 ll.

192 3577 218 3640 li.
241 3577 280 3632 ll.
309 3573 384 3630 Vlll.
402 3572 428 3633 2.
447 3572 473 3626 2.
490 3569 504 3640 11
522 3587 681 3638 quemquam
704 3569 731 3620 C.
752 3562 807 3632 115.
827 3581 845 3612 a
871 3564 930 3612 suis
954 3559 1086 3624 appellari
1111 3555 1188 3621 Torr.
1205 3555 1219 3620 11
1236 3551 1261 3604 l.
1286 3550 1330 3616 se]
1348 3556 1414 3617 port

193 3651 336 3720 sanguinis
357 3644 433 3700 Torr.
445 3640 495 3712 118.
515 3645 708 3694 faeneratorem
727 3635 759 3688 A.
774 3634 785 3702 11
806 3631 886 3696 Nem]
907 3632 963 3681 lam
984 3627 1061 3679 Torr.
1078 3622 1134 3694 119.
1151 3622 1326 3694 negotiationi
1342 3618 1375 3673 Δ.
1386 3619 1401 3686 11

193 3725 330 3774 cruentam
350 3721 456 3770 domum
476 3713 551 3766 Torr.
568 3711 580 3780 11
597 3709 635 3764 10.
655 3707 791 3758 retulerint
811 3702 888 3754 Torr.
900 3700 914 3767 ΙΙ
925 3701 1016 3768 gladio
1029 3711 1075 3766 pr.
1087 3695 1119 3750 A.
1131 3695 1145 3762 ΙΙ
1157 3694 1199 3747 ll.
1217 3692 1414 3762 recognoscent

196 3793 272 3846 Torr.
286 3790 299 3862 11
314 3790 424 3842 consilio
446 3783 502 3838 OF.
523 3783 535 3852 11
557 3781 595 3833 ld.
616 3777 695 3841 Queri
713 3803 747 3814 —
766 3774 833 3840 (17.)
859 3771 998 3823 reuiresclt
1015 3783 1064 3820 om.
1083 3765 1114 3820 Γ.
1131 3765 1144 3833 11
1160 3767 1215 3815 ism
1233 3763 1342 3830 dudum]
1362 3775 1410 3813 oua

190 3879 234 3932 pr.
254 3861 290 3915 D.
309 3867 362 3912 tarn
382 3873 452 3911 corr.
469 3855 505 3908 D.
517 3857 531 3921 11
545 3851 585 3904 ll.
605 3848 772 3898 consectetur
785 3860 831 3914 pr.
852 3841 906 3909 0.11
927 3838 968 3894 tt.
992 3841 1019 3890 et
1036 3840 1161 3908 gentibus
1183 3849 1233 3886 ort.
1251 3831 1285 3884 E.
1302 3830 1315 3898 11
1328 3847 1411 3896 prae·

194 3935 260 3985 stitit
279 3929 367 3986 CDF.
379 3931 393 3999 11
405 3926 530 3994 cognosci
548 3935 618 3973 corr.
636 3917 674 3970 D.
688 3915 701 3987 11
715 3917 795 3985 quod]
815 3916 879 3978 quia
896 3912 925 3963 ia
943 3924 1039 3963 rasura
1057 3906 1093 3967 D.
1109 3902 1412 3971 Torr.1117.reuitescit

193 4002 254 4071 19111
272 4001 314 4056 18.
334 4001 403 4064 loco]
426 3993 488 4047 odd.
512 3995 573 4058 ple.
597 4007 618 4042 r.
642 3989 672 4054 (i.
691 4005 712 4042 e.
736 3989 851 4054 populus
876 3983 1023 4045 Romanus)
1046 3978 1077 4032 Γ.
1093 3977 1107 4047 11
1123 3973 1326 4042 possidendam}
1353 3977 1413 4023 ante

195 4076 312 4127 merueris
330 4063 443 4136 111119.
462 4068 536 4116 urbis
554 4061 598 4124 (Γ)
605 4059 682 4113 Torr.
698 4059 713 4127 11
729 4061 841 4110 credens
860 4056 975 4106 littorum
993 4053 1133 4118 imperium
1151 4047 1181 4099 F.
1197 4042 1269 4116 1120.
1293 4061 1325 4094 sc
1343 4041 1375 4095 F.
1387 4041 1401 4110 11

193 4145 237 4200 st.
256 4143 412 4196 metuissent
431 4132 543 4203 Γ.1122.
562 4134 635 4200 quis]
655 4135 728 4196 qiam
748 4130 779 4195 (i.
798 4145 820 4180 e.
839 4128 972 4190 quoniam.
990 4119 1039 4175 scd
1055 4125 1083 4181 ir·
1094 4120 1124 4173 ia
1140 4121 1248 4178 resero)
1264 4114 1297 4168 A.
1314 4113 1328 4182 11
1345 4114 1412 4164 inut-

168 4231 183 4244 r
194 4217 276 4278 ittam]
291 4215 354 4280 post
372 4211 472 4259 babere
492 4204 567 4257 Torr.
583 4202 595 4275 11
609 4207 711 4255 babere
729 4199 823 4268 potuit]
843 4199 936 4249 babuit
956 4194 983 4248 0.
996 4190 1063 4317 'lm‘
1084 4194 1186 4243 tantum
1203 4214 1239 4227 -
1255 4201 1310 4237 nou
1327 4184 1413 4248 potuit

192 4301 243 4339 om.
263 4281 286 4334 C
307 4287 333 4332 et
354 4293 397 4347 pr.
416 4275 533 4346 111114.
552 4291 633 4328 ucrac
647 4290 692 4342 pr.
712 4270 742 4324 A.
762 4287 825 4322 uere
843 4283 913 4322 corr.
932 4265 962 4319 A.
974 4262 1042 4334 11⁶5.
1060 4265 1236 4314 Macedonum
1256 4255 1317 4308 Par.
1335 4251 1413 4336 l'orr.

204 4351 273 4422 1126.
298 4351 374 4420 rege]
399 4354 458 4400 onte
480 4350 656 4399 Macedoniae
681 4342 709 4396 F.
727 4343 740 4412 11
758 4344 882 4393 lcbimum
907 4336 935 4392 F.
959 4339 1109 4387 isthimrum
1134 4331 1166 4384 Γ.
1188 4331 1215 4380 id
1237 4331 1293 4376 tam
1316 4335 1414 4372 mirum

194 4429 257 4481 Pur.
275 4421 304 4476 D
323 4427 349 4474 ct
365 4421 394 4472 ia
411 4435 509 4472 rasura
525 4418 559 4471 A.

700 4482 913 4500 ff

267 4548 292 4602 t.
310 4545 401 4600 Αείαπι
419 4543 485 4596 totto
504 4548 608 4611 coptam
626 4538 725 4603 Attalo)
749 4539 787 4590 cf.
806 4537 860 4588 cto.
878 4551 927 4598 pro
946 4535 1017 4586 Sest.
1040 4525 1089 4588 st,
1107 4521 1151 4576 58.
1179 4520 1276 4586 Atquin
1294 4515 1414 4572 sument.

195 4639 248 4676 nun
267 4620 355 4671 Aeolo
375 4619 439 4668 dote
457 4621 500 4667 est
518 4615 584 4666 Asia
602 4613 641 4662 cis
659 4611 789 4668 Taurum.
816 4609 849 4658 de
865 4621 919 4668 quo
937 4602 1073 4656 Ciceronis
1090 4599 1119 4648 ei
1135 4592 1236 4644 voterit
1254 4601 1345 4640 errore
1360 4585 1415 4636 uid.

197 4691 415 4746 commentarium
434 4691 554 4738 nostrum
573 4687 607 4736 sd
626 4683 657 4742 V,
676 4679 702 4742 2,
721 4683 774 4730 ext.
792 4672 817 4728 3.

267 4759 292 4814 5.
311 4761 349 4814 Gi.
369 4759 463 4826 Polyb.
482 4757 576 4816 XVlll,
596 4749 639 4810 29.
669 4753 727 4802 Liu.
745 4747 871 4807 XXXllb
888 4742 933 4799 32.
963 4745 1032 4795 Ptut.
1050 4737 1162 4790 titamtu.
1182 4729 1223 4786 10.
1306 4766 1309 4772 ·
1333 4765 1336 4770 -
