3409 5400
268 515 333 586 rae
489 473 549 581 nn
569 508 759 580 emnam
779 507 902 581 enea
922 507 1156 578 rennuens
1177 507 1273 578 nro.

269 678 371 746 ditum
392 679 459 744 iam
481 675 614 742 ultimae
629 674 805 740 senectutis
822 673 912 739 uelut
924 674 1083 739 ἰώηιοω
1097 673 1223 758 pectori
1242 693 1305 738 sue
1321 668 1498 736 admotum

269 785 355 852 aluit.
399 781 544 848 Haerent
560 803 599 849 ac
615 793 747 868 stupent
762 779 933 846 hominum
949 781 1047 856 oculi,
1070 802 1145 846 cum
1159 779 1258 844 huius
1272 780 1354 846 iacti
1367 778 1498 865 pictam

267 893 448 980 imaginem
465 891 585 966 uident,
609 909 775 975 casusque
799 891 925 975 antiqui
947 889 1176 954 condicionem
1192 887 1376 974 praesentis
1392 904 1496 970 spec·

268 999 366 1066 mculi
394 996 609 1062 admiratione
638 1007 815 1071 renouant,
848 997 884 1060 iu
918 997 983 1062 illis
1010 997 1109 1060 mutis
1144 993 1367 1060 membrorum
1392 990 1497 1056 linia·

267 1108 387 1174 mentis
403 1105 481 1170 uiua
496 1126 535 1169 ac
551 1104 710 1189 spirantia
725 1124 866 1189 corpora
879 1104 997 1168 intueri
1012 1102 1194 1168 credentes.
1233 1099 1332 1183 Quod
1350 1114 1528 1164 necesses

238 1295 242 1302 Ι
270 1225 321 1278 est
344 1213 454 1278 anime
472 1232 602 1297 queque
619 1215 761 1288 euenire,
785 1211 952 1297 aliquante
968 1210 1153 1274 efficaciore
1169 1210 1297 1294 pictura
1310 1207 1495 1272 litterarum

269 1329 382 1385 uetera
404 1341 463 1404 pre
486 1318 670 1382 recentibus
694 1317 860 1383 admonito
882 1316 1061 1383 recordari.

228 1422 259 1486 2.
359 1425 409 1490 Ne
432 1435 462 1490 te
487 1425 629 1511 quidem,
653 1424 758 1502 Cimo,
782 1425 911 1491 silentio
926 1423 1107 1500 inuoluam,
1129 1424 1185 1510 qui
1208 1421 1362 1508 patrituo
1379 1416 1495 1504 sepul·

270 1549 375 1600 turam
391 1531 582 1598 uoluntariis
598 1532 738 1598 uinculis
752 1551 861 1596 emere
877 1553 944 1596 nen
960 1531 1124 1598 dubitasti.
1168 1529 1255 1595 Nam
1270 1529 1332 1592 etsi
1346 1525 1494 1590 mammo

270 1641 327 1706 tibi
349 1651 467 1726 postea
490 1649 521 1703 ct
542 1640 607 1704 ciui
630 1650 662 1704 et
684 1640 759 1704 duci
783 1638 924 1703 euadere
940 1639 1085 1725 contigit,
1108 1637 1182 1724 plus
1196 1648 1308 1702 tamen
1323 1633 1534 1720 aliquantero

270 1855 297 1910 2.
318 1855 388 1908 eceli
405 1867 455 1908 om.
476 1851 505 1906 C.
518 1851 532 1921 ΙΙ
543 1853 633 1920 buius}
657 1855 809 1906 huiusmodi
827 1851 857 1906 F.
876 1853 889 1921 ΙΙ
907 1849 933 1907 3.
956 1855 1137 1922 cognitionem
1160 1849 1272 1904 ceatscit
1290 1843 1482 1912 Petronius-li

272 1924 297 1978 4.
316 1927 517 1976 admirationem
532 1939 577 1992 pr.
595 1922 628 1976 Α.
639 1923 652 1991 ΙΙ
665 1921 690 1975 θ.
709 1941 814 1988 quoquc
833 1927 876 1976 est
893 1926 982 1976 anime
999 1923 1063 1994 Ru
1083 1925 1236 1974 elilcaciora
1252 1937 1295 1992 pr.
1313 1920 1349 1986 A¹
1364 1917 1377 1992 ΙΙ
1397 1917 1423 1970 l.
1442 1933 1492 1981 pro

271 1995 435 2062 recentibus]
454 1997 659 2059 procedentibus
673 2010 719 2063 pr.
737 1993 768 2049 Α.
787 1997 961 2060 prodentibus
977 1993 1041 2048 OD.
1059 1997 1233 2061 prudentibus
1245 1993 1281 2047 Β.
1298 1989 1492 2057 prodeuntibus

272 2065 304 2122 F·
323 2083 371 2132 pre
389 2069 577 2132 praesentibus
595 2064 627 2120 Γ.
638 2065 652 2134 ΙΙ
665 2069 814 2120 admonitos
831 2065 981 2121 ACEFF·
1005 2067 1148 2118 &monitis
1165 2064 1204 2119 D.
1221 2063 1233 2134 u
1251 2061 1278 2116 8.
1296 2066 1353 2116 Nec
1370 2075 1441 2116 eom
1460 2057 1492 2112 C.

287 2136 300 2208 ss
313 2141 340 2190 te
358 2152 408 2191 em.
421 2152 466 2205 pr.
484 2135 515 2192 Α.
528 2136 541 2205 ΙΙ
554 2139 639 2189 cimon
656 2136 714 2190 EF
730 2141 755 2189 et
772 2152 842 2192 cerr.
864 2136 894 2194 C.
916 2136 993 2190 Terr.
1012 2140 1082 2188 eima
1093 2134 1130 2190 D.
1153 2134 1213 2190 Vid.
1226 2134 1263 2188 od
1274 2133 1340 2192 itit.
1361 2133 1388 2192 l.
1401 2135 1452 2185 ert.
1464 2127 1492 2184 3.

284 2211 298 2282 ΙΙ
308 2207 335 2262 il.
353 2209 465 2260 uinculis
482 2210 638 2264 uoluntariis
655 2207 692 2262 D.
704 2207 717 2277 ΙΙ
730 2211 874 2260 maximum
894 2205 982 2279 013.ss
998 2207 1038 2262 il).
1057 2210 1186 2278 contingit
1202 2206 1235 2262 F.

272 2422 363 2462 errore
381 2405 464 2458 Perua
481 2407 625 2464 substituit.
645 2408 714 2472 qued
734 2407 818 2458 Perus
837 2423 873 2458 ea
889 2409 992 2459 femina
1008 2423 1027 2458 a
1038 2407 1146 2458 Valerio
1165 2406 1306 2465 diceretur,
1323 2419 1378 2456 non
1390 2403 1495 2454 scilicet

272 2481 488 2534 animaduertere
516 2480 545 2528 in
569 2479 714 2529 Valeriana
737 2480 867 2530 relatione
895 2481 1025 2548 gignernti
1048 2493 1142 2529 casum
1170 2481 1197 2529 ct
1218 2477 1335 2546 flagitari
1357 2488 1441 2526 sensu
1465 2475 1494 2525 at

272 2553 388 2616 pesitum
406 2564 469 2599 esse
489 2565 506 2598 a
525 2549 716 2618 grammaticis.
753 2550 809 2600 lam
828 2565 893 2601 uero
912 2549 1055 2602 Terrenius
1075 2549 1212 2600 aduolauit
1229 2552 1265 2599 ab
1280 2548 1391 2616 Hygino
1409 2546 1492 2596 tiliam

272 2623 345 2674 illam
364 2621 545 2683 Xanthippen.
564 2625 668 2685 patrem
686 2623 804 2687 Mycena
822 2622 967 2686 appellari.
990 2623 1104 2684 ideoque
1121 2621 1280 2672 Munksrum
1302 2620 1329 2668 ln
1347 2618 1492 2669 Valeriane

274 2707 378 2761 queque
396 2691 518 2755 exemplo
534 2693 609 2743 illum
629 2693 745 2758 Mycena
763 2709 811 2759 pre
830 2694 938 2745 Cimone
957 2708 991 2744 ex
1009 2681 1118 2763 Hygino
1138 2693 1329 2744 restituendum
1347 2704 1413 2741 esse
1430 2704 1491 2741 esu·

274 2764 377 2820 srilsse3
397 2763 554 2813 ascendisse
573 2765 641 2813 enim
662 2766 777 2816 Cimonis
795 2779 907 2823 nemen,
933 2766 1027 2815 Celere
1044 2767 1098 2814 ium
1117 2766 1287 2828 suspectum,
1312 2777 1347 2813 ex
1368 2761 1493 2826 proxima

274 2834 434 2885 narratione.
470 2837 545 2894 Quae
563 2836 681 2898 suspicio
699 2837 763 2886 milii
781 2836 850 2887 adeo
869 2838 967 2892 arrisit.
986 2839 1016 2885 ut
1032 2838 1085 2886 iam
1104 2836 1138 2886 de
1161 2833 1368 2899 transponendis
1386 2834 1491 2883 duobus

274 2907 326 2957 iliis
344 2904 440 2955 litteris
458 2912 484 2962 (e
502 2907 529 2954 ct
545 2910 580 2965 m)
598 2908 779 2975 cogitauerim.
797 2909 955 2971 praesertim
969 2924 1029 2957 cum
1041 2908 1155 2970 scriptor
1166 2907 1336 2957 occasionem
1348 2904 1491 2972 argutandl

275 2981 321 3027 aut
339 2978 410 3026 certe
429 2978 512 3025 uerba
530 2976 644 3027 iaeieudi
663 2979 696 3028 de
718 2980 850 3028 communi
869 2978 974 3029 nemine
993 2981 1103 3028 duorum
1122 2979 1257 3028 huminum
1276 2977 1403 3039 deinceps
1421 2975 1491 3025 rela-

274 3051 369 3105 torum,
389 3062 468 3111 quam
487 3047 603 3098 oblatam
622 3064 765 3115 numquam
783 3050 970 3113 praetermisit.
989 3051 1049 3100 sinc
1060 3050 1140 3099 dubie
1155 3051 1207 3099 bec
1225 3062 1330 3115 quoqne
1346 3048 1408 3097 lece
1426 3046 1490 3096 arri·

276 3120 387 3184 puisset.
433 3118 525 3181 Neque
548 3120 667 3183 prefecto
697 3122 878 3185 discrepantia
900 3122 927 3171 in
949 3121 1021 3172 tiliae
1046 3120 1152 3171 nemine
1176 3122 1268 3171 obstat
1291 3120 1433 3184 quominus
1457 3117 1491 3166 de

209 3256 211 3261 Ι
275 3191 370 3241 cedem
394 3202 423 3239 re
447 3190 583 3258 Hyginum
607 3192 686 3257 atque
710 3192 845 3241 Valerium
871 3194 1010 3261 cogitasse
1033 3193 1183 3243 credamus.
1231 3192 1308 3252 Quod
1330 3190 1355 3239 si
1376 3189 1416 3238 ita
1438 3190 1490 3243 est·

275 3262 366 3312 nescio
385 3262 533 3311 meatem
552 3263 675 3327 Mycenis
694 3264 838 3328 appellatio
855 3264 883 3313 in
901 3264 1005 3313 Paridis
1027 3277 1132 3329 queque
1150 3262 1307 3326 compendio
1325 3261 1422 3317 lateat.
1447 3258 1491 3308 ubi

275 3350 323 3398 pre
342 3347 388 3391 ee,
414 3334 483 3397 qued
506 3334 648 3385 manifesto
672 3338 822 3399 corruptum
847 3337 891 3384 est
906 3332 1027 3399 fratrem
1048 3332 1185 3387 meterem.
1211 3333 1329 3384 fortasse
1347 3331 1490 3399 legendum

275 3406 325 3455 erit
339 3406 442 3469 patrea
459 3418 597 3486 inprocera.
638 3408 759 3457 ceterum
780 3406 847 3456 Pero
866 3406 942 3457 Nelei
966 3408 1046 3457 ctiam
1067 3406 1124 3456 tilia
1141 3408 1215 3463 erat.
1238 3404 1448 3455 commemorata
1464 3402 1491 3451 ‘m

275 3478 376 3542 Odyss.
393 3475 417 3537 t,
435 3472 496 3527 tao.
515 3480 543 3526 ct
560 3478 679 3541 Propert.
697 3478 730 3535 11.
747 3472 773 3535 3,
792 3473 835 3529 tt.

345 3552 435 3597 cetero
449 3562 502 3613 pre
520 3546 667 3599 recentibus
684 3546 816 3600 edmeaite
834 3544 985 3610 recordere)
1011 3549 1076 3598 Cum
1099 3560 1194 3599 omnes
1218 3548 1278 3597 libri
1299 3547 1328 3597 ia
1344 3546 1437 3596 uarias
1454 3544 1491 3593 di-

275 3619 430 3741 fflantur
448 3620 630 3679 coniecturas,
655 3622 746 3684 optimi
771 3620 871 3671 codicis
889 3621 1034 3671 tiernensis
1056 3620 1208 3683 primariam
1227 3619 1385 3682 scripturam
1399 3629 1492 3683 precs·

341 3688 347 3699 '
364 3704 395 3740 er
412 3691 604 3754 amplectamur
622 3692 735 3755 eportet.
755 3706 769 3741 e
788 3707 843 3755 qua
861 3695 888 3741 et
905 3691 1038 3756 probabili
1055 3692 1172 3741 maxime
1189 3690 1336 3741 litterarum
1348 3689 1492 3739 mutadene

275 3764 303 3811 et
320 3774 403 3811 sensu
422 3763 637 3813 commodissime
650 3764 815 3814 emendatrix
828 3764 1022 3813 manuseffecit
1034 3776 1088 3830 pre
1099 3758 1254 3814 maetas.
1290 3761 1360 3810 liam
1377 3760 1414 3815 ut.
1433 3772 1491 3807 cum

274 3832 372 3894 pictam
386 3832 563 3895 conspicimus
576 3834 730 3902 imaginem,
749 3834 896 3897 praeterita
913 3834 986 3883 uelut
997 3834 1153 3898 praesentia
1163 3834 1259 3883 intueri
1271 3833 1351 3882 uobis
1363 3831 1491 3885 uidemur.

275 3903 314 3949 ita
337 3901 444 3964 scriptis
468 3901 561 3953 litteris
586 3907 680 3954 uetera
701 3906 811 3968 perinde
836 3920 869 3953 ac
892 3905 918 3953 sl
940 3906 993 3954 sint
1017 3906 1135 3955 recentia
1159 3905 1332 3955 admonemur
1349 3901 1491 3953 recordari.

276 3970 425 4019 Probarunt
449 3972 527 4039 igliur
551 3974 621 4023 hane
646 3976 858 4025 emendationem
881 3974 998 4023 editores
1020 3976 1081 4025 inde
1104 3992 1122 4025 a
1146 3976 1252 4025 Vorstio
1275 3986 1379 4025 omnes.
1424 3971 1491 4021 llam

276 4040 386 4103 Lipsius
405 4042 491 4090 minus
509 4042 578 4094 bene
595 4049 773 4109 proposuerat
790 4046 936 4112 legendum
960 4059 977 4094 e
997 4042 1178 4113 prudentibus.
1220 4045 1274 4096 Sed
1298 4047 1369 4097 idem
1392 4043 1492 4108 primus

277 4110 342 4160 uidit
358 4125 407 4173 pre
425 4108 571 4163 Mmeaitm
588 4116 757 4165 scribendum
776 4129 840 4165 osse
858 4111 999 4168 meam.

348 4176 374 4232 2.
393 4181 432 4233 Cf.
451 4183 528 4232 Corn.
538 4183 604 4247 Nep.
613 4186 678 4235 Cim.
693 4184 715 4237 l.
734 4187 809 4237 Diod
820 4200 879 4238 exc.
890 4188 924 4237 de
941 4188 1001 4239 uirt.
1010 4188 1092 4239 etuit.
1104 4204 1130 4253 p.
1139 4183 1202 4240 559.
1221 4188 1280 4239 val.
1290 4202 1335 4251 ap.
1353 4187 1430 4239 Diod.
1442 4186 1491 4237 uei.

276 4252 309 4312 11,
328 4252 358 4305 Ρ.
376 4249 403 4305 2.
421 4268 447 4317 p.
466 4248 508 4304 90.
527 4254 617 4305 lustin.
636 4256 667 4314 ii.
689 4252 730 4315 15,
751 4254 790 4310 it.
810 4256 906 4310 Senec.
918 4261 1000 4309 contr.
1012 4255 1056 4311 24.
1075 4260 1162 4320 Quint.
1174 4260 1242 4309 decl.
1260 4252 1323 4316 203.
1340 4259 1387 4321 qul
1400 4270 1493 4307 omnes

278 4325 416 4374 discedunt
435 4326 470 4373 ab
490 4324 633 4383 llerodete.
652 4328 756 4378 sincero
775 4342 834 4377 curn
854 4330 969 4379 maxime
988 4331 1066 4379 huius
1085 4331 1124 4380 rei
1142 4332 1221 4381 teste.
1257 4330 1284 4379 ia
1305 4331 1376 4381 emm
1394 4328 1492 4379 &marn

277 4396 359 4453 illam.
380 4412 432 4461 qua
451 4396 551 4454 Cimon.
570 4412 630 4445 curn
648 4402 725 4462 pater
743 4400 802 4449 eius
820 4400 891 4449 litem
910 4401 1080 4451 aestimatam
1103 4401 1210 4453 soluere
1232 4416 1287 4451 non
1310 4402 1443 4465 potuisset
1460 4400 1494 4449 ob

278 4480 393 4529 eamque
412 4480 522 4518 causam
546 4469 727 4520 incarcerans
752 4471 887 4521 coniectus
912 4473 1091 4531 decessisset,
1113 4472 1217 4523 eisdem
1241 4472 1354 4522 uinculis
1376 4472 1494 4523 inclusos

278 4552 344 4589 esse
366 4538 511 4597 dicebatur,
530 4540 649 4608 ignorat,
673 4542 724 4591 hec
747 4556 826 4592 unum
850 4543 985 4601 reterens,
1016 4544 1152 4593 Cimonem
1171 4543 1364 4611 quinquaginta
1384 4542 1493 4600 talentu

278 4610 375 4671 quibus
393 4610 470 4673 pater
488 4611 546 4671 eius
565 4610 691 4662 multatus
710 4614 776 4671 erat.
797 4612 922 4665 soluisse.
967 4616 1006 4665 Ac
1028 4630 1064 4665 ns
1080 4615 1241 4666 Plutarchus
1264 4616 1371 4679 quidem
1394 4615 1421 4665 in
1439 4614 1496 4663 uita

278 4679 396 4731 Cimonis
414 4695 523 4733 carcere
541 4697 601 4733 eum
619 4685 750 4735 inclusum
769 4698 832 4735 esse
851 4688 1050 4745 commemorat
1069 4686 1138 4737 adse
1156 4687 1185 4735 ut
1196 4687 1411 4739 meritoemnem
1422 4684 1496 4737 utun

278 4750 459 4805 amotionem
476 4753 544 4805 iuter
561 4754 668 4809 tabulas
686 4756 809 4809 reiecerit
825 4756 1004 4824 Nipperdeies
1021 4758 1057 4808 ad
1074 4759 1152 4810 cern.
1169 4757 1188 4809 l.
1207 4774 1230 4811 c.
