3409 5400
1385 500 1428 566 27

199 657 269 721 uim
294 663 486 722 ornatumue
510 657 669 742 reciperet
690 657 806 731 oratio,
831 656 969 723 consilio
993 667 1199 744 temptatam,
1229 672 1265 728 ut
1293 662 1429 730 libenter

199 762 255 828 uel
278 761 326 827 illi
351 763 519 828 Ciceronis
545 762 646 844 (Brut.
673 766 726 840 11,
749 764 806 845 42)
830 766 995 846 assentiar
1019 787 1226 846 concessum,
1256 794 1331 838 esse
1353 774 1428 840 rhe-

200 873 327 940 toribus
359 870 507 936 ementiri
536 873 571 938 in
598 870 756 940 historiis.
814 870 884 936 Neo
923 873 1020 940 facile
1058 878 1232 964 quisquam
1259 876 1429 949 Valerium

199 981 427 1069 obiurgauerit
450 979 537 1067 quod
561 980 816 1075 adaugendum
840 984 998 1048 orationis
1029 984 1239 1070 splendorem
1261 991 1429 1058 ueritatem

198 1091 301 1178 longe
326 1087 489 1152 excedens
514 1085 558 1164 ll,
592 1090 626 1163 7,
658 1089 676 1152 7
707 1087 746 1154 L.
775 1089 912 1157 Minucii
934 1089 1080 1158 consulis
1105 1098 1149 1174 (a.
1177 1117 1209 1160 u.
1234 1096 1323 1178 296),
1347 1121 1369 1162 a
1389 1096 1428 1163 L.

201 1197 338 1282 Quintio
371 1195 563 1260 Cincinnato
592 1198 789 1286 magistratu
818 1221 856 1262 se
879 1199 1034 1264 abdicare
1060 1203 1155 1276 iussi,
1183 1201 1248 1267 XII
1281 1205 1428 1270 fascibus

198 1307 288 1372 Latii
306 1325 346 1370 ac
370 1304 495 1369 totius
515 1301 659 1370 ltaliae
682 1305 770 1370 uires
784 1317 892 1372 rectas
905 1330 982 1373 esse
993 1307 1146 1384 retulerit,
1168 1310 1224 1378 uel
1242 1311 1340 1399 quod,
1365 1334 1429 1399 quo

199 1413 329 1480 foedior
352 1423 525 1499 appareret
547 1413 696 1499 ingratus
719 1412 1057 1481 Lacedaemoniorum
1080 1419 1220 1494 animus,
1243 1418 1431 1509 Lycurgum

203 1523 313 1610 patria
335 1518 466 1606 pulsum
490 1521 616 1584 finxerit
638 1518 681 1596 V,
706 1521 736 1596 3,
763 1533 824 1587 ext.
849 1523 881 1598 2,
913 1545 987 1588 cum
1016 1525 1098 1588 satis
1120 1535 1233 1591 notum
1256 1529 1299 1592 sit
1320 1528 1430 1613 ipsum

199 1629 334 1695 sibimet
355 1626 574 1692 uoluntarium
596 1629 795 1716 imposuisse
820 1630 968 1705 exilium,
995 1631 1050 1696 uel
1076 1634 1164 1720 quod
1187 1633 1253 1699 alia
1276 1636 1432 1702 nonnulla

199 1739 235 1802 in
257 1737 368 1801 maius
393 1734 554 1810 extulerit,
587 1758 651 1823 quo
676 1737 842 1803 efficacius
868 1751 1089 1805 commoneret
1110 1741 1267 1807 lectorum
1291 1743 1431 1808 animos.

201 1845 273 1912 Sed
296 1853 397 1932 quota
420 1865 569 1932 quaeque
592 1866 671 1930 pars
696 1856 746 1910 est
766 1847 849 1911 inter
864 1856 911 1910 tot
932 1847 1107 1913 mendacia
1129 1859 1161 1913 et
1182 1871 1321 1925 errores,
1346 1873 1431 1939 quae

202 1952 301 2018 talem
326 1951 552 2016 defensionem
575 1951 738 2039 recipiat?
782 1954 874 2019 Raro
901 1955 989 2019 enim
1011 1952 1165 2022 Valerius
1188 1956 1272 2022 fallit
1293 1957 1430 2024 consilio

201 2083 241 2126 ac
265 2060 404 2134 ratione,
429 2059 625 2144 saepissime
648 2057 768 2124 fallitur
791 2062 864 2146 ipse
888 2063 1076 2149 ignorantia
1098 2066 1186 2139 ueri,
1217 2065 1303 2130 mira
1324 2065 1359 2130 in
1380 2066 1430 2130 in-

200 2166 382 2254 spiciendis
407 2166 545 2232 aliorun
565 2167 759 2232 testimoniis
777 2168 999 2256 neglegentia,
1022 2193 1127 2257 praua
1148 2173 1183 2236 in
1206 2172 1430 2238 exscribendis

201 2272 368 2339 socordia.
414 2273 513 2338 Cuius
538 2275 761 2360 peruersitatis
785 2276 978 2362 priusquam
1001 2278 1133 2365 singula
1150 2300 1430 2366 recognoscamus

202 2379 354 2468 exempla
376 2401 477 2446 unum
500 2380 563 2446 hoc
586 2381 859 2468 praemittendum
880 2382 1018 2458 uidetur,
1040 2385 1144 2450 mirlta
1166 2409 1187 2450 a
1209 2386 1306 2450 nobis
1321 2405 1431 2471 repre·

199 2489 311 2554 hensa
345 2490 378 2552 in
407 2487 550 2575 uulgatis
582 2489 778 2553 editionibus
807 2489 854 2554 ita
882 2491 1084 2556 circumferri
1117 2503 1152 2556 ut
1181 2492 1358 2558 luculenter
1389 2491 1433 2557 ad

199 2599 362 2664 historiae
390 2596 489 2662 fidem
518 2607 669 2662 enarrata
692 2595 774 2660 bene
798 2598 979 2684 procedant
1006 2600 1159 2687 omnique
1184 2611 1318 2666 careant
1339 2600 1430 2674 uitio,

198 2708 302 2794 longe
332 2704 423 2771 aliter
455 2716 551 2793 atque
582 2706 616 2769 in
644 2704 708 2770 hoc
737 2726 825 2771 nouo
855 2706 1043 2793 exemplari.
1097 2706 1206 2790 Quam
1236 2718 1379 2797 spretam
1410 2731 1432 2773 a

199 2814 299 2881 nobis
323 2814 433 2899 operis
456 2814 693 2899 praestantiam
716 2836 783 2879 non
806 2816 940 2903 antiquo
964 2817 1089 2881 auctori
1112 2817 1174 2881 sed
1196 2812 1431 2883 recentioribus

200 2919 391 2987 hominibus
416 2919 635 2995 debebamuS,
666 2924 701 2986 in
729 2922 844 3009 primis
875 2921 1014 3009 Pighio,
1046 2926 1102 3011 qui
1132 2948 1206 2991 curn
1236 2926 1370 3013 ingenio
1401 2934 1432 2987 et

202 3030 353 3095 doctrina
376 3038 464 3095 esset
486 3029 774 3102 instructissimus,
806 3028 867 3094 sed
895 3029 936 3094 de
958 3051 1038 3095 uero
1062 3033 1194 3098 criticae
1218 3035 1296 3099 artis
1321 3032 1431 3097 officio

203 3148 260 3203 aut
282 3156 385 3223 praue
409 3144 464 3202 aut
486 3135 567 3201 nihil
590 3138 739 3211 sentiret,
769 3135 826 3201 ubi
853 3137 972 3203 tradita
1001 3140 1130 3204 ueritati
1151 3162 1337 3229 repugnare
1360 3141 1431 3205 ani·

201 3244 387 3319 maduertit,
411 3241 534 3309 nullam
556 3242 755 3309 medicinam
784 3256 852 3309 tarn
876 3244 1035 3311 audacem
1063 3250 1190 3333 putauit
1213 3250 1291 3336 quin
1314 3246 1431 3313 admit·

201 3363 300 3425 teret,
329 3362 364 3415 ut
393 3348 565 3415 Valerium
596 3372 618 3414 a
640 3352 837 3437 turpissimis
869 3374 954 3439 quae
991 3354 1199 3421 existimabat
1225 3354 1433 3421 librariorum

204 3460 399 3525 commentis
412 3457 681 3546 foedissimisque
693 3459 883 3545 corruptelis
901 3457 1062 3526 liberaret.
1108 3461 1219 3548 Ipsum
1239 3464 1433 3548 scriptorem

203 3565 385 3654 aliquando
414 3564 648 3633 hallucinatum
677 3588 751 3631 esse
782 3566 982 3654 persuadere
1012 3568 1075 3634 sibi
1103 3590 1170 3633 non
1199 3570 1312 3654 potuit.
1367 3567 1433 3648 Qui

202 3676 321 3739 inanes
346 3674 417 3738 eius
440 3674 503 3737 uiri
526 3684 674 3750 conatus,
698 3697 771 3739 cum
790 3674 959 3761 permultis
978 3675 1061 3740 locis
1085 3677 1152 3741 iam
1176 3699 1198 3741 a
1219 3674 1432 3762 sequentibus

203 3781 429 3871 grammaticis
453 3782 583 3847 refutati
607 3794 734 3856 essent,
765 3784 941 3868 praecipue
972 3806 993 3848 a
1013 3783 1186 3849 Perizonio
1209 3793 1242 3848 et
1265 3781 1432 3858 Torrenio,

200 3910 329 3978 magna
352 3898 463 3953 tamen
487 3911 526 3953 ex
548 3899 640 3975 parte
664 3889 797 3955 stabiles
810 3890 845 3953 in
858 3890 938 3953 sede
957 3913 1019 3957 sua
1037 3900 1264 3957 remanserant
1285 3889 1432 3979 mihique

202 4008 398 4085 supererant
428 3997 629 4063 remouendi.
680 3996 758 4062 Alia
788 3997 930 4085 denique
958 3996 1084 4064 Valerii
1113 4011 1251 4087 peccata
1279 3999 1433 4086 equidem

200 4107 328 4193 primus
344 4102 458 4171 detexi.
502 4103 539 4168 In
551 4104 669 4192 quibus
682 4105 844 4179 omnibus,
864 4107 979 4191 positis
991 4129 1052 4193 pro
1062 4108 1275 4174 fimdamento
1289 4107 1432 4173 auctoris

201 4212 325 4286 uerbis,
351 4232 447 4299 quem
471 4210 671 4279 admodum
688 4234 812 4278 nunca
835 4214 932 4279 nobis
947 4226 1024 4279 sunt
1035 4217 1219 4293 constituta,
1244 4216 1432 4303 quicausas

202 4332 299 4407 atque
325 4320 590 4385 confirmationes
615 4323 799 4387 accuratius
820 4341 1024 4408 cognoscere
1043 4325 1177 4411 cupiant
1197 4334 1333 4411 rogatos
1357 4344 1432 4387 esse

200 4426 356 4493 nolumus
380 4438 415 4496 ut
437 4430 690 4495 commentarios
714 4440 845 4495 nostros
870 4430 962 4516 operi
985 4428 1150 4496 subiectos
1173 4432 1360 4519 inspiciant.

291 4534 364 4600 Sed
395 4547 433 4599 ut
466 4558 488 4600 a
521 4534 699 4604 leuioribus
733 4538 860 4603 initium
895 4537 1084 4624 capiamus,
1119 4538 1294 4603 socordem
1321 4536 1433 4622 magis

201 4644 363 4709 orationis
387 4642 641 4732 neglegentiam,
666 4668 731 4733 qua
753 4656 864 4711 tamen
888 4647 987 4712 etiam
1015 4646 1104 4711 facta
1126 4646 1288 4714 interdum
1314 4643 1432 4730 depra-

199 4761 331 4829 uantur‚
355 4772 456 4839 quam
479 4752 601 4819 nudum
625 4753 834 4820 mendacium
856 4751 1011 4819 Valerius
1034 4753 1194 4841 prodidit,
1218 4752 1248 4815 si
1269 4750 1433 4818 interdum
