3409 5400
635 468 718 537 LIB.
741 468 767 549 l,
791 472 827 539 G.
852 474 884 552 5,
907 482 938 553 ς.
962 476 1068 545 2-5.
1409 488 1472 554 133

247 628 467 713 interrogauit
497 626 576 713 quid
607 631 654 694 ita
681 654 722 695 so
749 631 841 697 uultu
870 648 968 703 esset.
1015 636 1109 718 Quas
1137 642 1306 726 respondit
1333 642 1473 712 Persam

248 734 390 819 perisse.
433 732 635 801 Decesserat
670 750 781 805 autem
814 741 966 817 catellus,
1009 766 1106 831 quem
1138 748 1248 832 puella
1277 751 1310 813 in
1346 751 1470 817 deliciis

248 836 424 915 habuerat,
457 844 590 907 nomine
617 844 732 911 Persa.
783 846 930 934 Arripuit
956 851 1055 937 igitur
1088 874 1185 919 omen
1213 853 1336 919 Paulus
1367 878 1471 943 exque

247 945 382 1011 fortuito
415 947 503 1012 dioto
523 954 638 1037 ‘quasi
670 964 792 1019 certam
825 976 920 1042 spem
959 958 1135 1027 clarissimi
1172 959 1327 1048 triumphi
1360 964 1470 1027 animo

222 1056 481 1139 apr-assumpsit.
808 1088 814 1099 ·
1202 1104 1204 1107 -

337 1159 383 1225 At
406 1160 552 1229 Caecilia
572 1164 709 1241 Metelli,
737 1165 816 1231 dum
840 1171 963 1233 sororis
987 1170 1083 1247 tiliae,
1112 1170 1241 1236 adultae
1266 1176 1380 1239 aetatis
1403 1177 1470 1239 uir·
1479 1176 1511 1245 4.

249 1269 330 1355 gini,
352 1290 445 1333 more
467 1272 579 1356 prisco
602 1284 699 1336 nocte
722 1274 884 1337 concubia
899 1276 1042 1359 nuptiale
1053 1280 1134 1362 petit
1157 1300 1263 1355 omen,
1286 1282 1362 1365 ipsa
1383 1282 1470 1347 iecit.

247 1372 337 1439 Nam
359 1396 435 1440 cum
456 1379 493 1443 in
515 1378 636 1443 sacello
662 1378 805 1466 quodam
829 1382 901 1444 eius
924 1383 972 1445 rei
1001 1384 1106 1469 gratia
1134 1384 1333 1469 aliquamdiu
1356 1408 1469 1472 perse·

248 1480 355 1545 disset
380 1504 442 1547 nse
471 1484 583 1571 aliqua
605 1485 698 1565 [ulla]
721 1506 785 1549 uox
812 1489 983 1571 proposito
1013 1508 1200 1575 congruens
1230 1502 1320 1555 esset
1347 1492 1469 1571 audita,

208 1588 343 1658 tefessa
362 1587 467 1675 longa
488 1590 598 1655 standi
618 1612 714 1656 mora
735 1591 844 1676 puella
865 1595 995 1680 rogauit
1015 1606 1222 1660 materteram
1245 1606 1281 1658 ut
1303 1596 1365 1661 sibi
1387 1618 1468 1682 pau·

245 1693 470 1777 lisperlooum
481 1697 649 1764 residendi
660 1698 938 1763 adcommodaret.
985 1700 1046 1764 Oui
1060 1700 1125 1777 illa,
1141 1700 1225 1788 ‘Ego
1238 1700 1337 1777 uero',
1354 1704 1469 1790 inquit,

246 1800 395 1865 ‘libenter
417 1802 475 1866 tibi
496 1825 574 1868 mea
592 1803 672 1868 sede
696 1803 797 1871 cedo'.
844 1805 943 1885 Quod
960 1806 1082 1871 dictum
1105 1806 1147 1872 ab
1169 1807 1371 1895 indulgentia
1393 1830 1468 1893 pro·

246 1907 379 1983 fecum,
403 1907 446 1973 ad
463 1912 543 1975 certi
560 1912 678 1975 ominis
698 1912 1036 1995 processiteuantum,
1061 1916 1217 2001 quoniam
1229 1912 1378 1979 Metellus
1402 1934 1470 1979 non

245 2015 293 2078 ita
312 2013 416 2079 madto
437 2028 515 2099 post
535 2028 666 2083 mortua
677 2018 822 2083 Caecilia
841 2020 1014 2107 uirginem,
1039 2020 1079 2083 de
1104 2042 1169 2107 qua
1190 2020 1318 2107 loquor,
1342 2022 1377 2087 in
1399 2042 1469 2086 ma·

206 2122 437 2187 uuimonium
460 2122 560 2189 duxit.

337 2228 422 2295 Gaio
449 2241 559 2296 autem
585 2230 691 2296 Mario
721 2232 909 2296 obseruatio
943 2234 1060 2299 ominis
1094 2234 1210 2319 procul
1244 2232 1342 2299 dubio
1371 2234 1509 2313 saluti5,

243 2442 273 2497 2
283 2444 385 2511 autern]
400 2446 472 2497 enim
485 2442 522 2497 D.
533 2441 548 2511 ΙΙ
558 2440 585 2497 :t
594 2446 713 2496 habebat
721 2442 753 2497 Γ.
764 2443 778 2512 ΙΙ
790 2449 817 2497 et
831 2460 867 2498 sx
882 2448 950 2497 dicto
966 2448 1072 2499 innuite
1081 2444 1113 2499 Γ.
1126 2445 1139 2515 ΙΙ
1149 2441 1175 2496 4.
1186 2460 1264 2509 spem
1276 2448 1376 2497 certem
1391 2444 1467 2501 Torr.

255 2514 271 2583 ΙΙ
283 2512 308 2566 b.
319 2517 345 2579 s.
355 2512 381 2565 4.
390 2531 438 2566 om.
449 2512 481 2567 1².
498 2514 512 2582 ΙΙ
524 2513 549 2565 7.
558 2514 750 2579 nuptiatisAB
758 2514 929 2569 CDETorr.
942 2516 955 2585 ΙΙ
967 2516 992 2571 8.
1003 2520 1081 2569 buius
1096 2516 1134 2569 D.
1149 2520 1160 2585 ΙΙ
1176 2518 1327 2583 aliquamdu
1344 2532 1468 2583 superse·

245 2588 334 2637 disset
341 2582 375 2637 E.
386 2583 401 2653 ΙΙ
410 2582 437 2637 t.
447 2588 594 2651 aliquantu.
603 2584 678 2638 Torr.
693 2586 705 2654 ss
721 2587 787 2653 ulla]
796 2586 853 2639 siue
862 2586 936 2639 uncis
948 2586 1024 2640 Torr.
1041 2604 1089 2641 om.
1101 2586 1191 2641 BCE.
1207 2584 1218 2655 ΙΙ
1235 2584 1275 2638 10.
1285 2589 1375 2652 puella
1392 2604 1469 2642 mora

243 2657 307 2729 13·ss
326 2654 565 2711 12.meamssdem
575 2655 639 2709 Det
642 2672 687 2725 pr.
697 2656 728 2710 A.
740 2660 766 2708 in
775 2674 838 2710 mea
847 2661 914 2710 sede
923 2656 956 2712 Ε.
966 2657 1021 2712 uid.
1032 2657 1075 2711 ud.
1084 2660 1142 2720 1111,
1164 2657 1188 2720 l,
1207 2658 1231 2712 7.
1246 2657 1259 2730 ΙΙ
1274 2662 1372 2712 secedo
1384 2658 1463 2786 Ρωψ

240 2729 291 2788 it.
308 2730 357 2798 its]
376 2727 494 2796 mise
510 2727 613 2787 littam
630 2725 752 2781 inductus
769 2727 874 2782 emta
891 2745 961 2782 corr.
980 2728 1012 2784 A.
1031 2745 1080 2782 um.
1097 2730 1161 2784 Pur.
1176 2727 1187 2804 ΙΙ
1205 2727 1245 2784 id.
1264 2733 1354 2784 summ
1372 2747 1421 2786 om.
1459 2767 1467 2785 .

244 2944 328 2995 quarn
345 2926 404 2978 cod.
421 2927 500 2976 Bern.
519 2925 574 2976 stat
589 2940 639 2990 pro
657 2923 752 2987 Persa,
774 2927 941 2978 usitatiorem
965 2927 1079 2978 formam
1097 2925 1176 2980 Perse
1192 2929 1301 2996 propter
1318 2927 1422 2982 Paridis
1441 2930 1468 2980 st

243 3001 406 3066 reliquorum
423 2999 554 3047 bonorum
572 3010 731 3046 consensum
749 2998 877 3047 intactam
894 2999 996 3060 reliqui.

316 3068 424 3122 Persem
435 3065 551 3136 perisse)
568 3067 685 3118 Notabili
703 3082 792 3120 errore
811 3069 924 3120 catellus
942 3070 987 3122 ille
1005 3069 1033 3120 iu
1050 3069 1193 3135 Nepotiani
1210 3067 1469 3126 ennoematicae

242 3143 364 3194 uocetur.

315 3207 341 3263 4.
360 3212 400 3262 Cf.
419 3211 472 3262 Cic.
491 3212 525 3260 ds
543 3210 595 3260 diu.
613 3209 634 3266 1,
652 3203 696 3268 46,
717 3205 783 3266 104;
801 3211 834 3271 Il,
853 3207 897 3269 40,
917 3206 960 3262 83.

315 3279 433 3350 suptide
445 3279 524 3348 petit)
540 3281 676 3332 Edebatm
693 3282 831 3344 bucusque
850 3297 866 3332 e
885 3283 960 3333 codd.
980 3278 1041 3333 dum
1053 3309 1088 3320 -
1099 3287 1175 3344 uode
1193 3280 1320 3336 concubia
1338 3279 1469 3349 nuptialia

238 3351 321 3422 pair,
333 3351 477 3420 cumipse
486 3349 566 3418 seuit.
602 3351 732 3401 Nouimus
744 3352 873 3417 nuptialis
885 3367 973 3410 sacre,
991 3354 1071 3409 dona,
1090 3355 1217 3412 earmina,
1235 3355 1369 3416 nuptiales
1383 3354 1468 3412 iaces,

242 3425 340 3482 ludos,
363 3426 424 3476 cett.
460 3424 528 3482 Quid
551 3434 601 3486 per
625 3435 657 3472 se
679 3423 735 3471 sint
755 3425 885 3487 nuptialia
907 3425 979 3473 nullo
1004 3423 1107 3474 adiecto
1132 3425 1298 3473 substantluo
1322 3423 1466 3474 nescimus.

242 3495 340 3557 Neque
363 3497 435 3545 enim
458 3494 570 3557 simplici
593 3494 640 3542 illo
663 3493 794 3543 adlectiuo
818 3492 948 3557 nuptialia
972 3493 1061 3543 omina
1091 3493 1237 3560 significari
1265 3493 1387 3555 possunt.
1432 3490 1468 3541 At

242 3568 357 3634 egregie
374 3566 437 3614 hnic
454 3565 514 3614 loco
532 3565 661 3614 succurrit
678 3565 761 3614 lubus
777 3565 870 3622 Paris,
890 3579 908 3614 a
925 3579 977 3625 quo
996 3564 1133 3612 seruatam
1152 3563 1288 3625 antiquam
1308 3563 1466 3626 scripturam

241 3637 405 3701 recepimus.

316 3705 406 3774 aliquo
418 3703 494 3773 [sliu]
503 3712 566 3768 sou)
582 3707 732 3756 Pronomen
744 3703 841 3771 uliquis
851 3719 911 3754 cnm
922 3701 991 3754 ultus
1003 3704 1126 3770 coniungi
1137 3715 1230 3766 posse,
1243 3703 1467 3766 quemadmodum

241 3779 412 3847 coniungitur
430 3792 490 3826 cum
507 3791 589 3830 urar.
615 3773 699 3830 obus,
720 3773 801 3829 uber,
821 3772 961 3827 adnata.
982 3775 1020 3822 ita
1037 3775 1067 3822 ut
1083 3774 1163 3837 plane
1182 3775 1312 3832 abundet,
1332 3789 1385 3824 nou
1403 3775 1468 3826 mihi

240 3851 431 3916 persuadetur,
449 3848 597 3910 meritoque
613 3847 667 3896 iam
680 3847 780 3898 librarii
797 3847 949 3896 dubitarunt
964 3845 1116 3895 delerentne
1135 3841 1224 3911 aliqua
1236 3861 1271 3896 an
1287 3843 1350 3896 ullu.
1385 3846 1468 3897 Recte

241 3923 316 3972 enim
335 3921 428 3969 dicitur
445 3932 494 3969 sec
509 3914 566 3968 utta
581 3931 642 3974 socr,
659 3919 699 3967 ite
715 3920 744 3966 ut
756 3917 916 3984 generaliter
935 3918 961 3964 et
979 3917 1102 3966 absolute
1120 3920 1241 3984 negetur.
1277 3917 1385 3968 Poterat
1402 3931 1467 3966 nero

242 3991 327 4043 wem
344 3991 397 4040 dici
413 4003 462 4038 sco
479 3987 568 4054 &psa
583 4001 636 4037 sorr
653 3990 712 4038 stne
725 4003 826 4055 magno
843 3987 994 4054 negationis
1008 3989 1134 4050 pondere,
1153 4001 1187 4036 es
1205 3989 1345 4046 sententia,
1364 4003 1466 4046 uocem,

241 4077 316 4125 qnae
333 4061 471 4125 proposito
489 4061 596 4122 quidem
606 4062 772 4127 oongrueret,
791 4073 843 4108 non
862 4071 926 4108 esse
945 4058 1070 4107 audiam.
1107 4059 1144 4107 ci
1158 4058 1277 4126 Msduig.
1297 4062 1345 4108 srt.
1364 4059 1390 4121 S.
1406 4054 1467 4110 485.

240 4133 372 4186 Pruesero
390 4133 451 4189 boc,
469 4132 568 4194 quippe
579 4129 608 4179 in
618 4145 674 4191 qua
685 4131 817 4193 scriptura
833 4129 913 4178 tacite
925 4129 986 4178 addi
999 4129 1113 4192 potuerit
1123 4125 1178 4178 sliu
1196 4131 1230 4179 sd
1241 4129 1468 4193 interpretandam

239 4203 442 4255 luculentiorem
460 4202 633 4258 locutionem,
658 4215 718 4250 cum
740 4201 844 4250 interim
866 4201 912 4249 uix
936 4199 1060 4249 credibile
1083 4201 1120 4248 sit
1142 4215 1303 4263 qtremqusm
1327 4202 1361 4249 ad
1386 4200 1468 4264 expli·

242 4276 360 4325 eandum
377 4274 492 4323 alterum
508 4273 573 4322 tiled
591 4275 649 4330 (sec
664 4269 720 4321 ullu
736 4277 798 4331 uua)
815 4272 949 4320 adiecisse
968 4267 1065 4337 ulique.
1101 4266 1224 4322 Valerius
1243 4273 1294 4320 boo
1311 4271 1468 4334 pronomine

219 4349 271 4396 'in
287 4346 415 4412 negando
431 4357 500 4392 usus
523 4345 567 4393 est
589 4343 623 4400 ll,
644 4340 668 4400 l,
686 4338 712 4400 5,
730 4357 763 4392 us
779 4339 882 4392 scilim
897 4338 926 4391 iu
944 4337 1051 4408 aliquod
1069 4336 1180 4393 dedecus
1215 4338 1411 4396 relaberentur,-
1435 4339 1467 4396 ll,

242 4413 288 4470 10.
311 4412 334 4470 l,
352 4429 386 4464 ue
403 4409 436 4464 de
453 4411 544 4480 obque
560 4427 600 4467 re.
620 4427 686 4480 pune
699 4412 728 4463 ts
745 4410 788 4463 te
802 4411 904 4464 retatus
921 4416 1006 4465 erana
1024 4407 1159 4462 uideretur
1196 4411 1327 4467 abiturae:
1344 4410 1377 4464 ll,
1396 4404 1421 4463 b,
1441 4403 1467 4466 2,

240 4500 278 4537 ee
293 4482 410 4536 mutibus
419 4481 539 4553 fiducius
556 4481 659 4552 aliquid
682 4481 818 4551 adferret,-
841 4484 892 4542 111,
917 4479 948 4543 o,
973 4484 1043 4542 init,
1068 4497 1101 4533 ne
1124 4481 1213 4550 utique
1235 4477 1324 4530 mutili
1340 4476 1467 4558 retenone

239 4555 379 4625 inplicam
396 4558 556 4608 insolentius
566 4557 598 4616 V,
620 4553 661 4618 10,
680 4552 769 4617 extit,
787 4569 821 4607 se
837 4552 928 4608 mucre
946 4551 1058 4622 atquem
1075 4551 1178 4620 quidem
1190 4564 1280 4622 porse.
1300 4563 1344 4617 qut
1362 4563 1414 4600 soa
1430 4553 1469 4601 stt

316 4694 342 4752 a.
361 4663 574 4752 ciascun.
593 4693 637 4753 aa
