3409 5400
527 442 875 526 amnuens.
902 452 1020 519 r-u
1195 420 1200 428 ’
1318 403 1382 529 aas

92 640 96 677 ι
144 645 148 651 -
250 602 287 670 T.
309 602 468 671 Barrulus
484 603 622 671 Lentulo
634 604 815 692 Spintheri,
837 610 930 675 cuius
955 614 1215 681 amantissimum
1239 618 1383 687 animum
1394 623 1425 691 8.

142 708 490 799 liberalissimamque
515 713 691 778 amicitiam
709 727 869 791 senserat,
894 718 1058 785 decedens
1072 720 1189 787 anulos
1206 742 1287 791 suos
1309 747 1384 811 per·

144 816 233 879 iude
260 828 356 905 atque
380 820 476 883 unico
500 818 614 883 heredi
637 819 780 895 tradidit,
810 842 907 909 quem
936 824 1024 891 nulla
1050 846 1092 895 ax
1112 833 1205 915 parte
1228 828 1384 898 heredem

146 922 372 1010 relinquebat.
432 923 598 1006 Quantum
632 924 686 991 illo
719 927 885 995 momento
915 912 1068 1017 temporis
1104 935 1321 1011 conscientia,
1357 938 1386 1001 si

92 1076 98 1112 ,Ι
117 1029 260 1094 amodo
283 1032 372 1095 uires
397 1052 480 1117 quas
502 1030 626 1097 habere
649 1033 789 1098 creditur
812 1036 975 1120 possidet,
1001 1061 1021 1103 a
1045 1043 1229 1109 taeterrimo
1252 1038 1385 1107 homino

150 1135 357 1222 supplicium
382 1136 502 1225 exegit!
537 1136 622 1203 Inter
652 1141 759 1226 ipsam
783 1142 870 1205 onim
894 1142 1019 1209 fallacis
1044 1156 1075 1209 ot
1096 1147 1249 1235 ingratas
1271 1148 1386 1242 culpas

92 1273 95 1329 q
151 1243 393 1328 cogitationem
416 1245 563 1330 spiritum
588 1248 713 1331 posuit,
746 1248 841 1335 quasi
873 1258 990 1333 tortore
1015 1250 1124 1340 aliquo
1149 1266 1290 1321 mentem
1314 1256 1384 1321 otus

92 1403 93 1434 ,
151 1348 247 1414 intus
271 1352 448 1427 cruciante,
471 1350 558 1436 quod
575 1352 857 1419 animaduertebat
879 1356 981 1421 euita
1002 1358 1199 1431 admortem
1216 1362 1386 1429 transitum

91 1506 98 1547 f
154 1478 259 1520 suum
281 1470 315 1521 et
336 1458 466 1544 superis
478 1456 542 1523 diis
556 1459 702 1525 inuisum
716 1474 792 1527 esse
808 1470 841 1525 et
857 1461 970 1527 inferis
985 1457 1208 1533 detestabilem
1232 1468 1404 1533 futurum..

91 1578 144 1656 Ξιο
250 1560 383 1631 Marcus
413 1587 492 1631 uero
520 1564 839 1650 Popilius-senatori
862 1568 986 1635 ordinis
1001 1568 1150 1659 Oppium
1176 1567 1320 1647 Gallum,
1344 1572 1385 1635 ab
1395 1570 1425 1637 9.

92 1722 97 1764 ,
156 1668 294 1734 ineunte
308 1682 415 1736 aetate
426 1672 719 1739 familiarissimum
732 1673 806 1749 sibi,
830 1676 974 1741 moriens
987 1696 1047 1763 pro
1060 1688 1186 1743 uetusto
1210 1680 1279 1743 iure
1304 1678 1385 1742 ami·

156 1776 256 1841 citiae
270 1788 301 1842 et
315 1778 406 1843 uultu
422 1778 567 1866 benigno
585 1781 729 1865 respexit
746 1790 777 1844 et
791 1780 901 1847 uerbis
917 1803 1075 1871 maguum
1093 1808 1172 1872 prae
1189 1806 1226 1850 se
1239 1794 1419 1849 amoremv‘

92 1940 96 1972 .·
155 1883 340 1950 ferentibus
362 1896 558 1972 prosecutus
582 1894 642 1951 est.
688 1882 801 1950 Vnum
816 1888 915 1953 etiam
931 1888 972 1953 de
987 1890 1097 1955 multis
1113 1894 1168 1979 qui
1191 1889 1387 1956 adsidebaut

91 2048 97 2090 Ι
156 1988 273 2055 ultimo
297 1991 456 2079 conplexu
479 2001 510 2056 et
532 1989 647 2056 osculo
660 1988 796 2077 dignum
813 1991 971 2059 iudicauit
989 2018 1151 2084 superque
1171 1997 1287 2063 anulos
1305 2018 1386 2083 quo·

118 2118 149 2163 ts
160 2119 226 2184 que
250 2120 331 2163 suos
355 2100 388 2163 ei
409 2096 555 2174 tradidit,
585 2095 735 2161 uidelicet
763 2116 805 2159 ne
833 2100 912 2183 quid
936 2123 974 2165 ex
997 2125 1039 2167 ea
1061 2102 1258 2178 hereditate,
1288 2124 1386 2188 quam

160 2226 228 2269 non
254 2216 323 2269 erat
350 2204 513 2279 aditurus,
545 2205 712 2269 amitteret.
759 2201 852 2283 Quos
878 2208 969 2273 ocius
989 2210 1040 2273 uir
1052 2210 1209 2295 diligens,
1233 2207 1293 2273 sed
1315 2228 1386 2271 mo·

92 2301 96 2380 ἶ
159 2312 275 2376 rientis
299 2311 397 2377 amici
419 2311 552 2399 pienum
572 2307 789 2375 contumeliae
806 2308 992 2389 ludibrium,
1015 2315 1050 2379 in
1062 2313 1213 2379 locellum
1225 2316 1386 2402 repositos

161 2430 193 2483 et
217 2441 238 2483 a
260 2418 489 2504 praesentibus
513 2418 708 2506 adsignatos
732 2413 982 2503 diligentissime
1011 2418 1187 2485 heredibus
1216 2421 1302 2487 illius
1332 2443 1386 2486 ex·

91 2510 95 2563 ἶ
160 2524 259 2589 heres
282 2526 354 2610 ipse
377 2523 526 2590 reddidit.
573 2523 661 2605 Quid
682 2526 747 2591 hoc
770 2526 843 2592 loeo
866 2524 1070 2591 inhonestius
1094 2537 1149 2591 aut
1173 2528 1250 2613 quid
1272 2530 1386 2592 intem·

92 2627 93 2668 ἶ
123 2629 348 2720 mpestiuiusi
382 2632 523 2697 Senator
545 2631 658 2721 populi
679 2631 823 2697 Romani
850 2633 941 2699 curia
971 2654 1143 2722 egressus,
1172 2632 1271 2700 homo
1301 2635 1388 2699 uitae

167 2879 191 2936 i.
209 2882 240 2936 T.
259 2885 359 2934 Barrus
377 2880 440 2935 Par.
466 2883 628 2934 eorrubutus
646 2879 675 2936 C.
700 2887 719 2938 t.
737 2886 839 2936 berilus
857 2881 889 2936 F.
908 2881 921 2954 Η
941 2885 1055 2936 lentulus
1079 2881 1145 2937 Cet
1158 2899 1201 2952 pr.
1219 2881 1284 2938 AF.
1302 2883 1388 2952 lipia·

166 2958 233 3007 theri
247 2969 292 3022 pr.
310 2951 343 3006 Α.
361 2955 486 3018 spinirerl
506 2951 602 3022 0112.
622 2969 687 3005 suos
706 2959 820 3007 annulos
841 2953 918 3009 Torr.
935 2956 949 3022 ΙΙ
965 2953 991 3008 4.
1010 2957 1118 3007 conscia
1138 2954 1167 3008 0.
1178 2956 1192 3024 ΙΙ
1204 2955 1229 3008 i.
1248 2963 1336 3008 monte
1354 2955 1386 3009 F.

180 3024 231 3094 119.
250 3041 328 3076 suum
344 3053 381 3066 -
398 3024 503 3090 inferis]
522 3023 551 3075 ia
568 3039 666 3078 rasura
683 3024 715 3078 A.
727 3026 741 3095 ΙΙ
752 3032 779 3078 et
797 3028 915 3093 superis]
935 3030 962 3078 ot
978 3041 1027 3080 om.
1048 3023 1101 3149 Γ.»
1117 3029 1167 3076 diis
1186 3042 1235 3080 om.
1254 3025 1283 3077 D
1301 3032 1327 3078 et
1343 3041 1387 3079 ra·

92 3108 93 3135 t
167 3112 229 3149 rura
246 3095 279 3148 A.
295 3094 309 3161 ΙΙ
326 3097 402 3146 osset
419 3099 447 3147 et
465 3094 495 3147 0.
511 3094 526 3163 ΙΙ
542 3097 607 3146 teris
622 3111 668 3164 pr.
686 3095 723 3150 Ε.
743 3095 755 3164 ΙΙ
779 3096 817 3150 10.
836 3099 916 3162 pilius
937 3096 960 3150 C
977 3103 1002 3149 rt
1014 3113 1059 3166 pr.
1104 3135 1110 3150 .
1133 3099 1221 3162 pilitus
1240 3095 1275 3149 E.
1300 3100 1387 3162 puitus

168 3167 199 3220 F.
221 3163 255 3218 Vt
270 3179 319 3216 nor
334 3164 414 3216 etiarn
431 3165 493 3217 Par.
505 3165 520 3232 11
531 3167 658 3234 Oppium]
679 3169 771 3218 Orium
790 3168 852 3220 Par.
867 3166 879 3234 ΙΙ
895 3171 994 3236 gatiam
1013 3167 1048 3220 D.
1062 3168 1075 3232 ΙΙ
1089 3167 1130 3221 il.
1147 3170 1190 3232 pio
1205 3166 1241 3219 D.
1254 3168 1267 3234 Η
1280 3165 1321 3219 tt.
1337 3169 1387 3218 icr-

168 3239 290 3289 uentibus
303 3248 349 3301 pr.
368 3234 425 3301 14.ss
439 3232 480 3288 lt.
498 3250 607 3301 superq.
624 3236 656 3290 A.
682 3253 764 3302 sapor
782 3241 832 3288 hoc
853 3237 882 3291 0.
907 3235 1024 3304 superii
1047 3238 1088 3296 E,
1113 3238 1132 3288 i.
1155 3253 1177 3289 e.
1201 3251 1283 3300 super
1309 3253 1386 3302 quae,

168 3303 378 3376 quemadmodum
395 3304 507 3357 ωκίωἰε
522 3303 685 3360 Perizonius.
707 3310 870 3372 insuperque
897 3305 973 3362 Forr.
999 3305 1041 3373 Cf.
1066 3308 1135 3360 Surt.
1163 3305 1240 3374 Vrrp.
1261 3304 1304 3358 '2¹i.
1317 3306 1330 3370 Η
1344 3304 1385 3359 li.

169 3380 285 3429 ludibriei
304 3378 481 3428 contumeliae
498 3375 530 3429 F.
551 3377 557 3444 Ι
577 3379 675 3428 lucello
692 3375 724 3430 F.
742 3378 756 3446 ΙΙ
772 3376 816 3431 20.
835 3379 909 3428 cirria
927 3405 961 3415 -
980 3377 1023 3444 (p.
1042 3375 1102 3437 59⁴.
1122 3375 1160 3442 3.)
1180 3378 1338 3444 desumpsit]
1358 3375 1387 3427 itt

169 3463 262 3501 rantra
279 3447 312 3500 A.
326 3446 339 3520 ΙΙ
353 3447 495 3517 egmssus]
552 3443 578 3500 d.
596 3451 640 3498 est
657 3443 688 3500 F.
700 3446 714 3515 ΙΙ
726 3448 808 3514 uitae]
828 3444 891 3499 add.
910 3449 962 3498 boc
980 3445 1012 3499 F.

173 3696 305 3734 ntrmerum
324 3679 433 3743 reposui
446 3661 666 3747 propulsatores,
686 3678 893 3748 intellegendum
913 3679 945 3729 de
965 3691 1075 3746 genere.
1093 3676 1206 3747 Pighius
1221 3679 1248 3728 et
1266 3679 1309 3745 qui
1327 3693 1387 3731 auru

173 3756 313 3819 sequuntur
330 3752 493 3802 recentiores
510 3750 679 3819 grammatici
696 3751 829 3815 pluratiuo
843 3747 1043 3818 propulsatores
1061 3751 1206 3802 ediderant.

238 3823 264 3876 8.
285 3821 316 3877 Τ.
333 3819 465 3873 Barralttr
485 3819 597 3873 anab
614 3818 759 3888 Spintheri)
785 3821 867 3872 iulius
892 3822 967 3872 Paris
991 3835 1051 3870 eum
1076 3821 1106 3874 T.
1125 3822 1237 3871 Burrum
1260 3823 1388 3886 appellat.

92 3927 93 3935 .
173 3897 265 3946 Nescio
283 3911 318 3945 nn
337 3895 423 3952 recte3
449 3884 568 3943 tortasse
585 3893 656 3942 euim
673 3893 744 3942 idem
763 3896 806 3942 ast
824 3892 855 3945 T.
874 3893 994 3942 Betutias
1013 3894 1112 3942 itarrus
1131 3891 1290 3950 Asculanos,
1309 3909 1388 3955 quem

165 3966 414 4032 «eloquentissimum
432 3967 511 4014 exus
528 3965 620 4014 arbem
639 3964 731 4013 uasat
749 3965 843 4014 Odoin
862 3965 934 4014 Brut.
955 3959 998 4019 ttt.
1020 3959 1078 4022 liiii,
1098 3979 1157 4012 curn
1171 3965 1273 4014 interim
1286 3966 1389 4016 Burruti

92 4036 93 4057 ¹
175 4052 317 4105 cognomen
336 4037 405 4086 alins
424 4036 541 4086 noudum
557 4035 693 4085 inuentum
712 4035 755 4088 sit.
791 4035 921 4084 Leuttdus
946 4035 990 4084 ilie
1014 4037 1069 4091 est,
1094 4049 1171 4100 quem
1195 4035 1317 4085 Valerius
1343 4035 1389 4093 tx,

177 4105 217 4163 14.
232 4107 248 4158 4
266 4105 559 4228 ωςηοπιεῶδρὶυῑὴοι·
582 4107 618 4155 ab
641 4109 746 4165 actore,
770 4107 811 4156 oui
836 4105 989 4155 simillimus
1014 4107 1085 4164 crat,
1111 4106 1251 4170 accepisse
1273 4107 1390 4163 tradidit,

176 4192 243 4230 cons.
261 4196 286 4230 a.
305 4195 331 4230 u.
350 4194 373 4230 a.
428 4176 454 4230 7.

239 4245 264 4302 9.
284 4245 357 4306 Quid
373 4246 423 4298 lton
440 4247 498 4299 loeo
514 4245 686 4311 dalmatius)
705 4248 764 4298 Non
782 4248 847 4297 mihi
865 4248 1001 4312 perstrasit
1021 4247 1128 4311 Lipsius
1147 4247 1334 4330 coniecturam.
1354 4246 1391 4296 ie·

92 4382 93 4405 Ν
178 4322 369 4455 ttti'tttt
377 4318 567 4441 ,ildini
569 4319 1020 4458 ⁰:122.'tttttzttttt‘t‘ttdtt
1032 4320 1291 4438 antistitii
1305 4319 1393 4436 diii}

178 4463 308 4526 appellare
325 4463 385 4512 eius
402 4462 511 4521 famum,
530 4463 617 4511 locum
635 4475 688 4511 nou
707 4463 820 4526 poterat.
862 4462 1003 4511 Assarrtior
1028 4461 1107 4526 igitur
1124 4457 1275 4512 Perizonto.
1302 4459 1345 4521 qui
1364 4459 1393 4508 li·

177 4535 276 4582 brorum
295 4533 463 4597 scripturam,
482 4534 507 4582 ni
526 4533 614 4590 fallor,
636 4531 795 4582 defensurus
814 4533 940 4596 ascripsit
959 4529 1215 4590 similoeremplum
1235 4527 1302 4584 Vlll,
1321 4525 1348 4586 2,
1367 4525 1393 4586 4.

180 4599 243 4662 Quid
254 4601 329 4654 aliud
339 4602 388 4654 itoe
399 4602 453 4654 ioci
464 4617 540 4669 mant
552 4599 737 4654 amm-diam
755 4600 812 4653 eius
823 4600 923 4654 saeculi
941 4595 1099 4652 tondemur?
1117 4599 1161 4648 abt
1174 4599 1269 4648 eadem
1283 4613 1395 4662 prorsus

92 4664 93 4691 ¹
180 4676 216 4726 uis
232 4677 273 4726 est
292 4678 435 4726 uerborum
452 4673 502 4726 loo
519 4671 585 4736 act,
610 4675 662 4723 nisi
681 4675 751 4742 quod
769 4673 813 4724 hic
832 4673 956 4724 Valerius
980 4673 1047 4721 mira
1066 4685 1125 4721 eum
1143 4669 1275 4720 breuitate
1293 4671 1395 4726 omisso

1173 4757 1215 4826 38
