3409 5400
753 444 813 517 lili
837 444 1009 517 GRATIS.

754 732 814 799 DE
837 730 1010 800 GRATIS.

222 932 263 1002 li.
362 934 483 999 Gratas
498 952 578 996 nero
594 928 695 995 animi
710 930 969 1017 significationes
986 941 1019 995 et
1032 931 1165 1017 ingrata
1177 930 1267 995 facta
1284 929 1403 995 libuit
1417 924 1524 991 oculis

274 1044 434 1115 subicere,
455 1048 491 1101 nt
512 1038 590 1103 uitio
614 1050 654 1103 a‘c
677 1036 786 1101 uirtuti
807 1039 897 1102 iusta
918 1058 1046 1102 merces
1063 1037 1303 1102 aestimationis
1318 1038 1420 1122 ipsa
1435 1054 1526 1098 eom·

273 1148 444 1238 paratione
467 1143 647 1207 accederet.
692 1142 762 1209 Sed
785 1146 942 1229 quoniam
969 1145 1132 1210 contrario
1155 1145 1329 1229 proposito
1362 1162 1458 1207 sese
1482 1136 1528 1200 di-

275 1256 469 1325 stiruermt,
498 1259 611 1315 nostro
640 1269 770 1337 quoqne
800 1249 874 1315 stilo
901 1260 1113 1335 separenmr,
1148 1252 1372 1337 prioremque
1412 1247 1546 1312 locum

276 1360 442 1427 obtineant
464 1378 550 1443 quae
572 1355 705 1421 laudem
727 1378 827 1443 quam
851 1377 936 1442 quae
959 1356 1251 1441 reprehensionem
1272 1364 1484 1421 merentur.

237 1464 266 1530 1.
364 1466 473 1553 Atque
488 1474 525 1529 ut
539 1485 561 1528 a
574 1462 714 1550 publicis
729 1464 811 1529 actis
833 1462 954 1539 ordiar,
979 1462 1140 1529 Marcium
1154 1465 1281 1548 patriae
1316 1490 1338 1525 ι
1390 1478 1531 1525 conau-
1598 1499 1599 1510 ι

278 1586 343 1641 tem
360 1572 558 1656 admotoque
581 1571 684 1654 portis
708 1569 796 1633 urbis
819 1569 946 1656 ingenti
961 1566 1162 1634 Volscorum
1180 1571 1323 1633 exercitu
1339 1569 1466 1634 mnus
1491 1583 1531 1627 ae

279 1680 429 1747 tenebras
452 1677 605 1743 Romano
627 1676 765 1759 imperio
788 1675 968 1739 minantem
982 1672 1121 1740 Veturia
1142 1685 1247 1741 mater
1268 1686 1301 1738 et
1320 1670 1531 1738 volumnia

279 1807 360 1851 uxor
383 1784 545 1847 nefarium
568 1801 651 1866 opus
676 1781 793 1865 exequi
814 1782 966 1868 precibus
994 1783 1063 1846 suis
1091 1802 1214 1867 passae
1241 1802 1308 1845 non
1331 1790 1440 1845 sunt.
1491 1773 1557 1840 Iun

282 1912 418 1979 quarum
449 1887 610 1951 honorem
642 1894 778 1951 senatus
813 1898 1038 1953 matronarum
1070 1888 1220 1953 ordinem
1250 1882 1527 1974 benignissimis

282 1997 420 2063 decretis
445 1992 627 2073 adornauit.
673 1992 789 2057 Sanxit
811 2008 955 2081 namque
977 2005 1013 2059 ut
1033 1994 1165 2060 feminis
1182 1996 1300 2059 semita
1320 1993 1389 2057 uiri
1416 1988 1525 2055 eede-
1598 1979 1599 2058 l

281 2116 363 2179 rent,
386 2101 560 2165 confessus
582 2097 657 2184 plus
681 2098 796 2163 salutis
819 2102 869 2164 rei
891 2100 1041 2184 publicae
1062 2103 1097 2164 in
1119 2099 1206 2165 stola
1227 2122 1327 2188 quam
1350 2102 1389 2163 iu
1408 2096 1524 2163 armis
1598 2073 1599 2154 l

282 2213 401 2286 fuisse,
429 2207 632 2292 uetustisque
661 2208 789 2271 auriurn
817 2206 1005 2293 insignibus
1038 2229 1162 2271 nouum
1191 2207 1290 2271 uittae
1325 2206 1520 2270 discrimen

282 2318 411 2385 adiecit.
456 2313 609 2379 Permisit
632 2334 762 2399 quoque
785 2314 828 2379 iis
851 2335 1017 2400 purpurea
1043 2324 1135 2384 ueste
1158 2323 1190 2376 et
1217 2314 1328 2377 aureis
1357 2314 1408 2377 uti
1435 2327 1550 2395 seg-rs
1598 2283 1599 2328 l

281 2426 410 2490 mentis.
456 2417 564 2506 Super
585 2418 669 2485 haec
693 2421 809 2484 aedem
833 2430 865 2484 et
888 2441 979 2484 aram
995 2418 1160 2485 Fortunae
1182 2419 1333 2485 muliebri
1356 2440 1400 2482 eo
1424 2418 1517 2487 loco.

281 2564 307 2617 a
327 2568 427 2615 erens
443 2578 508 2612 uero
527 2564 701 2630 rupemque
723 2564 804 2615 animi
828 2554 1041 2630 srglreemoses
1065 2564 1092 2614 u
1114 2564 1187 2614 nera
1209 2563 1285 2613 nour
1304 2540 1384 2613 rin.
1409 2559 1515 2611 erata

283 2650 347 2687 uero
367 2635 448 2684 animi
466 2634 678 2701 significationes
697 2635 724 2683 et
741 2636 767 2685 in
803 2636 865 2684 atas
884 2634 960 2683 libuit
980 2632 1093 2685 coniecit
1109 2632 1195 2686 Perit.
1211 2633 1225 2702 ΙΙ
1240 2629 1266 2685 3.
1285 2633 1453 2683 subobieere
1466 2640 1513 2697 pr.

283 2704 314 2758 A.
333 2707 440 2756 obicere
459 2716 529 2753 corr.
538 2700 570 2755 Α.
581 2703 595 2772 ΙΙ
606 2704 651 2771 ae]
662 2707 688 2755 et
697 2703 758 2827 Eli
769 2650 882 2792 dietim]
895 2707 1007 2755 eoncilio
1019 2703 1052 2756 F·
1063 2703 1077 2772 ΙΙ
1088 2703 1114 2790 ii:
1130 2720 1201 2768 quae
1212 2706 1320 2756 laudem
1333 2720 1415 2770 quarn
1425 2696 1512 2768 qnae]

284 2791 364 2844 quum
382 2775 489 2824 laudern
509 2789 669 2838 quamquam
677 2790 721 2843 pr.
761 2814 767 2828 .
787 2792 831 2841 qur
848 2777 956 2826 laudem
975 2793 1055 2842 quam
1069 2792 1112 2842 qur
1128 2773 1180 2828 CF
1196 2779 1222 2827 et
1233 2789 1303 2826 corr.
1315 2771 1353 2826 D.
1367 2779 1380 2837 ΙΙ
1396 2771 1422 2826 i.
1437 2774 1511 2823 Mar·

284 2849 392 2897 eium-
400 2844 441 2912 (p.
450 2837 512 2900 aar,
522 2838 561 2910 2.)
572 2847 695 2896 testando
709 2860 757 2896 om.
769 2841 799 2898 Γ.
811 2845 825 2912 il
837 2845 978 2912 Marcium]
990 2843 1053 2899 add.
1060 2848 1228 2898 Coriolanum
1237 2843 1266 2897 D
1275 2843 1352 2897 Torr.
1361 2843 1377 2911 ii
1388 2838 1510 2910 patriae}

235 2941 242 2951 ·
284 2916 390 3040 patripe
411 2915 546 2966 interitum
571 2911 696 2968 CDEF.
720 2917 834 3000 patriam
859 2933 1016 3002 oppugnare
1037 2913 1114 2970 Torr.
1131 2916 1145 2985 ΙΙ
1162 2916 1192 3002 8..
1206 2915 1297 2982 funus]
1315 2917 1418 2966 fumum
1436 2910 1502 2977 Eli

302 3025 309 3040 .
329 2986 492 3038 minitantem
510 2978 649 3042 EFTorr.
667 2985 681 3054 ΙΙ
692 2989 802 3050 ,return
818 2983 857 3038 D.
881 2991 1002 3038 uecturra
1018 2985 1048 3040 F.
1065 2987 1080 3059 ii
1096 2990 1211 3041 uoiunua
1229 2985 1259 3042 F.
1278 2984 1290 3054 ΙΙ
1311 2984 1353 3039 10.
1372 3002 1441 3037 uxor
1459 2997 1510 3034 on·

280 3052 957 3198 trial!&sirmresilisset
979 3056 1289 3196 ttrszttll
1300 3049 1510 3181 'ilasi

299 3207 311 3272 ΙΙ
325 3187 480 3254 muliebriae
497 3192 530 3248 Α.
544 3195 604 3268 lieo
622 3143 671 3251 oid
689 3195 713 3250 A
732 3201 758 3248 et
770 3212 815 3265 pr.
834 3144 873 3250 ip).
922 3167 929 3183 ο
1003 3168 1010 3184 ⁸
1210 3167 1217 3182 α
1419 3187 1423 3196 '

359 3324 384 3378 1.
401 3320 544 3445 Margum)
568 3321 607 3373 Ct'.
624 3323 683 3376 Liu.
704 3323 736 3382 11,
756 3319 799 3373 to.
823 3325 901 3378 Dion.
920 3325 980 3378 Hal
1001 3323 1071 3383 vni,
1093 3317 1136 3375 55.
1159 3323 1227 3376 i’lut.
1248 3323 1343 3376 Coriol.
1365 3317 1410 3374 ³²1.
1432 3319 1510 3372 Auci.

287 3401 320 3450 de
339 3395 388 3449 uir'.
405 3397 442 3447 ill.
500 3395 582 3454 3alil.
1126 3413 1129 3416 ⁴

354 3465 463 3536 petrice
481 3492 493 3520 ι
513 3469 656 3521 meantem)
688 3465 784 3516 Notaui
808 3467 942 3523 lacunam,
966 3466 1090 3532 quamuis
1106 3465 1279 3530 plurimorum
1302 3465 1424 3515 codicum
1448 3478 1512 3514 eon·

289 3551 388 3591 sensus
406 3538 512 3588 tueatur
530 3539 687 3601 scripturam
706 3551 724 3586 a
742 3537 860 3602 Kapplo,
884 3537 1051 3596 ileltreehto‚
1069 3537 1155 3587 Hesio
1172 3539 1324 3602 receptam,
1343 3533 1455 3604 petrice
1474 3533 1512 3585 i*

290 3609 393 3662 teritum
412 3613 554 3667 omnino,
573 3623 642 3674 quae
660 3623 724 3658 num
742 3608 839 3657 Latina
857 3608 893 3657 sit
911 3610 990 3658 ualde
1009 3607 1107 3658 dubito.
1142 3607 1236 3671 Neque
1257 3609 1328 3658 enlm
1346 3621 1401 3658 rem
1418 3601 1513 3656 eoacti

291 3683 341 3729 dlei
359 3691 442 3742 posse
461 3682 574 3738 uidetur,
593 3680 643 3728 nisi
662 3693 696 3728 en
713 3693 758 3730 res
771 3679 903 3729 actionem
916 3679 1050 3729 contineat
1068 3679 1202 3742 quandam
1218 3679 1355 3729 sublectae
1367 3691 1512 3741 personae.

291 3750 332 3798 ita
354 3761 432 3796 nemo
456 3749 534 3799 tuelle
559 3750 712 3812 probauerit
735 3748 829 3800 conari
853 3753 961 3800 mortem
986 3766 1034 3814 pro
1059 3763 1092 3798 eo
1116 3751 1188 3810 quod
1210 3753 1254 3800 est
1277 3745 1383 3801 coedent
1406 3746 1510 3800 couri,

291 3818 439 3877 eademque
458 3813 615 3874 causaest,
635 3819 759 3879 curvil,
784 3816 816 3878 3,
842 3824 895 3871 ert.
919 3817 939 3870 4
960 3815 1089 3870 excidium
1114 3834 1130 3869 e
1155 3819 1259 3870 Paridis
1282 3820 1438 3883 compendio
1461 3833 1512 3882 pre

292 3885 431 3948 archetypi
456 3889 551 3938 mendo
575 3885 681 3938 esitium
704 3892 882 3952 recipiendum
906 3893 973 3942 erat.
1020 3892 1187 3955 Quapropter
1216 3892 1297 3940 miror
1319 3891 1392 3939 uiros
1417 3889 1513 3939 doctos

292 3969 344 4006 non
357 3955 502 4006 offendisse
514 3959 540 4006 in
553 3957 598 4006 illo
612 3959 732 4008 interitus
746 3964 850 4020 conatu,
864 3964 915 4012 nisi
929 3961 997 4012 torte
1009 3961 1118 4010 offendit
1130 3962 1295 4020 Perizonius,
1312 3961 1356 4028 qui
1368 3959 1513 4029 legendum

292 4037 356 4077 esso
372 4024 526 4108 coniecerat
543 4016 675 4107 interitura
694 4029 856 4096 copitentem.
899 4033 987 4082 Nihilo
1011 4033 1101 4099 magis
1125 4032 1228 4100 placet,
1253 4033 1322 4097 quod
1346 4033 1428 4101 uulgo
1449 4033 1514 4080 ante

291 4099 424 4160 Kapprum
443 4097 580 4154 edebatur,
594 4103 713 4164 petr-rom
737 4115 888 4167 oppepncre
912 4107 1055 4155 conantem,
1076 4103 1153 4164 quia,
1179 4105 1207 4152 ut
1229 4105 1303 4153 recte
1326 4102 1514 4168 animaduertit

292 4167 410 4234 Lipsius,
430 4181 482 4216 non
492 4181 648 4232 oppugnare
659 4172 771 4219 conatus
781 4174 825 4221 est
833 4173 959 4234 Marcius,
980 4175 1028 4225 sed
1039 4187 1068 4223 re
1081 4187 1147 4223 uera
1157 4174 1330 4241 oppugnauit,
1367 4173 1513 4236 Archetypl

292 4244 346 4292 iam
366 4252 425 4290 eam
444 4238 567 4289 lacunum
586 4236 672 4286 irrisae
691 4239 789 4307 colligo
806 4257 839 4292 ex
858 4243 1116 4308 interpolationibus,
1137 4245 1252 4309 quaein
1271 4245 1331 4293 aliie
1350 4246 1424 4294 libris
1443 4244 1512 4291 aliae

294 4315 356 4364 sunt
374 4313 523 4375 temptatae
544 4303 659 4374 (protritis
681 4303 774 4358 betium
796 4305 897 4372 inferre
921 4319 1068 4374 concam
1096 4313 1204 4381 patries
1233 4313 1366 4365 interitura
1385 4309 1513 4382 perficere

295 4386 441 4442 emmam,
460 4377 580 4449 patriam
598 4389 749 4444 oppupnare
767 4386 919 4443 conantem).
955 4388 1023 4448 Quid
1042 4387 1209 4449 potissimum
1229 4386 1357 4435 exciderit
1373 4401 1423 4450 pro
1441 4388 1512 4436 certo

295 4455 422 4504 affirmari
439 4452 538 4517 nequit.
573 4448 717 4511 scripserit
734 4450 852 4502 sonasse
865 4457 957 4505 auctor
970 4451 1066 4523 patrici
1075 4461 1192 4508 euertere
1204 4460 1338 4507 cononem
1349 4457 1393 4506 uel
1408 4454 1513 4524 patriae

295 4518 481 4590 mpuprtationi
501 4525 643 4572 conantem,
799 4577 802 4584 ,

367 4598 396 4643 ut
416 4591 524 4656 sennis
546 4590 638 4644 remita
660 4588 716 4644 uiri
738 4588 879 4656 redeam
909 4595 950 4645 De
975 4598 1136 4659 honoribus,
1165 4610 1233 4662 quos
1259 4597 1382 4649 Valerius
1411 4597 1511 4648 feminis

296 4661 403 4726 habitor
422 4676 485 4714 esse
503 4663 598 4727 refert,
616 4666 706 4719 tacent
730 4677 812 4729 supra
835 4666 908 4718 citati
928 4669 1088 4732 scriptores,
1111 4671 1139 4719 td
1162 4683 1243 4721 unum
1265 4670 1509 4728 commemorantes,
