3409 5400
562 478 645 548 ΜΒ.
668 474 739 552 litt,
763 472 801 539 0.
825 472 857 546 8,
879 469 951 537 Ext.
976 475 1006 542 S.
1031 468 1061 533 l.
1085 466 1117 531 2.
1388 458 1454 526 375

230 658 388 757 accipere,
411 654 447 716 in
468 647 616 712 habitum
638 639 674 703 id
696 634 863 701 Victoriae
885 628 1053 699 formauit,
1074 634 1110 686 ut
1131 643 1191 685 eos
1211 621 1368 707 religione
1382 641 1455 685 mo.

231 774 281 827 tas
304 757 527 827 munificentia
550 773 613 816 sua
634 747 680 811 uti
705 749 848 831 cogeret,
872 734 1037 799 uoluntate
1053 727 1200 797 mittendi
1214 727 1317 810 prius,
1339 728 1456 789 iterum

231 867 440 957 prouidentia
462 858 601 926 cauendi
622 876 665 919 ne
687 851 904 915 remitteretur
925 838 1081 905 liberalis.

321 974 523 1039 Subnectam
545 964 622 1026 huic
646 954 905 1043 Acragantinum
932 946 1062 1018 Gillian,
1093 961 1190 1029 quem
1221 932 1458 1023 propemodum
1467 931 1500 997 2.

210 1085 339 1169 aipsins
363 1072 565 1144 liberalitatis
589 1062 783 1155 praecordia
807 1066 936 1122 constat
957 1051 1126 1115 habuisse.
1161 1044 1242 1108 Erat
1264 1041 1381 1127 opibus
1405 1059 1459 1101 ex·

235 1190 367 1261 celiane,
392 1184 452 1251 scd
474 1178 575 1246 multo
599 1175 697 1239 etiam
720 1168 829 1233 animo
855 1182 953 1251 quam
969 1156 1092 1221 diuitiis
1106 1148 1299 1235 locupletior
1314 1164 1460 1231 semper-

237 1318 299 1387 que
322 1295 357 1357 in
381 1286 552 1379 eroganda
573 1283 681 1369 potins
706 1294 804 1362 quam
828 1272 863 1334 in
886 1260 1094 1349 corripienda
1115 1256 1255 1343 pecunia
1271 1262 1461 1339 occupatus,

237 1402 320 1475 adeo
344 1410 379 1465 ut
402 1398 519 1463 domus
545 1391 615 1455 eius
640 1384 737 1472 quasi
766 1374 931 1465 quaedam
958 1364 1199 1433 munificentiae
1228 1362 1362 1425 officina
1391 1378 1462 1420 ere·

238 1511 375 1573 deretur.
402 1502 493 1568 Illinc
511 1499 596 1562 enim
613 1490 750 1581 publicis
766 1485 882 1550 usibus
899 1489 977 1564 apta
992 1479 1204 1539 monumenta
1219 1466 1463 1536 extruebantur3

203 1618 325 1683 1⁰illinc
349 1622 446 1701 grata
468 1604 580 1695 populi
603 1598 706 1671 oeulis
737 1586 925 1681 spectacula
953 1580 1148 1651 edebantur;
1175 1572 1265 1638 illinc
1295 1569 1464 1656 epularum

238 1719 408 1811 magnifici
430 1720 608 1801 apparatus
631 1703 817 1787 labentique
841 1714 994 1761 annonae
1018 1683 1167 1753 subsidia
1190 1678 1387 1743 oriebantur.
1423 1671 1467 1736 Et

240 1852 313 1897 cnm
338 1827 422 1890 llaec
446 1818 621 1891 uniuersis,
644 1810 796 1898 priuatim
814 1803 970 1869 alimenta
984 1794 1098 1878 inopia
1110 1784 1347 1855 laborantibus,
1371 1780 1465 1843 detes

240 1933 424 2023 uirginibus
457 1932 645 2013 paupertate
675 1916 819 2003 pressis,
853 1904 1006 1974 subsidia
1037 1897 1303 1962 detrimentorum
1330 1889 1466 1952 incursu

244 2039 410 2131 quassatis
435 2032 666 2119 erogabantur.
705 2020 861 2105 Hospites
886 2030 1015 2099 quoque
1039 2026 1111 2070 cum
1135 2000 1271 2063 urbanis
1293 1990 1466 2080 penatibus

209 2162 312 2219 utum
336 2146 433 2209 etiam
457 2138 587 2205 rusticis
605 2130 697 2195 tectis
720 2119 958 2209 benignissime
988 2111 1123 2195 excepti,
1147 2105 1250 2168 uariis
1279 2096 1469 2165 muneribus

246 2253 351 2322 ornati
374 2246 625 2312 dimittebantur.
661 2232 814 2314 Quodam
837 2246 917 2290 nero
942 2232 1087 2303 tempore
1110 2212 1140 2276 D
1165 2207 1263 2273 simul
1279 2203 1471 2267 Gelensium

247 2362 371 2449 equites
400 2356 434 2418 ui
462 2344 663 2435 tempestatis
686 2342 721 2404 in
744 2332 977 2423 possessiones
1002 2344 1081 2387 suas
1113 2313 1292 2398 conpulsos
1324 2307 1402 2371 aierit
1432 2324 1472 2365 ao

248 2466 387 2557 uestiuit.
436 2457 523 2539 Quid
551 2446 681 2519 multa?
725 2444 802 2509 Non
830 2434 1001 2503 mortalem
1032 2428 1186 2511 aliquem,
1220 2415 1281 2481 sed
1311 2410 1473 2497 propitiae

248 2580 399 2643 fortunae
416 2566 594 2651 benignum
615 2552 835 2622 esse‘diceres
856 2544 974 2608 sinum.
1010 2534 1100 2620 Ergo
1123 2527 1211 2615 qnod
1232 2520 1348 2586 Gillias
1364 2514 1473 2603 possi-

213 2709 242 2752 ao
253 2684 351 2751 debat
373 2674 518 2744 omniurn
542 2666 637 2755 quasi
660 2675 833 2728 commune
857 2642 1089 2737 patrimonium
1113 2647 1197 2709 erat,
1220 2648 1279 2717 pro
1303 2625 1396 2688 cuius
1420 2641 1474 2684 sa-

251 2793 316 2858 lute
341 2799 372 2852 et
393 2777 602 2849 incrementis
626 2793 700 2836 eum
724 2757 950 2847 Acragantina
977 2750 1091 2816 ciuitas
1123 2755 1189 2807 tum
1217 2736 1316 2802 etiam
1343 2729 1475 2794 uicinae

258 3127 455 3243 agrigentinqur
476 3118 498 3172 C

259 3202 327 3326 litarent
343 3208 435 3330 lilii.
455 3207 631 3321 bolbptenup]
652 3245 834 3300 contrahenda
1229 3280 1235 3291 .

275 3343 287 3414 ΙΙ
306 3339 345 3391 10.
363 3331 465 3400 populi]
484 3328 592 3394 pupillis
611 3317 703 3373 ACD.
723 3313 836 3380 publicis
856 3306 880 3359 Γ
902 3309 927 3355 et
944 3300 1035 3354 toaaa
1053 3292 1133 3342 Seres
1155 3355 1244 3415 mique
1265 3343 1322 3399 CR
1339 3343 1353 3408 ΙΙ
1370 3337 1412 3392 ¹2·
1474 3305 1482 3319 .

262 3409 316 3470 540
333 3405 375 3461 ed.
393 3399 479 3468 naqa
499 3426 533 3436 -
552 3390 615 3446 aad.
635 3394 650 3441 Ι’
669 3387 828 3453 pupillorum
847 3390 937 3440 marqo
955 3369 987 3420 A.
1007 3361 1019 3432 ll
1041 3359 1081 3413 ll.
1101 3359 1154 3408 late

264 3485 292 3539 F.
313 3483 325 3552 11
346 3476 436 3540 inopia
454 3485 503 3522 om.
522 3465 550 3519 F.
571 3464 582 3533 ΙΙ
604 3458 645 3514 lt.
665 3457 736 3522 cum]
757 3459 810 3504 tam
830 3439 1005 3499 DEl'Torr.
1033 3428 1093 3480 Via.
1113 3423 1149 3475 ad
1166 3419 1203 3477 ΙΙ.
1220 3414 1247 3475 2,
1266 3415 1292 3466 8.
1309 3413 1323 3478 ΙΙ
1340 3408 1382 3461 to.
1402 3406 1485 3475 gelle-

265 3561 333 3608 cium
352 3548 386 3603 Ε.
402 3543 414 3616 ll
430 3541 471 3596 ll.
490 3539 533 3604 ac]
554 3540 581 3588 et
598 3529 687 3594 Dan
708 3526 747 3577 lli.
767 3521 834 3583 Quid
853 3514 936 3566 multa
959 3521 1008 3556 om.
1035 3498 1066 3551 Γ.
1082 3497 1096 3562 ΙΙ
1115 3491 1155 3546 19.
1173 3490 1234 3539 beni
1274 3484 1396 3533 testatum
1413 3473 1476 3541 Ru

264 3626 307 3680 20.
327 3616 454 3682 omnium]
469 3615 532 3682 post
551 3609 609 3660 erat
626 3600 657 3653 F.
669 3601 683 3666 Η
695 3601 861 3646 commanem
874 3595 920 3649 pr.
932 3575 964 3628 A.
975 3573 989 3640 ΙΙ
1000 3567 1044 3622 21.
1063 3563 1134 3628 cum]
1152 3565 1208 3609 tum
1258 3543 1485 3606 cunarum

269 3695 329 3750 Vid.
349 3689 385 3744 ed
401 3687 438 3746 ΙΙ,
457 3683 483 3742 ’2,
503 3681 528 3733 8.
540 3679 554 3747 ΙΙ
566 3669 746 3744 agragentina
764 3659 801 3712 D.
826 3648 1007 3722 agragantino
1024 3637 1053 3691 Γ.
1077 3630 1252 3703 agrigentina
1271 3617 1355 3677 CEF
1371 3623 1398 3670 et
1414 3627 1484 3667 cerr.

266 3768 299 3824 A.
321 3765 398 3818 Torr.
410 3761 424 3829 ΙΙ
435 3759 515 3810 etlam
533 3764 583 3801 om,
601 3742 632 3799 F.

770 3857 981 3885 ....---

339 4012 423 4068 Act.
449 4007 575 4056 Timaeus
600 4010 643 4057 ap.
668 3985 744 4039 Diosl.
768 3979 820 4031 Sic.
845 3970 922 4027 xtlt,
945 3959 980 4016 83
1004 3977 1030 4026 p.
1049 3951 1110 4008 608.
1148 3950 1242 4002 tanen.
1260 3946 1284 4003 1,
1307 3938 1332 3996 3.
1368 3937 1443 3991 Sulci.
1460 3949 1487 3988 u.

266 4093 544 4219 myrlbrbyaatiaam
562 4133 672 4197 niutan)
701 4127 721 4178 A
746 4123 862 4174 Diodoro
881 4111 982 4164 Gellius
1007 4102 1130 4155 uocatur,
1155 4094 1302 4156 eademque
1325 4080 1489 4136 tormentae

857 4185 917 4238 libri
939 4177 1050 4232 Τελλίαν
1067 4167 1192 4236 produnt,
1217 4163 1244 4212 et
1266 4158 1384 4210 sonasse
1407 4150 1490 4200 etiam

273 4233 351 4282 «lubio
375 4226 513 4276 Athenaeo
536 4213 562 4264 el
586 4207 697 4260 Saldae.
723 4207 858 4262 quornm⁸

275 4299 380 4353 Valerio
399 4291 517 4344 Maximo
536 4277 671 4334 reddendo
689 4271 739 4321 est.
774 4264 823 4314 lul.
836 4256 940 4310 Paridis
959 4239 1190 4309 compendium-et
1207 4249 1242 4284 ex
1259 4246 1292 4281 eo
1303 4218 1490 4284 interpolatum

276 4583 391 4637 Marullo
410 4574 483 4627 recte
500 4557 693 4630 Acroqaatt'nas
709 4549 836 4618 posuisse
855 4539 949 4594 credo,
974 4530 1018 4596 qui
1036 4519 1172 4578 adnotauit
1189 4508 1322 4575 Silliglurn
1339 4502 1367 4583 iq
1384 4496 1452 4547 l'ltn.
1469 4507 1496 4542 n.

278 4661 304 4708 h.
318 4647 420 4706 XXXV
441 4645 467 4709 s.
479 4635 524 4700 62,
542 4633 586 4694 bl,
606 4625 657 4684 rte
676 4622 820 4687 scripsisse
838 4602 1048 4679 Aprayentiaam.
1083 4595 1158 4643 Idem
1169 4580 1290 4646 Stlliglus
1308 4574 1383 4622 urbas
1400 4577 1498 4617 nomen

278 4727 323 4788 111,
343 4723 368 4782 8,
392 4716 432 4777 ll.
451 4709 486 4768 89
505 4727 520 4762 e
539 4707 630 4760 codiee
647 4694 821 4752 Riccardiano
840 4682 921 4736 edidit
939 4672 1066 4741 Aptaque.
1102 4657 1200 4712 nunno
1217 4663 1281 4700 num
1298 4642 1379 4698 recte.
