<?xml version="1.0" encoding="UTF-8"?>
<!DOCTYPE html PUBLIC "-//W3C//DTD XHTML 1.0 Transitional//EN"
    "http://www.w3.org/TR/xhtml1/DTD/xhtml1-transitional.dtd">
<html xmlns="http://www.w3.org/1999/xhtml" xml:lang="en" lang="en">
 <head>
  <title>
</title>
<meta http-equiv="Content-Type" content="text/html;charset=utf-8" />
  <meta name='ocr-system' content='tesseract 3.04.00' />
  <meta name='ocr-capabilities' content='ocr_page ocr_carea ocr_par ocr_line ocrx_word'/>
</head>
<body>
  <div class='ocr_page' id='page_1' title='image "./valerimaximifac00parigoog_0072.png"; bbox 0 0 3409 5400; ppageno 0'>
   <div class='ocr_carea' id='block_1_1' title="bbox 1391 517 1435 587">
    <p class='ocr_par' dir='ltr' id='par_1_1' title="bbox 1391 517 1435 587">
     <span class='ocr_line' id='line_1_1' title="bbox 1391 517 1435 587; baseline -0.023 0"><span class='ocrx_word' id='word_1_1' title='bbox 1391 517 1435 587; x_wconf 83' lang='lat' dir='ltr'>el</span> 
     </span>
    </p>
   </div>
   <div class='ocr_carea' id='block_1_2' title="bbox 204 687 1524 3793">
    <p class='ocr_par' dir='ltr' id='par_1_2' title="bbox 204 687 1438 1756">
     <span class='ocr_line' id='line_1_2' title="bbox 204 687 1435 790; baseline -0.004 -20"><span class='ocrx_word' id='word_1_2' title='bbox 204 701 306 770; x_wconf 88' lang='lat' dir='ltr'>huius</span> <span class='ocrx_word' id='word_1_3' title='bbox 330 702 493 790; x_wconf 78' lang='lat' dir='ltr'><strong>epitomae</strong></span> <span class='ocrx_word' id='word_1_4' title='bbox 515 687 651 770; x_wconf 88' lang='lat' dir='ltr'>multum</span> <span class='ocrx_word' id='word_1_5' title='bbox 675 721 809 790; x_wconf 88' lang='lat' dir='ltr'>sperare</span> <span class='ocrx_word' id='word_1_6' title='bbox 824 701 1014 788; x_wconf 87' lang='lat' dir='ltr'>possumus,</span> <span class='ocrx_word' id='word_1_7' title='bbox 1039 699 1203 789; x_wconf 88' lang='lat' dir='ltr'>quoniam,</span> <span class='ocrx_word' id='word_1_8' title='bbox 1225 699 1301 765; x_wconf 89' lang='lat' dir='ltr'>licet</span> <span class='ocrx_word' id='word_1_9' title='bbox 1322 721 1435 766; x_wconf 90' lang='lat' dir='ltr'>recen-</span> 
     </span>
     <span class='ocr_line' id='line_1_3' title="bbox 205 807 1436 896; baseline -0.002 -20"><span class='ocrx_word' id='word_1_10' title='bbox 205 813 302 877; x_wconf 89' lang='lat' dir='ltr'>tioris</span> <span class='ocrx_word' id='word_1_11' title='bbox 328 812 403 876; x_wconf 87' lang='lat' dir='ltr'>aeui</span> <span class='ocrx_word' id='word_1_12' title='bbox 426 819 516 876; x_wconf 90' lang='lat' dir='ltr'>certa</span> <span class='ocrx_word' id='word_1_13' title='bbox 538 809 664 875; x_wconf 89' lang='lat' dir='ltr'>indicia</span> <span class='ocrx_word' id='word_1_14' title='bbox 684 807 807 875; x_wconf 88' lang='lat' dir='ltr'>habeat</span> <span class='ocrx_word' id='word_1_15' title='bbox 828 807 929 883; x_wconf 92' lang='lat' dir='ltr'>nulla,</span> <span class='ocrx_word' id='word_1_16' title='bbox 951 818 986 872; x_wconf 92' lang='lat' dir='ltr'>ut</span> <span class='ocrx_word' id='word_1_17' title='bbox 1008 808 1042 872; x_wconf 92' lang='lat' dir='ltr'>in</span> <span class='ocrx_word' id='word_1_18' title='bbox 1059 808 1250 895; x_wconf 85' lang='lat' dir='ltr'>excerptise</span> <span class='ocrx_word' id='word_1_19' title='bbox 1274 809 1436 896; x_wconf 78' lang='lat' dir='ltr'>prioribus</span> 
     </span>
     <span class='ocr_line' id='line_1_4' title="bbox 204 914 1437 1005; baseline -0.004 -21"><span class='ocrx_word' id='word_1_20' title='bbox 204 939 331 984; x_wconf 90' lang='lat' dir='ltr'>nouem</span> <span class='ocrx_word' id='word_1_21' title='bbox 352 918 445 984; x_wconf 89' lang='lat' dir='ltr'>libris</span> <span class='ocrx_word' id='word_1_22' title='bbox 468 939 576 1005; x_wconf 87' lang='lat' dir='ltr'>pauca</span> <span class='ocrx_word' id='word_1_23' title='bbox 591 928 715 982; x_wconf 89' lang='lat' dir='ltr'>tantum</span> <span class='ocrx_word' id='word_1_24' title='bbox 739 915 976 983; x_wconf 88' lang='lat' dir='ltr'>abbreuiatoris</span> <span class='ocrx_word' id='word_1_25' title='bbox 993 914 1437 1003; x_wconf 84' lang='lat' dir='ltr'>propriadeprehenduntur,</span> 
     </span>
     <span class='ocr_line' id='line_1_5' title="bbox 204 1022 1436 1114; baseline -0.003 -22"><span class='ocrx_word' id='word_1_26' title='bbox 204 1028 390 1114; x_wconf 86' lang='lat' dir='ltr'>prementis</span> <span class='ocrx_word' id='word_1_27' title='bbox 413 1026 566 1090; x_wconf 89' lang='lat' dir='ltr'>nimirum</span> <span class='ocrx_word' id='word_1_28' title='bbox 588 1025 708 1111; x_wconf 91' lang='lat' dir='ltr'>ubique</span> <span class='ocrx_word' id='word_1_29' title='bbox 732 1022 859 1090; x_wconf 83' lang='lat' dir='ltr'>Valerii</span> <span class='ocrx_word' id='word_1_30' title='bbox 880 1025 1038 1112; x_wconf 85' lang='lat' dir='ltr'>uestigia,</span> <span class='ocrx_word' id='word_1_31' title='bbox 1062 1025 1108 1089; x_wconf 86' lang='lat' dir='ltr'>ita</span> <span class='ocrx_word' id='word_1_32' title='bbox 1131 1025 1251 1112; x_wconf 84' lang='lat' dir='ltr'>exigua</span> <span class='ocrx_word' id='word_1_33' title='bbox 1273 1047 1358 1113; x_wconf 87' lang='lat' dir='ltr'>quae</span> <span class='ocrx_word' id='word_1_34' title='bbox 1382 1047 1436 1089; x_wconf 93' lang='lat' dir='ltr'>su·</span> 
     </span>
     <span class='ocr_line' id='line_1_6' title="bbox 205 1130 1438 1222; baseline -0.003 -24"><span class='ocrx_word' id='word_1_35' title='bbox 205 1145 347 1222; x_wconf 80' lang='lat' dir='ltr'>pereunt</span> <span class='ocrx_word' id='word_1_36' title='bbox 373 1133 492 1198; x_wconf 88' lang='lat' dir='ltr'>docimi</span> <span class='ocrx_word' id='word_1_37' title='bbox 518 1133 593 1197; x_wconf 90' lang='lat' dir='ltr'>libri</span> <span class='ocrx_word' id='word_1_38' title='bbox 622 1132 817 1220; x_wconf 83' lang='lat' dir='ltr'>fragmenta,</span> <span class='ocrx_word' id='word_1_39' title='bbox 854 1151 896 1195; x_wconf 92' lang='lat' dir='ltr'>ne</span> <span class='ocrx_word' id='word_1_40' title='bbox 925 1130 1091 1216; x_wconf 85' lang='lat' dir='ltr'>explorato</span> <span class='ocrx_word' id='word_1_41' title='bbox 1121 1131 1253 1220; x_wconf 91' lang='lat' dir='ltr'>quidem</span> <span class='ocrx_word' id='word_1_42' title='bbox 1282 1144 1438 1221; x_wconf 90' lang='lat' dir='ltr'>quantum</span> 
     </span>
     <span class='ocr_line' id='line_1_7' title="bbox 207 1237 1437 1329; baseline 0 -23"><span class='ocrx_word' id='word_1_43' title='bbox 207 1263 253 1308; x_wconf 80' lang='lat' dir='ltr'>ex</span> <span class='ocrx_word' id='word_1_44' title='bbox 274 1241 340 1308; x_wconf 91' lang='lat' dir='ltr'>illis</span> <span class='ocrx_word' id='word_1_45' title='bbox 365 1241 580 1329; x_wconf 88' lang='lat' dir='ltr'>epitomatori,</span> <span class='ocrx_word' id='word_1_46' title='bbox 605 1250 760 1327; x_wconf 89' lang='lat' dir='ltr'>quantum</span> <span class='ocrx_word' id='word_1_47' title='bbox 783 1240 939 1324; x_wconf 89' lang='lat' dir='ltr'>primario</span> <span class='ocrx_word' id='word_1_48' title='bbox 963 1239 1087 1304; x_wconf 88' lang='lat' dir='ltr'>auctori</span> <span class='ocrx_word' id='word_1_49' title='bbox 1103 1237 1268 1315; x_wconf 76' lang='lat' dir='ltr'>debeatur,</span> <span class='ocrx_word' id='word_1_50' title='bbox 1292 1239 1333 1304; x_wconf 92' lang='lat' dir='ltr'>de</span> <span class='ocrx_word' id='word_1_51' title='bbox 1356 1251 1437 1306; x_wconf 91' lang='lat' dir='ltr'>tem·</span> 
     </span>
     <span class='ocr_line' id='line_1_8' title="bbox 204 1345 1437 1440; baseline -0.004 -23"><span class='ocrx_word' id='word_1_52' title='bbox 204 1371 311 1440; x_wconf 90' lang='lat' dir='ltr'>pore,</span> <span class='ocrx_word' id='word_1_53' title='bbox 335 1371 400 1438; x_wconf 94' lang='lat' dir='ltr'>quo</span> <span class='ocrx_word' id='word_1_54' title='bbox 431 1347 648 1435; x_wconf 89' lang='lat' dir='ltr'>compositum</span> <span class='ocrx_word' id='word_1_55' title='bbox 676 1347 718 1410; x_wconf 88' lang='lat' dir='ltr'>sit</span> <span class='ocrx_word' id='word_1_56' title='bbox 746 1346 781 1411; x_wconf 90' lang='lat' dir='ltr'>id</span> <span class='ocrx_word' id='word_1_57' title='bbox 803 1345 1047 1432; x_wconf 79' lang='lat' dir='ltr'>compendium,</span> <span class='ocrx_word' id='word_1_58' title='bbox 1081 1349 1310 1414; x_wconf 89' lang='lat' dir='ltr'>coniecturam.</span> <span class='ocrx_word' id='word_1_59' title='bbox 1327 1350 1437 1414; x_wconf 90' lang='lat' dir='ltr'>facere</span> 
     </span>
     <span class='ocr_line' id='line_1_9' title="bbox 205 1452 1438 1545; baseline -0.004 -19"><span class='ocrx_word' id='word_1_60' title='bbox 205 1479 279 1526; x_wconf 85' lang='lat' dir='ltr'>non</span> <span class='ocrx_word' id='word_1_61' title='bbox 303 1457 499 1544; x_wconf 88' lang='lat' dir='ltr'>permittunt.</span> <span class='ocrx_word' id='word_1_62' title='bbox 544 1455 613 1519; x_wconf 86' lang='lat' dir='ltr'>Sed</span> <span class='ocrx_word' id='word_1_63' title='bbox 636 1452 724 1519; x_wconf 92' lang='lat' dir='ltr'>aliud</span> <span class='ocrx_word' id='word_1_64' title='bbox 748 1464 779 1518; x_wconf 92' lang='lat' dir='ltr'>et</span> <span class='ocrx_word' id='word_1_65' title='bbox 796 1453 1031 1542; x_wconf 85' lang='lat' dir='ltr'>grauissimum</span> <span class='ocrx_word' id='word_1_66' title='bbox 1056 1453 1187 1542; x_wconf 92' lang='lat' dir='ltr'>quidem</span> <span class='ocrx_word' id='word_1_67' title='bbox 1211 1467 1438 1545; x_wconf 73' lang='lat' dir='ltr'><strong>argumentum</strong></span> 
     </span>
     <span class='ocr_line' id='line_1_10' title="bbox 208 1561 1438 1651; baseline -0.005 -19"><span class='ocrx_word' id='word_1_68' title='bbox 208 1565 330 1632; x_wconf 87' lang='lat' dir='ltr'>eodem</span> <span class='ocrx_word' id='word_1_69' title='bbox 353 1563 417 1628; x_wconf 90' lang='lat' dir='ltr'>hoc</span> <span class='ocrx_word' id='word_1_70' title='bbox 436 1563 567 1627; x_wconf 88' lang='lat' dir='ltr'>decimo</span> <span class='ocrx_word' id='word_1_71' title='bbox 589 1561 672 1627; x_wconf 91' lang='lat' dir='ltr'>llbro</span> <span class='ocrx_word' id='word_1_72' title='bbox 698 1561 892 1638; x_wconf 81' lang='lat' dir='ltr'>continetur,</span> <span class='ocrx_word' id='word_1_73' title='bbox 922 1575 1119 1650; x_wconf 89' lang='lat' dir='ltr'>quapropter</span> <span class='ocrx_word' id='word_1_74' title='bbox 1148 1561 1381 1651; x_wconf 88' lang='lat' dir='ltr'>aliquantulam</span> <span class='ocrx_word' id='word_1_75' title='bbox 1403 1563 1438 1626; x_wconf 93' lang='lat' dir='ltr'>in</span> 
     </span>
     <span class='ocr_line' id='line_1_11' title="bbox 210 1668 1039 1756; baseline -0.006 -17"><span class='ocrx_word' id='word_1_76' title='bbox 210 1695 254 1739; x_wconf 91' lang='lat' dir='ltr'>eo</span> <span class='ocrx_word' id='word_1_77' title='bbox 278 1668 531 1756; x_wconf 87' lang='lat' dir='ltr'>contemplando</span> <span class='ocrx_word' id='word_1_78' title='bbox 556 1689 796 1734; x_wconf 83' lang='lat' dir='ltr'>commoremur</span> <span class='ocrx_word' id='word_1_79' title='bbox 817 1690 956 1734; x_wconf 87' lang='lat' dir='ltr'>necesse</span> <span class='ocrx_word' id='word_1_80' title='bbox 980 1682 1039 1734; x_wconf 91' lang='lat' dir='ltr'>est.</span> 
     </span>
    </p>

    <p class='ocr_par' dir='ltr' id='par_1_3' title="bbox 208 1776 1524 3793">
     <span class='ocr_line' id='line_1_12' title="bbox 307 1776 1438 1868; baseline 0 -24"><span class='ocrx_word' id='word_1_81' title='bbox 307 1777 430 1844; x_wconf 89' lang='lat' dir='ltr'>Nescio</span> <span class='ocrx_word' id='word_1_82' title='bbox 455 1776 619 1863; x_wconf 89' lang='lat' dir='ltr'>quomodo</span> <span class='ocrx_word' id='word_1_83' title='bbox 642 1777 757 1865; x_wconf 83' lang='lat' dir='ltr'>fugere</span> <span class='ocrx_word' id='word_1_84' title='bbox 780 1778 919 1864; x_wconf 89' lang='lat' dir='ltr'>potuerit</span> <span class='ocrx_word' id='word_1_85' title='bbox 944 1779 1035 1842; x_wconf 88' lang='lat' dir='ltr'>uiros</span> <span class='ocrx_word' id='word_1_86' title='bbox 1060 1778 1191 1857; x_wconf 87' lang='lat' dir='ltr'>doctos,</span> <span class='ocrx_word' id='word_1_87' title='bbox 1220 1781 1274 1868; x_wconf 92' lang='lat' dir='ltr'>qui</span> <span class='ocrx_word' id='word_1_88' title='bbox 1304 1799 1438 1868; x_wconf 91' lang='lat' dir='ltr'>operam</span> 
     </span>
     <span class='ocr_line' id='line_1_13' title="bbox 208 1881 1438 1975; baseline -0.001 -22"><span class='ocrx_word' id='word_1_89' title='bbox 208 1885 441 1974; x_wconf 88' lang='lat' dir='ltr'>impenderunt</span> <span class='ocrx_word' id='word_1_90' title='bbox 462 1881 538 1946; x_wconf 92' lang='lat' dir='ltr'>huic</span> <span class='ocrx_word' id='word_1_91' title='bbox 560 1883 680 1958; x_wconf 89' lang='lat' dir='ltr'>libello,</span> <span class='ocrx_word' id='word_1_92' title='bbox 705 1896 872 1970; x_wconf 88' lang='lat' dir='ltr'>superstes</span> <span class='ocrx_word' id='word_1_93' title='bbox 896 1885 974 1950; x_wconf 90' lang='lat' dir='ltr'>illud</span> <span class='ocrx_word' id='word_1_94' title='bbox 993 1896 1091 1972; x_wconf 90' lang='lat' dir='ltr'>caput</span> <span class='ocrx_word' id='word_1_95' title='bbox 1108 1887 1148 1951; x_wconf 88' lang='lat' dir='ltr'>de</span> <span class='ocrx_word' id='word_1_96' title='bbox 1171 1887 1438 1975; x_wconf 85' lang='lat' dir='ltr'>praenominibus</span> 
     </span>
     <span class='ocr_line' id='line_1_14' title="bbox 209 1991 1438 2082; baseline 0.001 -23"><span class='ocrx_word' id='word_1_97' title='bbox 209 1996 434 2082; x_wconf 80' lang='lat' dir='ltr'>fragmentum</span> <span class='ocrx_word' id='word_1_98' title='bbox 459 2010 535 2055; x_wconf 88' lang='lat' dir='ltr'>esse</span> <span class='ocrx_word' id='word_1_99' title='bbox 551 1991 686 2056; x_wconf 89' lang='lat' dir='ltr'>maioris</span> <span class='ocrx_word' id='word_1_100' title='bbox 705 1991 877 2057; x_wconf 87' lang='lat' dir='ltr'>cuiusdam</span> <span class='ocrx_word' id='word_1_101' title='bbox 891 1993 1097 2080; x_wconf 82' lang='lat' dir='ltr'>grammatici</span> <span class='ocrx_word' id='word_1_102' title='bbox 1109 1996 1217 2081; x_wconf 90' lang='lat' dir='ltr'>operis</span> <span class='ocrx_word' id='word_1_103' title='bbox 1230 1993 1326 2072; x_wconf 88' lang='lat' dir='ltr'>duas,</span> <span class='ocrx_word' id='word_1_104' title='bbox 1343 2017 1438 2082; x_wconf 87' lang='lat' dir='ltr'>prae·</span> 
     </span>
     <span class='ocr_line' id='line_1_15' title="bbox 210 2098 1439 2189; baseline -0.002 -23"><span class='ocrx_word' id='word_1_105' title='bbox 210 2103 330 2188; x_wconf 86' lang='lat' dir='ltr'>eipuas</span> <span class='ocrx_word' id='word_1_106' title='bbox 354 2098 511 2164; x_wconf 86' lang='lat' dir='ltr'>orationis</span> <span class='ocrx_word' id='word_1_107' title='bbox 535 2109 656 2184; x_wconf 88' lang='lat' dir='ltr'>partes,</span> <span class='ocrx_word' id='word_1_108' title='bbox 682 2117 804 2164; x_wconf 91' lang='lat' dir='ltr'>nomen</span> <span class='ocrx_word' id='word_1_109' title='bbox 827 2111 859 2164; x_wconf 93' lang='lat' dir='ltr'>et</span> <span class='ocrx_word' id='word_1_110' title='bbox 880 2099 1033 2176; x_wconf 90' lang='lat' dir='ltr'>uerbum,</span> <span class='ocrx_word' id='word_1_111' title='bbox 1061 2101 1108 2165; x_wconf 92' lang='lat' dir='ltr'>ita</span> <span class='ocrx_word' id='word_1_112' title='bbox 1135 2101 1275 2188; x_wconf 84' lang='lat' dir='ltr'>amplexi</span> <span class='ocrx_word' id='word_1_113' title='bbox 1297 2114 1332 2166; x_wconf 91' lang='lat' dir='ltr'>ut</span> <span class='ocrx_word' id='word_1_114' title='bbox 1355 2121 1439 2189; x_wconf 90' lang='lat' dir='ltr'>quae</span> 
     </span>
     <span class='ocr_line' id='line_1_16' title="bbox 211 2205 1439 2294; baseline 0.002 -23"><span class='ocrx_word' id='word_1_115' title='bbox 211 2229 253 2272; x_wconf 87' lang='lat' dir='ltr'>ex</span> <span class='ocrx_word' id='word_1_116' title='bbox 275 2207 331 2272; x_wconf 89' lang='lat' dir='ltr'>his</span> <span class='ocrx_word' id='word_1_117' title='bbox 356 2205 400 2270; x_wconf 88' lang='lat' dir='ltr'>ad</span> <span class='ocrx_word' id='word_1_118' title='bbox 424 2205 682 2291; x_wconf 87' lang='lat' dir='ltr'>antiquititatem‚</span> <span class='ocrx_word' id='word_1_119' title='bbox 706 2205 949 2294; x_wconf 83' lang='lat' dir='ltr'>etymologiam,</span> <span class='ocrx_word' id='word_1_120' title='bbox 974 2206 1139 2272; x_wconf 89' lang='lat' dir='ltr'>scribendi</span> <span class='ocrx_word' id='word_1_121' title='bbox 1155 2209 1316 2275; x_wconf 90' lang='lat' dir='ltr'>rationem</span> <span class='ocrx_word' id='word_1_122' title='bbox 1339 2207 1439 2273; x_wconf 87' lang='lat' dir='ltr'>alias·</span> 
     </span>
     <span class='ocr_line' id='line_1_17' title="bbox 212 2311 1440 2404; baseline 0 -27"><span class='ocrx_word' id='word_1_123' title='bbox 212 2336 279 2404; x_wconf 89' lang='lat' dir='ltr'>que</span> <span class='ocrx_word' id='word_1_124' title='bbox 303 2312 539 2402; x_wconf 78' lang='lat' dir='ltr'>gratnmaticae</span> <span class='ocrx_word' id='word_1_125' title='bbox 563 2313 643 2376; x_wconf 86' lang='lat' dir='ltr'>artis</span> <span class='ocrx_word' id='word_1_126' title='bbox 672 2311 865 2399; x_wconf 87' lang='lat' dir='ltr'>disciplinas</span> <span class='ocrx_word' id='word_1_127' title='bbox 895 2325 1095 2400; x_wconf 80' lang='lat' dir='ltr'>spectarent,</span> <span class='ocrx_word' id='word_1_128' title='bbox 1123 2314 1217 2399; x_wconf 91' lang='lat' dir='ltr'>plene</span> <span class='ocrx_word' id='word_1_129' title='bbox 1246 2327 1278 2379; x_wconf 91' lang='lat' dir='ltr'>et</span> <span class='ocrx_word' id='word_1_130' title='bbox 1305 2316 1440 2402; x_wconf 89' lang='lat' dir='ltr'>copiose</span> 
     </span>
     <span class='ocr_line' id='line_1_18' title="bbox 212 2417 1440 2508; baseline -0.002 -23"><span class='ocrx_word' id='word_1_131' title='bbox 212 2421 453 2508; x_wconf 86' lang='lat' dir='ltr'>explicarentur</span> <span class='ocrx_word' id='word_1_132' title='bbox 463 2423 498 2499; x_wconf 94' lang='lat'>¹).</span> <span class='ocrx_word' id='word_1_133' title='bbox 543 2417 753 2485; x_wconf 84' lang='lat' dir='ltr'>Disseruerat</span> <span class='ocrx_word' id='word_1_134' title='bbox 782 2419 870 2485; x_wconf 89' lang='lat' dir='ltr'>enim</span> <span class='ocrx_word' id='word_1_135' title='bbox 898 2431 1011 2486; x_wconf 80' lang='lat' dir='ltr'>auctor</span> <span class='ocrx_word' id='word_1_136' title='bbox 1040 2421 1181 2508; x_wconf 91' lang='lat' dir='ltr'>quinque</span> <span class='ocrx_word' id='word_1_137' title='bbox 1210 2420 1370 2508; x_wconf 80' lang='lat' dir='ltr'>capitibus</span> <span class='ocrx_word' id='word_1_138' title='bbox 1400 2419 1440 2485; x_wconf 89' lang='lat' dir='ltr'>de</span> 
     </span>
     <span class='ocr_line' id='line_1_19' title="bbox 210 2503 1524 2616; baseline -0.002 -21"><span class='ocrx_word' id='word_1_139' title='bbox 210 2529 359 2603; x_wconf 89' lang='lat' dir='ltr'>nomine,</span> <span class='ocrx_word' id='word_1_140' title='bbox 383 2537 414 2592; x_wconf 88' lang='lat' dir='ltr'>et</span> <span class='ocrx_word' id='word_1_141' title='bbox 436 2527 576 2614; x_wconf 90' lang='lat' dir='ltr'>primum</span> <span class='ocrx_word' id='word_1_142' title='bbox 600 2528 730 2614; x_wconf 90' lang='lat' dir='ltr'>quidem</span> <span class='ocrx_word' id='word_1_143' title='bbox 750 2537 901 2616; x_wconf 90' lang='lat' dir='ltr'>quattuor</span> <span class='ocrx_word' id='word_1_144' title='bbox 918 2528 1079 2615; x_wconf 87' lang='lat' dir='ltr'>capitibus</span> <span class='ocrx_word' id='word_1_145' title='bbox 1098 2528 1138 2592; x_wconf 91' lang='lat' dir='ltr'>de</span> <span class='ocrx_word' id='word_1_146' title='bbox 1155 2528 1341 2593; x_wconf 89' lang='lat' dir='ltr'>nominibus</span> <span class='ocrx_word' id='word_1_147' title='bbox 1364 2549 1440 2615; x_wconf 89' lang='lat' dir='ltr'>pro·</span> <span class='ocrx_word' id='word_1_148' title='bbox 1514 2503 1524 2522; x_wconf 49' lang='lat'>⁸</span> 
     </span>
     <span class='ocr_line' id='line_1_20' title="bbox 211 2632 1440 2725; baseline -0.003 -24"><span class='ocrx_word' id='word_1_149' title='bbox 211 2637 307 2725; x_wconf 87' lang='lat' dir='ltr'>priis,</span> <span class='ocrx_word' id='word_1_150' title='bbox 332 2637 363 2701; x_wconf 91' lang='lat'>1.</span> <span class='ocrx_word' id='word_1_151' title='bbox 388 2632 428 2699; x_wconf 88' lang='lat' dir='ltr'>de</span> <span class='ocrx_word' id='word_1_152' title='bbox 451 2635 734 2721; x_wconf 82' lang='lat' dir='ltr'>praenominibus,</span> <span class='ocrx_word' id='word_1_153' title='bbox 766 2635 797 2702; x_wconf 81' lang='lat'>2.</span> <span class='ocrx_word' id='word_1_154' title='bbox 822 2634 863 2699; x_wconf 92' lang='lat' dir='ltr'>de</span> <span class='ocrx_word' id='word_1_155' title='bbox 886 2635 1073 2701; x_wconf 76' lang='lat' dir='ltr'>nominibus</span> <span class='ocrx_word' id='word_1_156' title='bbox 1098 2633 1314 2724; x_wconf 81' lang='lat' dir='ltr'>(gentiliciis),</span> <span class='ocrx_word' id='word_1_157' title='bbox 1345 2635 1376 2702; x_wconf 82' lang='lat'>3.</span> <span class='ocrx_word' id='word_1_158' title='bbox 1400 2635 1440 2700; x_wconf 89' lang='lat' dir='ltr'>de</span> 
     </span>
     <span class='ocr_line' id='line_1_21' title="bbox 213 2738 1440 2832; baseline -0.002 -23"><span class='ocrx_word' id='word_1_159' title='bbox 213 2741 484 2831; x_wconf 80' lang='lat' dir='ltr'>cognominibus,</span> <span class='ocrx_word' id='word_1_160' title='bbox 517 2742 549 2806; x_wconf 88' lang='grc'>4.</span> <span class='ocrx_word' id='word_1_161' title='bbox 584 2741 624 2805; x_wconf 78' lang='lat' dir='ltr'>tle</span> <span class='ocrx_word' id='word_1_162' title='bbox 658 2744 907 2832; x_wconf 79' lang='lat' dir='ltr'>agnominibus3</span> <span class='ocrx_word' id='word_1_163' title='bbox 941 2742 1060 2807; x_wconf 89' lang='lat' dir='ltr'>deinde</span> <span class='ocrx_word' id='word_1_164' title='bbox 1094 2738 1274 2831; x_wconf 84' lang='lat' dir='ltr'>quintode</span> <span class='ocrx_word' id='word_1_165' title='bbox 1306 2745 1440 2809; x_wconf 91' lang='lat' dir='ltr'>nomine</span> 
     </span>
     <span class='ocr_line' id='line_1_22' title="bbox 214 2848 1440 2939; baseline -0.002 -24"><span class='ocrx_word' id='word_1_166' title='bbox 214 2848 414 2937; x_wconf 88' lang='lat' dir='ltr'>appellatiuo</span> <span class='ocrx_word' id='word_1_167' title='bbox 423 2853 460 2928; x_wconf 87' lang='lat'>²),</span> <span class='ocrx_word' id='word_1_168' title='bbox 483 2858 650 2936; x_wconf 91' lang='lat' dir='ltr'>postremo</span> <span class='ocrx_word' id='word_1_169' title='bbox 674 2852 779 2937; x_wconf 89' lang='lat' dir='ltr'>capite</span> <span class='ocrx_word' id='word_1_170' title='bbox 803 2861 895 2915; x_wconf 88' lang='lat' dir='ltr'>sexto</span> <span class='ocrx_word' id='word_1_171' title='bbox 909 2849 949 2913; x_wconf 90' lang='lat' dir='ltr'>de</span> <span class='ocrx_word' id='word_1_172' title='bbox 961 2850 1082 2915; x_wconf 89' lang='lat' dir='ltr'>uerbis.</span> <span class='ocrx_word' id='word_1_173' title='bbox 1129 2849 1222 2932; x_wconf 84' lang='lat' dir='ltr'>Quae</span> <span class='ocrx_word' id='word_1_174' title='bbox 1241 2863 1440 2939; x_wconf 85' lang='lat' dir='ltr'>quantopere</span> 
     </span>
     <span class='ocr_line' id='line_1_23' title="bbox 214 2954 1442 3044; baseline 0.002 -23"><span class='ocrx_word' id='word_1_175' title='bbox 214 2958 283 3021; x_wconf 87' lang='lat' dir='ltr'>sint</span> <span class='ocrx_word' id='word_1_176' title='bbox 305 2954 415 3021; x_wconf 86' lang='lat' dir='ltr'>aliena</span> <span class='ocrx_word' id='word_1_177' title='bbox 438 2976 459 3020; x_wconf 88' lang='lat' dir='ltr'>a</span> <span class='ocrx_word' id='word_1_178' title='bbox 480 2967 588 3021; x_wconf 89' lang='lat' dir='ltr'>mente</span> <span class='ocrx_word' id='word_1_179' title='bbox 618 2964 650 3019; x_wconf 91' lang='lat' dir='ltr'>et</span> <span class='ocrx_word' id='word_1_180' title='bbox 664 2954 814 3021; x_wconf 82' lang='lat' dir='ltr'>consilio</span> <span class='ocrx_word' id='word_1_181' title='bbox 843 2954 969 3020; x_wconf 86' lang='lat' dir='ltr'>Valerii</span> <span class='ocrx_word' id='word_1_182' title='bbox 998 2958 1133 3044; x_wconf 89' lang='lat' dir='ltr'>eiusque</span> <span class='ocrx_word' id='word_1_183' title='bbox 1161 2956 1252 3024; x_wconf 90' lang='lat' dir='ltr'>libris</span> <span class='ocrx_word' id='word_1_184' title='bbox 1280 2960 1442 3024; x_wconf 86' lang='lat' dir='ltr'>factorum</span> 
     </span>
     <span class='ocr_line' id='line_1_24' title="bbox 214 3048 1441 3150; baseline 0.001 -22"><span class='ocrx_word' id='word_1_185' title='bbox 214 3074 248 3128; x_wconf 89' lang='lat' dir='ltr'>et</span> <span class='ocrx_word' id='word_1_186' title='bbox 274 3062 434 3128; x_wconf 88' lang='lat' dir='ltr'>dictorum</span> <span class='ocrx_word' id='word_1_187' title='bbox 462 3061 723 3128; x_wconf 89' lang='lat' dir='ltr'>memorabilium</span> <span class='ocrx_word' id='word_1_188' title='bbox 752 3061 836 3128; x_wconf 89' lang='lat' dir='ltr'>adeo</span> <span class='ocrx_word' id='word_1_189' title='bbox 865 3063 998 3150; x_wconf 91' lang='lat' dir='ltr'>planum</span> <span class='ocrx_word' id='word_1_190' title='bbox 1028 3075 1078 3128; x_wconf 90' lang='lat' dir='ltr'>est</span> <span class='ocrx_word' id='word_1_191' title='bbox 1106 3048 1143 3128; x_wconf 79' lang='lat' dir='ltr'>ut</span> <span class='ocrx_word' id='word_1_192' title='bbox 1165 3066 1221 3131; x_wconf 86' lang='lat' dir='ltr'>uix</span> <span class='ocrx_word' id='word_1_193' title='bbox 1247 3064 1441 3132; x_wconf 80' lang='lat' dir='ltr'>refutatione</span> 
     </span>
     <span class='ocr_line' id='line_1_25' title="bbox 214 3170 1442 3257; baseline 0.003 -24"><span class='ocrx_word' id='word_1_194' title='bbox 214 3182 315 3257; x_wconf 79' lang='lat' dir='ltr'>egeat</span> <span class='ocrx_word' id='word_1_195' title='bbox 336 3190 449 3235; x_wconf 90' lang='lat' dir='ltr'>eorum</span> <span class='ocrx_word' id='word_1_196' title='bbox 472 3170 650 3243; x_wconf 88' lang='lat' dir='ltr'>sententia,</span> <span class='ocrx_word' id='word_1_197' title='bbox 679 3172 734 3256; x_wconf 91' lang='lat' dir='ltr'>qui</span> <span class='ocrx_word' id='word_1_198' title='bbox 764 3172 873 3256; x_wconf 90' lang='lat' dir='ltr'>ipsum</span> <span class='ocrx_word' id='word_1_199' title='bbox 890 3171 1035 3257; x_wconf 88' lang='lat' dir='ltr'>priorum</span> <span class='ocrx_word' id='word_1_200' title='bbox 1054 3170 1255 3240; x_wconf 90' lang='lat' dir='ltr'>uoluminum</span> <span class='ocrx_word' id='word_1_201' title='bbox 1275 3184 1442 3238; x_wconf 89' lang='lat' dir='ltr'>auctorem</span> 
     </span>
     <span class='ocr_line' id='line_1_26' title="bbox 212 3276 1442 3366; baseline -0.002 -23"><span class='ocrx_word' id='word_1_202' title='bbox 212 3278 282 3344; x_wconf 86' lang='lat' dir='ltr'>hoc</span> <span class='ocrx_word' id='word_1_203' title='bbox 305 3277 468 3343; x_wconf 91' lang='lat' dir='ltr'>decimum</span> <span class='ocrx_word' id='word_1_204' title='bbox 491 3276 565 3341; x_wconf 89' lang='lat' dir='ltr'>ideo</span> <span class='ocrx_word' id='word_1_205' title='bbox 589 3276 752 3341; x_wconf 86' lang='lat' dir='ltr'>adiecisse</span> <span class='ocrx_word' id='word_1_206' title='bbox 776 3278 1001 3342; x_wconf 86' lang='lat' dir='ltr'>existimarunt</span> <span class='ocrx_word' id='word_1_207' title='bbox 1023 3287 1058 3341; x_wconf 95' lang='lat' dir='ltr'>ut</span> <span class='ocrx_word' id='word_1_208' title='bbox 1079 3279 1271 3366; x_wconf 88' lang='lat' dir='ltr'>frequentia,</span> <span class='ocrx_word' id='word_1_209' title='bbox 1301 3279 1442 3368; x_wconf 88' lang='lat' dir='ltr'>quaein</span> 
     </span>
     <span class='ocr_line' id='line_1_27' title="bbox 212 3382 1442 3472; baseline -0.005 -20"><span class='ocrx_word' id='word_1_210' title='bbox 212 3386 282 3452; x_wconf 84' lang='lat' dir='ltr'>illis</span> <span class='ocrx_word' id='word_1_211' title='bbox 305 3382 625 3472; x_wconf 86' lang='lat' dir='ltr'>deprehenderentur</span> <span class='ocrx_word' id='word_1_212' title='bbox 636 3382 862 3450; x_wconf 86' lang='lat' dir='ltr'>Romanorum</span> <span class='ocrx_word' id='word_1_213' title='bbox 883 3386 1028 3450; x_wconf 89' lang='lat' dir='ltr'>uirorum</span> <span class='ocrx_word' id='word_1_214' title='bbox 1051 3396 1083 3448; x_wconf 92' lang='lat' dir='ltr'>et</span> <span class='ocrx_word' id='word_1_215' title='bbox 1103 3385 1274 3450; x_wconf 91' lang='lat' dir='ltr'>mulierum</span> <span class='ocrx_word' id='word_1_216' title='bbox 1297 3384 1442 3457; x_wconf 87' lang='lat' dir='ltr'>nomina,</span> 
     </span>
     <span class='ocr_line' id='line_1_28' title="bbox 216 3489 1442 3580; baseline -0.006 -22"><span class='ocrx_word' id='word_1_217' title='bbox 216 3492 404 3558; x_wconf 89' lang='lat' dir='ltr'>accuratius</span> <span class='ocrx_word' id='word_1_218' title='bbox 416 3490 514 3578; x_wconf 89' lang='lat' dir='ltr'>paulo</span> <span class='ocrx_word' id='word_1_219' title='bbox 528 3490 773 3578; x_wconf 86' lang='lat' dir='ltr'>explicarentur,</span> <span class='ocrx_word' id='word_1_220' title='bbox 790 3502 959 3580; x_wconf 86' lang='lat' dir='ltr'>tamquam</span> <span class='ocrx_word' id='word_1_221' title='bbox 971 3492 1187 3580; x_wconf 86' lang='lat' dir='ltr'>grammatica</span> <span class='ocrx_word' id='word_1_222' title='bbox 1203 3492 1244 3555; x_wconf 89' lang='lat' dir='ltr'>de</span> <span class='ocrx_word' id='word_1_223' title='bbox 1255 3489 1442 3555; x_wconf 90' lang='lat' dir='ltr'>nominibus</span> 
     </span>
     <span class='ocr_line' id='line_1_29' title="bbox 213 3596 1443 3686; baseline -0.002 -22"><span class='ocrx_word' id='word_1_224' title='bbox 213 3599 385 3686; x_wconf 80' lang='lat' dir='ltr'>inquisitio</span> <span class='ocrx_word' id='word_1_225' title='bbox 408 3598 531 3663; x_wconf 83' lang='lat' dir='ltr'>faceret</span> <span class='ocrx_word' id='word_1_226' title='bbox 554 3597 677 3685; x_wconf 86' lang='lat' dir='ltr'>aliquid</span> <span class='ocrx_word' id='word_1_227' title='bbox 700 3596 743 3663; x_wconf 91' lang='lat' dir='ltr'>ad</span> <span class='ocrx_word' id='word_1_228' title='bbox 764 3596 961 3663; x_wconf 89' lang='lat' dir='ltr'>intellectum</span> <span class='ocrx_word' id='word_1_229' title='bbox 984 3619 1091 3663; x_wconf 89' lang='lat' dir='ltr'>rerum</span> <span class='ocrx_word' id='word_1_230' title='bbox 1104 3602 1201 3663; x_wconf 80' lang='lat' dir='ltr'>antea</span> <span class='ocrx_word' id='word_1_231' title='bbox 1223 3598 1443 3684; x_wconf 85' lang='lat' dir='ltr'>expositarum</span> 
     </span>
     <span class='ocr_line' id='line_1_30' title="bbox 216 3702 1442 3793; baseline -0.003 -23"><span class='ocrx_word' id='word_1_232' title='bbox 216 3717 275 3771; x_wconf 87' lang='lat' dir='ltr'>aut</span> <span class='ocrx_word' id='word_1_233' title='bbox 296 3706 458 3770; x_wconf 88' lang='lat' dir='ltr'>interesse</span> <span class='ocrx_word' id='word_1_234' title='bbox 480 3716 594 3793; x_wconf 89' lang='lat' dir='ltr'>posset</span> <span class='ocrx_word' id='word_1_235' title='bbox 616 3702 828 3771; x_wconf 86' lang='lat' dir='ltr'>historiarum</span> <span class='ocrx_word' id='word_1_236' title='bbox 851 3705 1050 3771; x_wconf 80' lang='lat' dir='ltr'>coenatoris</span> <span class='ocrx_word' id='word_1_237' title='bbox 1073 3703 1126 3769; x_wconf 92' lang='lat' dir='ltr'>uel</span> <span class='ocrx_word' id='word_1_238' title='bbox 1147 3702 1287 3770; x_wconf 91' lang='lat' dir='ltr'>rhetoris</span> <span class='ocrx_word' id='word_1_239' title='bbox 1311 3704 1442 3791; x_wconf 14' lang='lat' dir='ltr'>depety·</span> 
     </span>
    </p>
   </div>
   <div class='ocr_carea' id='block_1_3' title="bbox 215 3936 1512 4347">
    <p class='ocr_par' dir='ltr' id='par_1_4' title="bbox 215 3936 1512 4347">
     <span class='ocr_line' id='line_1_31' title="bbox 288 3936 1443 4005; baseline 0 -18"><span class='ocrx_word' id='word_1_240' title='bbox 288 3937 310 4004; x_wconf 84' lang='lat'>¹)</span> <span class='ocrx_word' id='word_1_241' title='bbox 331 3936 456 3987; x_wconf 84' lang='lat' dir='ltr'>Similiter</span> <span class='ocrx_word' id='word_1_242' title='bbox 473 3937 546 3987; x_wconf 86' lang='lat' dir='ltr'>artes</span> <span class='ocrx_word' id='word_1_243' title='bbox 565 3936 714 3987; x_wconf 82' lang='lat' dir='ltr'>denomino</span> <span class='ocrx_word' id='word_1_244' title='bbox 732 3937 759 3988; x_wconf 86' lang='lat' dir='ltr'>et</span> <span class='ocrx_word' id='word_1_245' title='bbox 776 3938 869 3995; x_wconf 86' lang='lat' dir='ltr'>uerbo,</span> <span class='ocrx_word' id='word_1_246' title='bbox 888 3936 1035 3987; x_wconf 89' lang='lat' dir='ltr'>sedsolem</span> <span class='ocrx_word' id='word_1_247' title='bbox 1052 3936 1172 4005; x_wconf 79' lang='lat' dir='ltr'>linguam</span> <span class='ocrx_word' id='word_1_248' title='bbox 1190 3938 1353 4004; x_wconf 79' lang='lat' dir='ltr'>spectantes,</span> <span class='ocrx_word' id='word_1_249' title='bbox 1372 3952 1443 3988; x_wconf 89' lang='lat' dir='ltr'>eom·</span> 
     </span>
     <span class='ocr_line' id='line_1_32' title="bbox 215 4005 1443 4077; baseline -0.002 -16"><span class='ocrx_word' id='word_1_250' title='bbox 215 4011 368 4077; x_wconf 81' lang='lat' dir='ltr'>posuerant</span> <span class='ocrx_word' id='word_1_251' title='bbox 390 4009 496 4059; x_wconf 79' lang='lat' dir='ltr'>Phocea</span> <span class='ocrx_word' id='word_1_252' title='bbox 521 4010 713 4076; x_wconf 77' lang='lat' dir='ltr'>grammaticus</span> <span class='ocrx_word' id='word_1_253' title='bbox 740 4008 876 4075; x_wconf 78' lang='lat' dir='ltr'>(liudem.</span> <span class='ocrx_word' id='word_1_254' title='bbox 900 4023 970 4073; x_wconf 86' lang='lat' dir='ltr'>corp.</span> <span class='ocrx_word' id='word_1_255' title='bbox 994 4024 1109 4077; x_wconf 78' lang='lat' dir='ltr'>gramm</span> <span class='ocrx_word' id='word_1_256' title='bbox 1138 4010 1164 4069; x_wconf 88' lang='lat'>1,</span> <span class='ocrx_word' id='word_1_257' title='bbox 1189 4026 1216 4075; x_wconf 91' lang='lat' dir='ltr'>p.</span> <span class='ocrx_word' id='word_1_258' title='bbox 1239 4005 1299 4060; x_wconf 64' lang='lat' dir='ltr'>{ll-‘a</span> <span class='ocrx_word' id='word_1_259' title='bbox 1334 4008 1443 4059; x_wconf 82' lang='lat' dir='ltr'>Putsch.</span> 
     </span>
     <span class='ocr_line' id='line_1_33' title="bbox 215 4075 1512 4148; baseline -0.006 -14"><span class='ocrx_word' id='word_1_260' title='bbox 215 4098 243 4147; x_wconf 85' lang='lat' dir='ltr'>p.</span> <span class='ocrx_word' id='word_1_261' title='bbox 266 4076 337 4133; x_wconf 74' lang='lat'>168³</span> <span class='ocrx_word' id='word_1_262' title='bbox 356 4080 435 4145; x_wconf 82' lang='lat' dir='ltr'>sqq),</span> <span class='ocrx_word' id='word_1_263' title='bbox 454 4080 613 4130; x_wconf 82' lang='lat' dir='ltr'>Consentiae</span> <span class='ocrx_word' id='word_1_264' title='bbox 632 4096 676 4145; x_wconf 85' lang='lat' dir='ltr'>ap.</span> <span class='ocrx_word' id='word_1_265' title='bbox 689 4079 798 4131; x_wconf 86' lang='lat' dir='ltr'>Putsch.</span> <span class='ocrx_word' id='word_1_266' title='bbox 810 4096 836 4145; x_wconf 89' lang='lat' dir='ltr'>p.</span> <span class='ocrx_word' id='word_1_267' title='bbox 849 4075 929 4138; x_wconf 74' lang='lat'>2018,</span> <span class='ocrx_word' id='word_1_268' title='bbox 943 4081 996 4131; x_wconf 82' lang='lat' dir='ltr'>alii.</span> <span class='ocrx_word' id='word_1_269' title='bbox 1032 4080 1133 4131; x_wconf 75' lang='lat' dir='ltr'>Eodem</span> <span class='ocrx_word' id='word_1_270' title='bbox 1148 4082 1286 4145; x_wconf 87' lang='lat' dir='ltr'>proposito</span> <span class='ocrx_word' id='word_1_271' title='bbox 1298 4082 1332 4131; x_wconf 87' lang='lat' dir='ltr'>de</span> <span class='ocrx_word' id='word_1_272' title='bbox 1345 4094 1443 4148; x_wconf 79' lang='lat' dir='ltr'>cogno·</span> <span class='ocrx_word' id='word_1_273' title='bbox 1508 4118 1512 4126; x_wconf 88' lang='grc'><strong>.</strong></span> 
     </span>
     <span class='ocr_line' id='line_1_34' title="bbox 216 4149 1444 4216; baseline -0.003 -13"><span class='ocrx_word' id='word_1_274' title='bbox 216 4152 337 4203; x_wconf 88' lang='lat' dir='ltr'>mim&#39;bos</span> <span class='ocrx_word' id='word_1_275' title='bbox 355 4152 501 4215; x_wconf 85' lang='lat' dir='ltr'>scripsisse</span> <span class='ocrx_word' id='word_1_276' title='bbox 524 4154 589 4215; x_wconf 84' lang='lat' dir='ltr'>puto</span> <span class='ocrx_word' id='word_1_277' title='bbox 607 4150 755 4215; x_wconf 80' lang='lat' dir='ltr'>Epicadum</span> <span class='ocrx_word' id='word_1_278' title='bbox 775 4151 889 4201; x_wconf 87' lang='lat' dir='ltr'>Cornelii</span> <span class='ocrx_word' id='word_1_279' title='bbox 912 4149 1007 4216; x_wconf 83' lang='lat' dir='ltr'>Syllae</span> <span class='ocrx_word' id='word_1_280' title='bbox 1030 4152 1160 4202; x_wconf 87' lang='lat' dir='ltr'>libertum.</span> <span class='ocrx_word' id='word_1_281' title='bbox 1198 4150 1236 4201; x_wconf 78' lang='lat' dir='ltr'>ct</span> <span class='ocrx_word' id='word_1_282' title='bbox 1261 4154 1363 4203; x_wconf 79' lang='lat' dir='ltr'>Osann.</span> <span class='ocrx_word' id='word_1_283' title='bbox 1388 4150 1444 4201; x_wconf 64' lang='lat' dir='ltr'>bele</span> 
     </span>
     <span class='ocr_line' id='line_1_35' title="bbox 215 4218 1443 4347; baseline 0.002 -76"><span class='ocrx_word' id='word_1_284' title='bbox 215 4224 299 4347; x_wconf 51' lang='grc' dir='ltr'>ῗὲοε</span> <span class='ocrx_word' id='word_1_285' title='bbox 317 4223 483 4344; x_wconf 54' lang='grc' dir='ltr'>ιιιιὶῶτίεοὴ.</span> <span class='ocrx_word' id='word_1_286' title='bbox 502 4238 529 4275; x_wconf 83' lang='lat' dir='ltr'>a.</span> <span class='ocrx_word' id='word_1_287' title='bbox 546 4226 611 4273; x_wconf 76' lang='lat' dir='ltr'>rom.</span> <span class='ocrx_word' id='word_1_288' title='bbox 631 4223 709 4273; x_wconf 87' lang='lat' dir='ltr'>litter.</span> <span class='ocrx_word' id='word_1_289' title='bbox 728 4222 823 4289; x_wconf 75' lang='lat' dir='ltr'>gesela</span> <span class='ocrx_word' id='word_1_290' title='bbox 836 4222 862 4272; x_wconf 93' lang='lat' dir='ltr'>ll</span> <span class='ocrx_word' id='word_1_291' title='bbox 878 4236 905 4286; x_wconf 90' lang='lat' dir='ltr'>p.</span> <span class='ocrx_word' id='word_1_292' title='bbox 923 4218 984 4273; x_wconf 76' lang='lat' dir='ltr'>eie.</span> <span class='ocrx_word' id='word_1_293' title='bbox 1011 4222 1124 4275; x_wconf 83' lang='lat' dir='ltr'>Lersch.</span> <span class='ocrx_word' id='word_1_294' title='bbox 1143 4224 1266 4274; x_wconf 83' lang='lat' dir='ltr'>zeitschr.</span> <span class='ocrx_word' id='word_1_295' title='bbox 1279 4224 1297 4274; x_wconf 86' lang='lat' dir='ltr'>t‘.</span> <span class='ocrx_word' id='word_1_296' title='bbox 1310 4224 1443 4275; x_wconf 80' lang='lat' dir='ltr'>alterthw.</span> 
     </span>
    </p>
   </div>
   <div class='ocr_carea' id='block_1_4' title="bbox 216 4358 1446 4859">
    <p class='ocr_par' dir='ltr' id='par_1_5' title="bbox 216 4358 1446 4859">
     <span class='ocr_line' id='line_1_36' title="bbox 292 4358 1445 4433; baseline -0.001 -20"><span class='ocrx_word' id='word_1_297' title='bbox 292 4362 363 4428; x_wconf 71' lang='grc' dir='ltr'>Ξ)Ιι1</span> <span class='ocrx_word' id='word_1_298' title='bbox 382 4364 528 4432; x_wconf 82' lang='lat' dir='ltr'>significari</span> <span class='ocrx_word' id='word_1_299' title='bbox 551 4364 723 4429; x_wconf 87' lang='lat' dir='ltr'>inscriptione</span> <span class='ocrx_word' id='word_1_300' title='bbox 746 4358 778 4415; x_wconf 83' lang='lat' dir='ltr'>de</span> <span class='ocrx_word' id='word_1_301' title='bbox 802 4360 1020 4433; x_wconf 72' lang='lat' dir='ltr'>appellationibus</span> <span class='ocrx_word' id='word_1_302' title='bbox 1036 4366 1139 4430; x_wconf 80' lang='lat' dir='ltr'>patebit</span> <span class='ocrx_word' id='word_1_303' title='bbox 1157 4366 1319 4431; x_wconf 81' lang='lat' dir='ltr'>comparatis</span> <span class='ocrx_word' id='word_1_304' title='bbox 1332 4364 1445 4416; x_wconf 81' lang='lat' dir='ltr'>Charisii</span> 
     </span>
     <span class='ocr_line' id='line_1_37' title="bbox 217 4430 1445 4505; baseline -0.002 -17"><span class='ocrx_word' id='word_1_305' title='bbox 217 4436 314 4489; x_wconf 80' lang='lat' dir='ltr'>uerbis</span> <span class='ocrx_word' id='word_1_306' title='bbox 332 4436 356 4486; x_wconf 80' lang='lat' dir='ltr'>V</span> <span class='ocrx_word' id='word_1_307' title='bbox 375 4437 409 4485; x_wconf 83' lang='lat' dir='ltr'>de</span> <span class='ocrx_word' id='word_1_308' title='bbox 423 4436 597 4486; x_wconf 80' lang='lat' dir='ltr'>idiomatibus</span> <span class='ocrx_word' id='word_1_309' title='bbox 615 4452 641 4501; x_wconf 91' lang='lat' dir='ltr'>p.</span> <span class='ocrx_word' id='word_1_310' title='bbox 660 4430 713 4487; x_wconf 75' lang='lat'>225</span> <span class='ocrx_word' id='word_1_311' title='bbox 732 4435 856 4497; x_wconf 76' lang='lat' dir='ltr'>Peteon,</span> <span class='ocrx_word' id='word_1_312' title='bbox 874 4433 1024 4503; x_wconf 73' lang='lat' dir='ltr'>partieipia</span> <span class='ocrx_word' id='word_1_313' title='bbox 1042 4434 1120 4488; x_wconf 76' lang='lat' dir='ltr'>etima</span> <span class='ocrx_word' id='word_1_314' title='bbox 1134 4434 1207 4505; x_wconf 66' lang='lat' dir='ltr'>fient</span> <span class='ocrx_word' id='word_1_315' title='bbox 1227 4434 1334 4488; x_wconf 65' lang='lat' dir='ltr'>aarum</span> <span class='ocrx_word' id='word_1_316' title='bbox 1357 4430 1445 4503; x_wconf 77' lang='lat' dir='ltr'>appel·</span> 
     </span>
     <span class='ocr_line' id='line_1_38' title="bbox 219 4502 1445 4576; baseline 0 -19"><span class='ocrx_word' id='word_1_317' title='bbox 219 4504 316 4560; x_wconf 67' lang='lat' dir='ltr'>hana.</span> <span class='ocrx_word' id='word_1_318' title='bbox 335 4510 364 4556; x_wconf 80' lang='lat' dir='ltr'>st</span> <span class='ocrx_word' id='word_1_319' title='bbox 383 4520 482 4560; x_wconf 72' lang='lat' dir='ltr'>omem.</span> <span class='ocrx_word' id='word_1_320' title='bbox 502 4520 621 4560; x_wconf 69' lang='lat' dir='ltr'>sauma,</span> <span class='ocrx_word' id='word_1_321' title='bbox 642 4508 700 4557; x_wconf 81' lang='lat' dir='ltr'>cett.</span> <span class='ocrx_word' id='word_1_322' title='bbox 721 4508 748 4557; x_wconf 89' lang='lat' dir='ltr'>et</span> <span class='ocrx_word' id='word_1_323' title='bbox 764 4522 790 4571; x_wconf 91' lang='lat' dir='ltr'>p.</span> <span class='ocrx_word' id='word_1_324' title='bbox 807 4502 869 4564; x_wconf 75' lang='lat'>257,</span> <span class='ocrx_word' id='word_1_325' title='bbox 887 4521 953 4574; x_wconf 72' lang='lat' dir='ltr'>qaae</span> <span class='ocrx_word' id='word_1_326' title='bbox 964 4511 1049 4558; x_wconf 75' lang='lat' dir='ltr'>ortem</span> <span class='ocrx_word' id='word_1_327' title='bbox 1063 4522 1116 4575; x_wconf 89' lang='lat' dir='ltr'>pro</span> <span class='ocrx_word' id='word_1_328' title='bbox 1134 4504 1354 4576; x_wconf 72' lang='lat' dir='ltr'>appellationibus</span> <span class='ocrx_word' id='word_1_329' title='bbox 1370 4518 1445 4569; x_wconf 57' lang='lat' dir='ltr'>serre</span> 
     </span>
     <span class='ocr_line' id='line_1_39' title="bbox 216 4575 1444 4645; baseline 0 -18"><span class='ocrx_word' id='word_1_330' title='bbox 216 4580 320 4645; x_wconf 69' lang='lat' dir='ltr'>paster</span> <span class='ocrx_word' id='word_1_331' title='bbox 337 4602 373 4614; x_wconf 89' lang='lat'><em>—</em></span> <span class='ocrx_word' id='word_1_332' title='bbox 391 4603 426 4615; x_wconf 90' lang='lat'><em>-</em></span> <span class='ocrx_word' id='word_1_333' title='bbox 443 4580 473 4627; x_wconf 78' lang='lat' dir='ltr'>ut</span> <span class='ocrx_word' id='word_1_334' title='bbox 490 4590 581 4627; x_wconf 72' lang='lat' dir='ltr'>aram</span> <span class='ocrx_word' id='word_1_335' title='bbox 599 4579 626 4627; x_wconf 84' lang='lat' dir='ltr'>et</span> <span class='ocrx_word' id='word_1_336' title='bbox 644 4594 667 4643; x_wconf 94' lang='lat' dir='ltr'>q.</span> <span class='ocrx_word' id='word_1_337' title='bbox 688 4592 746 4644; x_wconf 89' lang='lat' dir='ltr'>sqq.</span> <span class='ocrx_word' id='word_1_338' title='bbox 766 4593 826 4627; x_wconf 89' lang='lat' dir='ltr'>cum</span> <span class='ocrx_word' id='word_1_339' title='bbox 843 4577 963 4628; x_wconf 89' lang='lat' dir='ltr'>Diomed.</span> <span class='ocrx_word' id='word_1_340' title='bbox 982 4577 1008 4634; x_wconf 83' lang='lat'>1.</span> <span class='ocrx_word' id='word_1_341' title='bbox 1032 4595 1057 4642; x_wconf 93' lang='lat' dir='ltr'>p.</span> <span class='ocrx_word' id='word_1_342' title='bbox 1077 4575 1127 4630; x_wconf 75' lang='grc'>291</span> <span class='ocrx_word' id='word_1_343' title='bbox 1148 4581 1177 4631; x_wconf 83' lang='grc' dir='ltr'>Ρ.</span> <span class='ocrx_word' id='word_1_344' title='bbox 1197 4578 1289 4629; x_wconf 87' lang='lat' dir='ltr'>Scaur.</span> <span class='ocrx_word' id='word_1_345' title='bbox 1314 4592 1358 4641; x_wconf 91' lang='lat' dir='ltr'>ap.</span> <span class='ocrx_word' id='word_1_346' title='bbox 1383 4577 1444 4627; x_wconf 87' lang='lat' dir='ltr'>Dio·</span> 
     </span>
     <span class='ocr_line' id='line_1_40' title="bbox 218 4643 1444 4712; baseline -0.002 -11"><span class='ocrx_word' id='word_1_347' title='bbox 218 4650 293 4701; x_wconf 79' lang='lat' dir='ltr'>med.</span> <span class='ocrx_word' id='word_1_348' title='bbox 310 4648 332 4707; x_wconf 84' lang='lat'>1,</span> <span class='ocrx_word' id='word_1_349' title='bbox 352 4664 379 4712; x_wconf 88' lang='lat' dir='ltr'>p.</span> <span class='ocrx_word' id='word_1_350' title='bbox 397 4643 460 4699; x_wconf 77' lang='lat'>306.</span> <span class='ocrx_word' id='word_1_351' title='bbox 477 4648 508 4699; x_wconf 89' lang='lat' dir='ltr'>P.</span> <span class='ocrx_word' id='word_1_352' title='bbox 527 4650 613 4708; x_wconf 85' lang='lat' dir='ltr'>Quint.</span> <span class='ocrx_word' id='word_1_353' title='bbox 633 4648 671 4699; x_wconf 87' lang='lat' dir='ltr'>1x</span> <span class='ocrx_word' id='word_1_354' title='bbox 689 4650 750 4699; x_wconf 84' lang='lat' dir='ltr'>inst.</span> <span class='ocrx_word' id='word_1_355' title='bbox 770 4664 808 4700; x_wconf 92' lang='lat' dir='ltr'>or.</span> <span class='ocrx_word' id='word_1_356' title='bbox 832 4644 858 4707; x_wconf 87' lang='grc'>3,</span> <span class='ocrx_word' id='word_1_357' title='bbox 878 4645 904 4707; x_wconf 80' lang='lat' dir='ltr'>e,</span> <span class='ocrx_word' id='word_1_358' title='bbox 929 4650 974 4697; x_wconf 87' lang='lat' dir='ltr'>ubi</span> <span class='ocrx_word' id='word_1_359' title='bbox 998 4649 1061 4699; x_wconf 84' lang='lat' dir='ltr'>dicit</span> <span class='ocrx_word' id='word_1_360' title='bbox 1083 4650 1205 4700; x_wconf 84' lang='lat' dir='ltr'>Persium</span> <span class='ocrx_word' id='word_1_361' title='bbox 1226 4648 1255 4698; x_wconf 90' lang='lat' dir='ltr'>in</span> <span class='ocrx_word' id='word_1_362' title='bbox 1278 4648 1331 4697; x_wconf 89' lang='lat' dir='ltr'>hoc</span> <span class='ocrx_word' id='word_1_363' title='bbox 1354 4662 1444 4708; x_wconf 82' lang='lat' dir='ltr'>nemu,</span> 
     </span>
     <span class='ocr_line' id='line_1_41' title="bbox 219 4714 1446 4789; baseline 0 -18"><span class='ocrx_word' id='word_1_364' title='bbox 219 4724 247 4771; x_wconf 81' lang='lat' dir='ltr'>et</span> <span class='ocrx_word' id='word_1_365' title='bbox 262 4724 380 4769; x_wconf 72' lang='lat' dir='ltr'>mmor</span> <span class='ocrx_word' id='word_1_366' title='bbox 398 4714 470 4769; x_wconf 73' lang='lat' dir='ltr'>aad</span> <span class='ocrx_word' id='word_1_367' title='bbox 486 4716 576 4770; x_wconf 77' lang='lat' dir='ltr'>aiam</span> <span class='ocrx_word' id='word_1_368' title='bbox 593 4717 668 4771; x_wconf 80' lang='lat' dir='ltr'>triste</span> <span class='ocrx_word' id='word_1_369' title='bbox 685 4717 792 4789; x_wconf 65' lang='lat' dir='ltr'>spesi.</span> <span class='ocrx_word' id='word_1_370' title='bbox 811 4720 913 4773; x_wconf 82' lang='lat' dir='ltr'>infinito</span> <span class='ocrx_word' id='word_1_371' title='bbox 925 4721 1008 4771; x_wconf 83' lang='lat' dir='ltr'>uerbo</span> <span class='ocrx_word' id='word_1_372' title='bbox 1024 4736 1075 4789; x_wconf 82' lang='lat' dir='ltr'>pro</span> <span class='ocrx_word' id='word_1_373' title='bbox 1097 4721 1277 4787; x_wconf 72' lang='lat' dir='ltr'>appellatione</span> <span class='ocrx_word' id='word_1_374' title='bbox 1286 4731 1370 4784; x_wconf 64' lang='lat' dir='ltr'>mum</span> <span class='ocrx_word' id='word_1_375' title='bbox 1381 4734 1446 4773; x_wconf 87' lang='lat' dir='ltr'>esse</span> 
     </span>
     <span class='ocr_line' id='line_1_42' title="bbox 220 4784 1222 4859; baseline -0.003 -16"><span class='ocrx_word' id='word_1_376' title='bbox 220 4784 633 4859; x_wconf 53' lang='lat' dir='ltr'>amuthittetqmqq.</span> <span class='ocrx_word' id='word_1_377' title='bbox 1216 4790 1222 4797; x_wconf 78' lang='grc'>’</span> 
     </span>
    </p>
   </div>
   <div class='ocr_carea' id='block_1_5' title="bbox 0 0 1724 5400">
    <p class='ocr_par' dir='ltr' id='par_1_6' title="bbox 0 0 1724 5400">
     <span class='ocr_line' id='line_1_43' title="bbox 0 0 1724 5400; baseline 0 0"><span class='ocrx_word' id='word_1_378' title='bbox 0 0 1724 5400; x_wconf 95' lang='lat' dir='ltr'> </span> 
     </span>
    </p>
   </div>
  </div>
 </body>
</html>
