3409 5400
279 376 345 447 434
500 368 559 437 DE
582 368 768 451 ΡΙΕΤΑΤΕ
791 366 915 436 ERGA'
935 364 1168 433 PARENTES
1189 366 1283 434 ETG.

281 546 360 613 erat,
383 514 500 622 uigore
516 534 650 621 spiritns
667 543 698 597 et
714 531 861 618 corporis
879 530 1004 595 uiribus
1020 529 1211 616 conlapsus,
1234 551 1275 593 eo
1298 531 1377 616 ipso
1397 541 1532 594 tumen

281 666 345 733 quo
368 644 436 707 uita
459 662 498 707 ac
521 663 613 709 mors
636 639 843 727 distinguitur
866 648 1033 703 momento
1052 637 1203 725 legiones
1219 660 1294 701 curn
1315 637 1529 724 insignibus

281 752 349 817 suis
378 750 470 815 fratri
498 748 631 813 obuiam
666 747 845 833 procedere
875 746 987 821 iussit,
1021 756 1056 808 ut
1089 746 1265 829 imperator
1296 744 1527 809 salutaretur.
1596 761 1597 802 t

279 858 454 943 Praecepit
477 856 576 921 ctiam
600 854 733 919 dextera
755 855 787 921 in
818 865 910 941 parte
933 854 1132 939 praetorium
1163 852 1194 916 ei
1221 852 1338 925 statui,
1366 863 1403 914 et
1430 874 1528 915 con·

281 966 390 1033 sularc
415 975 446 1027 et
460 962 705 1048 imperatorium
723 982 843 1026 nomen
860 962 1005 1046 optinere
1021 959 1131 1035 uoluit,
1154 960 1337 1046 eodemque
1358 970 1549 1045 tempores

280 1084 312 1137 et
333 1073 498 1137 fraternae
522 1070 686 1133 maiestati
709 1070 811 1133 cessit
834 1080 867 1131 et
888 1068 957 1131 uita
980 1068 1130 1133 excessit.
1177 1067 1238 1131 His
1261 1069 1331 1131 seio
1350 1067 1525 1153 equidem

280 1177 403 1243 nullutn
428 1174 517 1241 uliud
541 1197 638 1262 quam
663 1176 810 1241 Castoris
835 1185 867 1239 et
889 1174 1034 1238 Pollucis
1051 1175 1218 1259 specimen
1234 1176 1525 1261 consanguineae

281 1285 426 1350 caritatis
451 1275 683 1349 conuenienter
707 1282 794 1346 adici
818 1302 930 1368 posse.

213 1449 215 1455 .
239 1387 270 1453 4.
370 1391 439 1455 Sed
463 1392 569 1455 omnis
592 1390 770 1455 memoriae
787 1388 981 1455 clarissimis
997 1388 1248 1472 imperatoribus
1265 1389 1420 1473 profecto
1444 1411 1523 1453 non

282 1500 341 1565 erit
363 1500 544 1587 ingratum,
572 1498 600 1561 si
623 1497 733 1561 militis
763 1518 894 1561 summa
917 1517 999 1582 erga
1022 1496 1153 1559 tratrem
1178 1518 1273 1559 suum
1298 1497 1407 1581 pietas
1433 1495 1556 1559 huicru

280 1608 365 1693 parti
390 1604 565 1669 uoluminis
590 1602 787 1670 adhaeserit.
841 1602 873 1667 Is
906 1624 1048 1688 namquo
1076 1602 1111 1665 iu
1139 1603 1257 1666 castris
1282 1604 1341 1666 Cn.
1365 1602 1520 1690 Pompei

283 1712 446 1798 stipendia
468 1731 644 1797 peragens,
668 1732 742 1775 cum
758 1711 984 1775 Sertorianum
1001 1709 1135 1773 militem
1158 1710 1268 1773 acrites
1287 1709 1350 1773 sibi
1374 1711 1411 1775 in
1437 1713 1518 1775 acie

282 1821 457 1883 instantem
481 1816 654 1881 conminus
678 1816 896 1881 interemisset
926 1818 1152 1900 iacentemque
1181 1816 1352 1900 spoliaret,
1381 1828 1420 1880 ut
1444 1818 1517 1882 fra-

282 1938 364 1989 trem
388 1944 582 2011 germanum
607 1944 682 1989 esso
706 1924 871 2009 cognouit,
895 1921 1029 1987 multum
1046 1945 1085 1986 ac
1110 1921 1332 2007 diuponuicio
1356 1923 1442 1988 deos
1468 1924 1516 1987 ob

283 2031 404 2095 donum
436 2031 556 2116 impiae
592 2032 750 2115 uictoriae
781 2029 965 2103 insecutus,
1003 2049 1103 2115 prope
1138 2041 1261 2095 castra
1283 2029 1449 2095 transtulit
1480 2043 1550 2093 ctu

281 2140 427 2226 pretiosa
449 2149 541 2202 ueste
565 2152 710 2224 opertum
735 2160 817 2225 rogo
842 2138 996 2222 inposuit.
1042 2137 1090 2199 :lc
1121 2136 1238 2200 deinde
1262 2138 1411 2201 subiecta
1435 2140 1512 2202 iace

283 2247 428 2332 protinus
447 2244 563 2311 codem
580 2244 702 2333 gladio,
728 2268 791 2331 quo
808 2244 897 2309 illum
916 2243 1131 2316 interemerat,
1155 2255 1268 2331 pectus
1286 2267 1383 2309 suum
1399 2257 1512 2309 traus-

283 2352 468 2417 uerberauit
497 2374 598 2441 seque
628 2372 727 2437 super
756 2372 875 2437 corpus
911 2349 1021 2439 fratris
1050 2361 1246 2433 prostratum
1276 2352 1508 2414 communibus

285 2460 425 2525 ilammis
450 2459 661 2525 cremandum
686 2456 828 2522 tradidit.
879 2455 1014 2519 Licebat
1042 2456 1250 2542 ignorantiae
1274 2457 1434 2521 lreucticio
1458 2460 1510 2521 in·

284 2568 413 2629 nocenti
440 2568 569 2639 uiuere3
608 2566 668 2629 sed
698 2577 731 2627 ut
765 2586 828 2627 sua
856 2562 964 2648 potius
996 2562 1115 2644 pietate
1145 2573 1246 2648 quam
1273 2565 1380 2628 alienu
1406 2567 1543 2629 ueniae]

285 2661 435 2748 uteretur,
458 2694 569 2738 comes
593 2672 755 2737 fraternae
780 2672 852 2735 neri
880 2690 946 2734 non
970 2666 1080 2734 defuit.

789 2869 1000 2880 -ι-ι--ηιαῆ

218 3101 274 3172 VI,
374 3099 558 3165 Artissimis
583 3100 757 3186 sauguinis
775 3084 914 3165 uinculis
935 3102 1043 3186 pietas
1066 3102 1235 3169 satisfecit.
1281 3103 1398 3168 Restat
1419 3125 1503 3166 nunc

287 3219 320 3272 ut
342 3209 467 3294 patriae
491 3204 688 3272 exhibeatur.
737 3208 836 3270 Cuius
861 3209 1023 3272 maiestati
1049 3211 1145 3273 etiam
1170 3209 1236 3284 illa,
1259 3231 1345 3296 qrtae
1369 3208 1503 3272 deorum

288 3349 311 3405 1.
331 3350 487 3416 conlapsus]
507 3365 560 3400 nnn
579 3351 674 3414 lapsus
695 3347 723 3401 C.
744 3347 755 3414 ΙΙ
771 3351 829 3413 ipso
849 3365 899 3403 orn.
919 3349 948 3402 C.
965 3351 978 3417 ΙΙ
990 3349 1016 3402 2.
1035 3351 1078 3418 ur]
1098 3354 1126 3403 et
1145 3352 1197 3405 ΟΕ
1206 3351 1282 3406 Torr.
1303 3351 1455 3420 [idistingui
1475 3350 1503 3402 C.

297 3422 310 3491 ΙΙ
322 3420 347 3473 4.
366 3423 504 3473 dextoram
522 3423 548 3472 in
566 3423 643 3486 parte
659 3435 703 3488 pr.
721 3418 754 3470 A.
773 3423 911 3472 dexteram
931 3424 957 3471 in
975 3426 1078 3486 partem
1096 3422 1124 3476 C.
1144 3426 1170 3474 in
1188 3426 1327 3475 dexterum
1345 3427 1447 3486 partem
1466 3421 1501 3476 D.

286 3495 423 3544 dexteram
442 3495 503 3544 inde
521 3495 625 3557 purtem
643 3490 678 3543 E.
697 3493 834 3544 ‹leatcrum
858 3495 999 3558 impartem
1018 3493 1046 3545 F.
1070 3496 1165 3545 dextra
1187 3498 1213 3545 iu
1237 3501 1315 3559 parte
1340 3493 1417 3546 Torr.
1445 3492 1501 3546 Viti.

287 3560 323 3615 ud
345 3562 391 3618 Vt,
410 3560 437 3618 3.
457 3559 558 3631 5.115.
578 3565 690 3628 optineri
714 3565 808 3614 uolens
832 3577 902 3616 corr.
926 3563 958 3616 A.
977 3563 990 3634 ΙΙ
1009 3562 1036 3616 n.
1059 3570 1087 3616 ct
1109 3567 1246 3617 fraternas
1262 3594 1299 3606 -
1317 3564 1367 3631 (l.)
1385 3567 1501 3615 Castoris

286 3651 335 3688 ern.
356 3633 385 3687 C.
400 3632 411 3703 Η
426 3633 451 3687 8.
470 3636 556 3685 addici
576 3631 607 3685 F.
619 3633 632 3700 ΙΙ
645 3635 739 3698 posset
758 3633 786 3687 0.
804 3635 817 3701 ΙΙ
834 3632 860 3687 9.
879 3636 933 3686 Sed
951 3665 987 3692 2-
1006 3633 1072 3700 (ll.)
1091 3639 1247 3688 adhaeserit
1264 3652 1312 3689 on.
1332 3636 1364 3689 Γ.
1378 3634 1391 3704 ΙΙ
1408 3634 1447 3688 10.
1464 3640 1500 3687 in·

286 3707 391 3772 gratum
410 3721 463 3756 nou
481 3707 531 3757 erit
551 3703 610 3756 cli.
623 3706 636 3772 Η
649 3705 746 3771 pietas]
767 3711 827 3756 ente
845 3722 912 3776 erga
928 3705 959 3761 F.
970 3706 1038 3775 llll.
1058 3709 1199 3759 uoluminis
1216 3711 1286 3773 parti
1307 3706 1384 3763 Torr.
1399 3710 1411 3778 ΙΙ
1425 3709 1450 3757 ls
1465 3737 1500 3750 -

285 3777 331 3824 Cn.
351 3775 471 3841 Pompei]
497 3777 525 3824 ln
549 3777 647 3826 castris
671 3791 713 3825 cn.
735 3778 842 3840 pompei
866 3781 944 3828 miles
967 3781 1073 3844 quidam
1099 3777 1130 3830 Γ.
1147 3780 1161 3848 Η
1181 3777 1221 3832 ta.
1247 3783 1366 3831 corninus
1393 3781 1489 3846 Turni!

286 3843 412 3906 spoliauit
428 3843 456 3895 F.
469 3845 482 3912 ΙΙ
496 3842 537 3896 ltt.
557 3849 710 3908 coopertum
728 3843 795 3898 DF.
807 3847 820 3910 ΙΙ
834 3845 876 3898 18.
895 3862 1011 3911 seseque
1029 3848 1065 3902 D.
1081 3848 1152 3918 1120.
1171 3854 1277 3903 alienae
1294 3851 1326 3903 F.
1338 3851 1406 3919 1129.
1422 3855 1497 3903 Artis·

286 3913 373 3978 simis]
397 3913 565 3981 Praeponam
582 3913 777 3982 inscriptionem
800 3917 840 3965 Du
859 3919 958 3980 pictate
983 3937 1051 3989 erga
1076 3926 1190 3985 patriam
1208 3921 1323 3975 DTorr.
1347 3927 1388 3976 De
1406 3927 1498 3989 pietate

285 3996 354 4050 erga
371 3985 484 4047 putrium
503 3986 538 4035 111
558 4001 622 4048 pure
641 3985 675 4038 E.
690 3983 702 4054 ΙΙ
722 3986 872 4052 satisfecit}
891 3985 1014 4055 Sequitur
1031 3991 1170 4060 inscriptio
1193 3995 1235 4044 De
1253 3995 1353 4057 pietate
1371 4011 1437 4063 erga
1454 4012 1495 4059 pa·

284 4056 362 4105 trium
381 4051 412 4106 F.
427 4051 497 4122 1123.
516 4057 654 4106 exiberetur
672 4055 703 4108 Α.
718 4053 730 4124 ΙΙ
744 4059 855 4108 deorum
873 4073 922 4111 on.
941 4058 973 4112 F.

787 4144 1000 4162 -t——

285 4181 346 4231 sitio
365 4180 434 4232 inter
451 4193 497 4232 sno
516 4182 543 4232 et
563 4175 635 4230 illius
657 4196 826 4248 nequaquam
849 4187 1022 4255 neglegenda
1046 4191 1113 4240 erut.
1154 4189 1320 4242 Sententiam
1344 4195 1416 4244 recte
1437 4192 1495 4243 Tor·

283 4255 373 4304 reulus
392 4256 513 4306 enarrat.
542 4251 658 4302 Drusum
683 4254 738 4303 tuto
758 4267 808 4304 suo
827 4255 880 4306 iarn
905 4260 1057 4323 propiorem
1082 4261 1165 4314 tuisse
1184 4279 1266 4326 quern
1290 4265 1335 4330 qui
1359 4267 1393 4316 de
1415 4265 1495 4316 officio

282 4325 320 4375 illi
339 4323 369 4387 (i.
389 4339 413 4376 c.
433 4323 551 4386 Tiberio)
571 4323 733 4386 praestando
753 4325 891 4394 cogitaret.

353 4398 378 4444 et
396 4394 532 4447 connitere
549 4423 583 4432 -
602 4392 719 4460 optinere
736 4395 829 4461 noluit)
853 4399 951 4451 Dubito
976 4403 1009 4454 de
1033 4405 1075 4453 his
1100 4407 1190 4456 uerbis
1209 4408 1346 4472 tamqnam
1373 4411 1406 4460 de
1425 4411 1494 4460 inter·

280 4466 429 4530 pretatione
449 4466 662 4530 praecedentium
681 4483 698 4516 a
715 4470 890 4535 grurumutico
910 4475 1025 4539 quodum
1044 4478 1172 4540 ascripta.
1217 4477 1246 4528 Si
1267 4482 1387 4547 genuina
1405 4481 1494 4531 Valerii

280 4537 343 4595 sint,
362 4539 433 4588 certe
451 4539 594 4606 legendum
612 4535 729 4604 optinere
746 4534 779 4590 cri
796 4537 896 4600 noluit,-
912 4559 976 4594 narn
994 4549 1077 4600 uerbo
1089 4545 1156 4600 nelle
1174 4552 1279 4602 mutato
1299 4552 1422 4604 subiecto
1437 4553 1494 4602 sim·

281 4607 345 4672 plcx
363 4607 504 4662 influitiuus
523 4610 649 4678 subiungi
667 4611 766 4678 nequit.
794 4611 852 4666 Viti.
873 4615 907 4665 ud
926 4615 946 4676 1,
965 4612 991 4678 4,
1013 4615 1037 4671 i.
