3409 5400
302 490 369 559 890
712 488 773 555 nu
796 484 1112 556 meretriculis.

261 650 292 715 3.
390 650 503 714 llinus
524 646 711 715 mirandum
740 670 883 713 errorem
908 647 1098 713 muliebrem
1120 646 1162 727 Q.
1186 645 1344 713 Metellus
1375 648 1487 713 iecit.
1536 646 1563 711 ls

302 778 445 843 namque
468 756 616 843 plurimis
646 766 679 817 et
700 755 921 821 celeberrimis
945 754 1093 822 eiusdem
1116 754 1257 819 nominis
1284 754 1375 817 uiris
1407 755 1458 817 in
1486 754 1563 817 rerba

302 874 417 929 nosue
443 863 646 950 uigentibus,
686 849 898 927 Claudiorum
926 864 1023 927 etiam
1051 860 1194 935 familia,
1231 882 1337 946 quam
1373 861 1557 925 artissims

302 970 477 1057 sanguinis
490 970 620 1034 uinculo
632 969 853 1056 contingebat,
875 968 1018 1043 florente,
1035 968 1236 1033 Carrinatem
1252 966 1370 1033 solum
1385 966 1558 1031 heredes

302 1074 442 1162 reliquit,
465 1096 527 1140 uec
549 1075 614 1140 laec
636 1098 673 1140 re
697 1085 925 1140 testamentum
948 1074 1020 1139 eius
1045 1075 1217 1161 quisquam
1241 1072 1504 1159 adtemptauit„
1567 1096 1572 1135 ι

260 1182 293 1246 4.
391 1180 471 1245 Item
508 1180 686 1267 Pompeius
714 1182 880 1267 Reginus,
916 1182 965 1245 uir
1000 1180 1222 1266 transalpinae
1255 1180 1444 1265 regionis,
1486 1201 1555 1241 cum

303 1298 495 1352 testamento
512 1287 621 1351 fratris
637 1289 830 1373 praeteritus
846 1298 935 1351 esset
959 1298 990 1349 et
1005 1288 1048 1351 ad
1064 1283 1310 1372 coarguendam
1326 1287 1555 1371 iniquitatem

301 1394 373 1457 eius
388 1394 485 1458 binas
501 1393 629 1459 tabulas
646 1406 913 1461 testamentorum
930 1414 1064 1457 surorum
1081 1394 1113 1457 in
1130 1392 1260 1455 comitio
1273 1392 1419 1456 incisas
1438 1390 1554 1453 habita

301 1502 471 1587 utriusque
495 1501 619 1565 ordinis
643 1503 786 1565 maxima
802 1499 986 1586 frequentia
1002 1499 1183 1571 recitasset,
1206 1498 1392 1582 inquibus
1419 1518 1553 1582 magne

303 1629 343 1670 ex
365 1619 457 1692 parte
479 1607 576 1671 heres
604 1608 704 1671 frater
733 1618 803 1670 erat
830 1606 970 1691 scriptus
998 1603 1314 1691 praelegabaturque
1347 1605 1385 1667 ei
1421 1604 1573 1671 centissa«

302 1726 334 1777 et
356 1715 576 1801 quinquagies
601 1713 795 1786 sestertium,
823 1710 958 1775 multum
984 1733 1022 1775 ae
1047 1710 1102 1775 diu
1124 1712 1207 1773 inter
1229 1708 1481 1774 adsentientes
1506 1711 1551 1773 iu·

303 1820 486 1905 dignationi
508 1840 588 1883 suae
612 1818 737 1881 amicos
762 1828 915 1903 questus,
947 1816 1036 1902 quod
1060 1814 1102 1879 ad
1125 1814 1241 1879 hastae
1263 1814 1440 1879 iudicium
1469 1816 1549 1878 adti-

302 1925 386 1997 nuit‚
413 1926 541 1988 cineres
563 1925 674 1989 fratris
704 1925 831 2009 quietos
861 1943 936 1987 csse
965 1944 1086 2006 passus
1115 1934 1175 1985 est.
1224 1920 1267 1985 Et
1293 1934 1399 1987 erant
1432 1923 1481 1985 ab
1512 1944 1546 1984 eo

301 2029 437 2093 instituti
458 2028 599 2095 heredes
631 2049 737 2115 neque
765 2029 928 2115 sanguine
956 2028 1085 2115 Regino
1114 2048 1210 2116 pares
1238 2048 1350 2115 neque
1379 2028 1545 2113 proximi,

304 2222 329 2278 1.
347 2224 517 2290 muliebrem]
539 2222 602 2277 odd.
620 2239 700 2287 qrram
720 2225 792 2275 illum
810 2238 889 2291 quem
907 2220 945 2275 D.
956 2220 970 2288 ΙΙ
986 2219 1012 2275 ³.
1031 2224 1175 2275 alodiorum
1191 2236 1234 2289 pr.
1252 2220 1347 2291 4114.
1367 2225 1539 2277 suminatam

303 2294 361 2350 AG.
380 2298 525 2347 annualem
543 2294 580 2349 D.
597 2297 760 2347 minatam
776 2292 840 2347 EF.
874 2291 908 2345 Vt
924 2307 972 2344 soe
989 2293 1052 2346 Por.
1068 2294 1082 2362 ΙΙ
1098 2293 1124 2347 5.
1143 2295 1194 2345 trac
1211 2293 1252 2360 re]
1278 2296 1329 2345 boc
1342 2320 1357 2347 a
1371 2310 1389 2345 e
1411 2309 1490 2345 corr.
1508 2292 1536 2344 Α

303 2368 354 2418 boe
380 2366 469 2421 ΟΝ.
493 2370 576 2419 hoece
601 2364 679 2419 Torr.
705 2362 765 2419 Vid.
789 2363 826 2416 ad
847 2362 898 2418 Vl.
918 2361 951 2418 5.
979 2362 1035 2431 1.ΙΙ
1056 2364 1255 2431 testamentum]
1275 2369 1340 2432 post
1364 2368 1431 2417 eius
1460 2363 1535 2415 Torr.

302 2435 503 2492 manenter.
515 2435 565 2507 116.
585 2440 745 2504 pomponius
757 2436 792 2489 Ε.
803 2437 817 2503 ΙΙ
828 2434 958 2517 Reginus}
978 2433 1007 2485 r'a
1023 2450 1121 2489 resero
1137 2434 1170 2489 A.
1193 2437 1292 2505 begois
1304 2438 1344 2501 (i)
1363 2451 1414 2504 pr.
1435 2434 1471 2487 A.
1496 2450 1535 2485 re·

303 2511 392 2577 giulm
409 2506 447 2562 D.
465 2510 604 2578 Rheginos
625 2508 702 2561 Torr.
729 2505 762 2560 Vt
778 2522 827 2559 ace
842 2512 922 2559 auom
939 2504 1002 2561 Por.
1016 2504 1029 2577 ΙΙ
1043 2509 1220 2570 transalprem
1239 2505 1270 2561 F.
1289 2506 1301 2573 ΙΙ
1321 2506 1347 2561 i.
1371 2522 1445 2558 esse
1463 2503 1521 2576 Ep

301 2574 936 2720 uiuiti‘t‘tuttauulltiitl
947 2574 1267 2716 ''pinltttlut't
1279 2576 1320 2703 ii.
1332 2576 1529 2716 'bladii

302 2722 515 2790 quinquagesies
531 2719 566 2774 E.
583 2722 597 2788 Η
613 2737 663 2772 sex
680 2723 786 2773 tertium
804 2737 850 2789 pr.
872 2719 905 2772 Α.
928 2723 1089 2772 sextaratam
1112 2719 1147 2773 E.
1167 2716 1179 2787 ΙΙ
1199 2722 1382 2773 absentientes
1405 2719 1471 2782 Μ
1489 2717 1525 2772 tt

300 2794 432 2855 quaestus
448 2790 482 2843 A.
499 2796 612 2854 quastus
634 2789 663 2843 C.
683 2795 848 2858 questusque
866 2790 894 2844 F.
909 2789 921 2860 Η
935 2795 1005 2854 quod
1024 2808 1074 2845 ose.
1092 2789 1120 2846 F.
1135 2790 1147 2860 ΙΙ
1161 2793 1207 2859 ad]
1227 2795 1262 2843 ab
1283 2790 1336 2859 0.ss
1349 2789 1391 2843 ll.
1410 2791 1524 2843 malbod

300 2863 338 2910 ab
355 2876 390 2912 eo
407 2860 468 2929 Ε.ΙΙ
484 2877 535 2912 aec
561 2863 694 2930 unguine
720 2860 752 2914 F.
769 2860 783 2929 ΙΙ
804 2863 919 2932 Regino]
950 2865 1050 2932 pagine
1074 2861 1107 2918 Δ.
1135 2879 1242 2934 pagano
1268 2859 1297 2916 C.
1326 2877 1438 2932 pagano
1461 2859 1523 2914 EF.

301 2932 386 2996 patrio
403 2929 517 2984 DTorr.

371 3067 398 3125 ³.
417 3071 450 3128 Q.
467 3069 599 3132 Metellae)
623 3073 705 3124 Recte
729 3073 854 3140 Pighius,
880 3077 1047 3126 Perizonius.
1072 3077 1241 3128 Drumaanus
1265 3077 1334 3126 baec
1357 3075 1519 3138 interpretati

300 3146 364 3194 sunt
381 3145 415 3194 de
433 3146 464 3202 Q.
483 3143 592 3193 Metello
610 3143 723 3207 Nepote,
742 3145 854 3196 consule
872 3161 897 3198 a.
916 3162 941 3198 u.
960 3163 983 3198 e.
1001 3143 1063 3204 uti.
1088 3147 1141 3198 tilio
1159 3151 1191 3206 Q.
1209 3147 1310 3200 Metelli
1328 3145 1440 3208 Nepotis
1457 3161 1517 3195 eoa·

300 3214 370 3265 aulis
386 3230 414 3264 a.
430 3209 493 3272 bat.
512 3215 587 3264 cuius
605 3228 683 3264 soror
700 3219 828 3278 nupserat
840 3215 927 3281 Appio
942 3218 1052 3268 Claudio
1070 3217 1157 3280 (cons.
1169 3213 1243 3280 uti).
1260 3219 1358 3281 nepote
1369 3216 1514 3272 Ballearici.

299 3286 448 3351 {impote
464 3284 641 3336 Macedonici.
663 3286 702 3338 Gi.
719 3285 811 3340 lirum.
829 3287 866 3345 ΙΙ,
886 3303 913 3350 p.
934 3284 979 3344 16,
998 3283 1048 3344 23.
1071 3285 1116 3340 29.
1152 3289 1208 3338 Nec
1227 3288 1434 3353 improbabiliter
1451 3287 1513 3338 Dru

299 3371 415 3481 &aas
434 3356 473 3422 (p.
490 3350 709 3479 ddlvsplspicatur
726 3358 853 3409 heredem
872 3359 930 3408 eiua
949 3360 977 3409 u.
996 3359 1161 3410 Carrinatem
1184 3360 1286 3418 irrisae.
1310 3357 1445 3410 consulem
1462 3357 1512 3408 aui

372 3443 528 3482 naua
600 3463 608 3479 .

371 3496 397 3551 t.
414 3496 554 3566 napae
564 3495 691 3564 nepam,
709 3495 754 3549 sir
771 3495 952 3565 nmelpriaoe
968 3496 1093 3564 repioais)
1112 3501 1221 3552 Colerus
1235 3501 1307 3552 illum
1320 3501 1351 3550 T.
1365 3501 1508 3563 Pompeiam

300 3570 353 3620 boc
373 3571 433 3621 iaco
456 3571 572 3620 describi
595 3571 713 3629 censerit,
737 3585 814 3635 qaam
840 3572 868 3620 iu
892 3571 980 3620 Gellia
1003 3571 1171 3634 transalpina
1195 3585 1371 3641 permaguum
1394 3573 1506 3634 saeptam

300 3641 450 3692 uenauoais
468 3641 598 3690 babulsse
615 3641 698 3692 refert
716 3641 801 3690 Varro
818 3642 852 3689 de
869 3657 900 3691 re
919 3644 984 3692 rust.
1003 3641 1048 3698 ill,
1071 3638 1110 3699 te,
1129 3638 1155 3694 2.

369 3708 497 3774 nepetae
513 3707 613 3775 Reputo
626 3718 720 3776 perae)
746 3711 844 3762 Nescio
869 3713 929 3776 quid
954 3713 1022 3762 adeo
1046 3712 1171 3762 torserint
1193 3713 1262 3764 baec
1284 3715 1367 3764 uerba
1389 3714 1501 3768 ditores

298 3795 361 3830 cum
379 3781 450 3829 baud
469 3779 548 3830 dubie
565 3781 593 3831 in
610 3785 707 3832 umido
724 3781 864 3845 archetypi
882 3783 982 3831 codicis
1002 3780 1101 3848 papiae
1119 3783 1203 3834 leteru
1219 3784 1315 3852 Regini
1332 3798 1436 3842 nomen,
1458 3785 1501 3837 ted

299 3849 454 3910 superstitis
472 3849 553 3906 tilius.
572 3866 591 3899 a
607 3865 660 3914 quo
678 3852 769 3913 incipit
786 3852 839 3902 bec
857 3852 1022 3914 exemptum.
1047 3869 1099 3903 aon
1117 3854 1233 3904 deuincti
1252 3854 1350 3911 fratris,
1371 3856 1413 3917 qui
1428 3857 1500 3904 teste·

298 3920 389 3966 meato
406 3918 578 3979 praeteritum
597 3919 707 3970 tratrem
725 3935 758 3971 eo
782 3922 909 3988 grauiore
926 3923 1087 3974 contumelia
1110 3924 1199 3974 affecit
1222 3939 1273 3990 quo
1292 3925 1410 3976 licentius
1426 3939 1499 3990 nequa

298 3987 432 4052 sauguine
450 3987 488 4036 illi
505 4001 596 4050 pares,
614 3989 631 4040 i.
646 4004 671 4042 e.
687 3991 733 4055 qul
751 3993 865 4042 amdam
884 3990 1037 4056 agnationis
1056 3995 1169 4059 gradum
1182 3995 1339 4052 obtinerent.
1358 3997 1398 4046 uel
1414 3997 1438 4044 ut
1453 4011 1497 4046 uuo

299 4057 382 4108 serbo
401 4058 469 4113 oter.
487 4059 706 4125 masengeioeos
729 4060 801 4121 (Gai.
818 4062 882 4111 inst.
900 4061 945 4118 itt,
966 4057 1007 4110 1⁰.
1025 4062 1089 4116 lust.
1108 4065 1170 4118 inst.
1188 4065 1233 4123 111.
1251 4061 1277 4124 2,
1299 4062 1335 4130 1).
1354 4079 1431 4127 neque
1445 4081 1496 4130 pro·

298 4129 386 4180 xlmas
404 4129 440 4177 ab
458 4126 510 4184 bie.
526 4127 543 4174 i.
560 4141 585 4177 e.
603 4131 739 4189 proximos
757 4130 889 4198 agnatos.
909 4131 967 4187 aul,
990 4131 1014 4180 sl
1032 4147 1110 4184 nemo
1128 4139 1271 4199 praeterea
1292 4149 1407 4204 agnatos
1422 4136 1494 4190 luerit,

298 4199 414 4268 paules
429 4197 548 4248 heredes
559 4197 678 4255 instituit,
696 4201 745 4250 sed
757 4201 863 4250 aliem
882 4213 992 4261 prorsus
1010 4215 1113 4266 eosque
1127 4207 1249 4259 humiles.
1285 4207 1418 4261 Librarius
1428 4208 1495 4276 igitur

299 4271 401 4333 antiqui
419 4267 557 4320 cniusdam
579 4268 694 4324 codicia.
718 4284 778 4320 com
801 4269 916 4320 ederim
935 4271 1076 4330 scriberet.
1100 4277 1220 4339 proriam
1245 4279 1375 4330 uocabulo
1394 4279 1417 4328 in
1436 4279 1493 4328 bueo

298 4341 556 4396 ermremiadoetua
574 4351 639 4390 esse
655 4338 772 4399 uidetur.
793 4342 823 4390 ut
839 4343 1006 4402 praecedens
1029 4359 1126 4396 nomen
1142 4361 1286 4411 perperam
1309 4349 1401 4402 iisdem
1414 4348 1492 4414 qubus

298 4414 361 4464 iliud
380 4413 475 4466 litteris
493 4411 629 4474 inciperet.
664 4410 740 4468 Quod
762 4423 814 4460 nes
831 4413 1018 4464 remoaumus
1041 4416 1162 4468 ediderat
1184 4419 1238 4468 lam
1257 4419 1344 4470 Aldus
1367 4419 1491 4483 placuitque

298 4484 368 4534 idem
387 4483 490 4535 colere.
526 4482 628 4547 Reliqui
645 4482 812 4550 gemmatici
830 4481 954 4549 Pighium
979 4487 1063 4536 secuti
1084 4487 1212 4540 audacter
1229 4494 1376 4552 posuerant
1391 4487 1490 4554 impetit

293 4552 386 4618 paeto
399 4567 491 4618 peres,
509 4554 676 4617 probabilius
688 4552 824 4614 aliquanto
836 4553 960 4604 Vorstius
970 4553 1097 4621 empulae
1105 4560 1195 4624 patrio
1207 4558 1326 4625 Rbepa‘ao
1339 4573 1421 4628 parea
1445 4557 1488 4608 Sed

293 4622 387 4688 potr-io
404 4623 512 4676 amnuo
529 4625 670 4676 molestum
689 4627 740 4680 est,
758 4638 820 4676 cum
837 4624 954 4676 sufficiat
971 4627 998 4676 tn
1016 4627 1171 4680 hereditatis
1183 4631 1314 4696 gradibus
1332 4629 1488 4700 sigufflreudis

298 4693 432 4760 augurio
460 4707 541 4757 pares
571 4696 703 4748 denotari.
747 4694 818 4748 Prae
836 4695 935 4748 celeris
952 4697 1033 4768 miror
1055 4697 1229 4758 Berisamum,
1248 4701 1391 4764 Copesiaoi
1406 4701 1487 4752 ulau
