3409 5400
283 520 348 592 110
724 514 784 584 DE
807 510 1057 582 RELIGIONE.

284 686 327 751 ab
350 684 441 766 carni
460 678 717 769 reprehensione
739 676 863 744 Vestae
887 694 1009 741 numen
1031 670 1200 759 praestitit.
1242 666 1318 750 Qua
1339 664 1495 740 adorante,

284 816 360 858 cum
373 792 558 867 carbasum,
581 788 850 877 quemoptimum
859 782 1016 857 babebat,
1039 780 1147 845 foculo
1165 778 1377 863 inposuisset,
1400 773 1496 839 subito

283 902 371 989 ignis
396 899 535 964 emicuit.
880 976 886 982 Ι

244 1006 275 1073 8.
338 1000 341 1007 ’
374 1007 451 1072 Non
473 1004 592 1070 mirum
614 1003 723 1090 igitur,
747 1001 846 1086 sipro
860 1019 900 1061 eo
911 996 1048 1083 imperio
1062 994 1214 1085 augendo
1227 990 1497 1078 custodiendoque

282 1117 433 1203 pertinax
455 1134 568 1176 eorum
590 1110 793 1196 indulgentia
820 1106 956 1170 deorum
985 1125 1116 1190 semper
1148 1102 1312 1175 excubuit,
1349 1121 1412 1187 quo
1440 1110 1520 1163 uine

284 1221 481 1307 scrupulosa
509 1238 588 1283 cura
615 1214 755 1303 paruula
784 1234 914 1302 quoque
942 1224 1109 1277 momenta
1135 1209 1303 1297 religionis
1333 1206 1501 1272 examinari

285 1328 445 1403 uidentur,
470 1328 547 1413 quia
570 1344 750 1412 numquam
771 1334 916 1386 remotos
941 1318 981 1385 ab
1010 1319 1216 1384 exactissimo
1241 1316 1328 1381 cultu
1351 1315 1499 1379 caerimo·

284 1438 413 1501 nimum
436 1433 550 1498 oculos
574 1430 730 1496 habuisse
754 1441 869 1494 nostra
891 1428 1004 1492 ciuitas
1028 1425 1244 1493 erdstimanda
1267 1434 1326 1488 est.
1382 1420 1420 1486 ln
1443 1441 1502 1508 qua

286 1566 361 1608 curn
383 1540 560 1607 Marcellus
589 1542 737 1627 quintum
764 1538 970 1604 consulatum
999 1556 1119 1624 gerens
1148 1533 1304 1619 templum
1326 1529 1451 1595 Honori
1474 1538 1503 1591 et

286 1649 416 1726 Virtuti,
440 1648 596 1714 Clastidio
619 1648 721 1733 prius,
745 1646 864 1709 deinde
878 1645 1054 1732 Syracusis
1077 1643 1209 1730 potitus,
1233 1639 1426 1725 nuncupatis
1450 1636 1538 1700 deta

284 1759 387 1823 bitum
414 1757 500 1820 uotis
530 1773 724 1819 consecrare
752 1751 865 1827 uellet,
903 1774 923 1815 a
956 1752 1095 1839 collegio
1123 1751 1313 1837 pontificum
1345 1744 1502 1831 inpeditus

287 1876 352 1940 est,
380 1873 522 1951 negante
550 1883 650 1925 unam
679 1859 793 1924 cellam
822 1859 951 1924 duobus
981 1859 1042 1923 diis
1068 1870 1158 1923 recte
1186 1855 1296 1920 dicari.
1352 1853 1503 1917 Futurum

287 1972 384 2045 enim,
408 1971 438 2034 si
460 1968 538 2055 quid
560 1966 703 2055 prodigii
722 1968 757 2031 in
781 1987 821 2029 ea
843 1966 1027 2040 accidisset,
1051 1988 1092 2029 ne
1108 1965 1330 2029 dinosceretur
1351 1961 1412 2024 utri
1438 1978 1505 2023 rem

288 2076 432 2143 diuinam
455 2076 526 2139 fieri
548 2084 725 2160 oporteret3
748 2094 809 2138 nec
822 2073 951 2137 duobus
964 2075 1027 2137 nisi
1046 2072 1141 2137 certis
1160 2071 1221 2136 diis
1244 2091 1312 2135 una
1334 2067 1508 2133 sacrificari

287 2185 405 2252 solere.
457 2184 509 2247 Ea
535 2184 723 2268 pontificum
752 2181 971 2249 admonitione
1000 2180 1153 2244 effectum
1185 2189 1235 2243 est
1266 2188 1301 2241 ut
1333 2174 1507 2241 Marcellus
1519 2186 1544 2229 ¹⁵

287 2292 448 2379 separatis
472 2290 607 2355 aedibus
631 2288 773 2353 Honoris
798 2311 837 2353 ac
857 2286 992 2352 Virtutis
1017 2286 1193 2353 simulacra
1216 2294 1379 2360 statueret,
1403 2302 1509 2369 neque

289 2411 344 2465 aut
371 2399 510 2488 collegio
538 2398 729 2484 pontificum
757 2398 932 2460 auctoritas
962 2394 1154 2479 amplissimi
1184 2395 1245 2459 uiri
1273 2404 1328 2456 aut
1354 2388 1509 2457 Marcello

289 2507 426 2571 adiectio
452 2508 623 2591 impensae
650 2503 883 2589 impedimento
906 2503 966 2567 fuit
993 2504 1167 2589 quominus
1193 2499 1405 2587 religionibus
1429 2518 1510 2562 suus

290 2624 382 2676 tenor
404 2633 530 2700 suaque
554 2611 739 2675 obseruatio
762 2609 962 2674 redderetur.

247 2728 277 2792 9.
379 2719 532 2784 Obruitur
554 2729 601 2782 tot
629 2729 661 2782 et
687 2731 754 2782 tam
774 2717 966 2782 inlustribus
996 2717 1218 2784 consulatibus
1246 2715 1285 2785 L.
1314 2715 1432 2782 Furius
1455 2711 1553 2778 Bi-ao

292 2915 315 2969 1.
333 2919 420 2977 Quam
438 2915 560 2965 adoraui
583 2913 649 2966 caat
667 2913 828 2966 Perizaaias.
842 2912 855 2985 ΙΙ
869 2911 896 2966 2.
918 2931 998 2982 quam
1022 2917 1148 2980 optimam
1171 2911 1280 2967 ETorr.
1296 2910 1346 2984 115.
1367 2915 1437 2979 quod
1459 2908 1516 2964 AB

290 2984 470 3040 ODETorr..
567 2985 680 3038 mmai.
694 2983 706 3055 ΙΙ
720 2983 745 3039 6.
765 3002 870 3053 quoquc
889 3001 937 3039 om.
953 2985 988 3039 D.
1005 2993 1016 3056 ΙΙ
1031 2988 1204 3038 examinasse
1213 2985 1250 3039 D.
1268 2987 1422 3038 examinare
1434 2981 1516 3034 ibrr.

304 3057 316 3123 ΙΙ
331 3056 356 3110 7.
374 3060 478 3109 uidetur
567 3093 575 3107 .
589 3053 601 3125 ΙΙ
618 3056 659 3108 lo.
678 3060 773 3108 debitis
790 3056 828 3109 D.
842 3056 855 3123 ΙΙ
873 3053 912 3109 13.
924 3060 951 3108 in
962 3075 996 3110 ca
1011 3060 1126 3127 prodigii
1134 3055 1171 3109 D.
1186 3055 1197 3122 ΙΙ
1212 3059 1256 3126 nc]
1277 3062 1305 3109 ut
1322 3055 1355 3110 Β.
1369 3054 1382 3127 ΙΙ
1398 3052 1439 3107 14.
1459 3055 1517 3104 nixi

289 3126 408 3198 111115.
427 3131 551 3180 effectum
568 3129 621 3195 cst]
641 3129 740 3179 iactum
757 3126 791 3180 E.
806 3125 818 3198 ΙΙ
835 3126 876 3180 ll.
894 3129 951 3196 aut]
972 3131 1042 3181 enim
1060 3129 1096 3182 D.
1111 3137 1123 3194 ΙΙ
1137 3131 1290 3194 pontificum
1309 3129 1422 3196 collegio
1437 3124 1473 3178 E.
1489 3125 1503 3186 ΙΙ

290 3203 347 3269 aut]
379 3218 412 3253 ac
438 3199 475 3252 D.
489 3197 502 3269 ΙΙ
517 3201 651 3266 ,Marcello
681 3215 729 3253 om.
754 3215 800 3268 pr.
818 3199 856 3253 D.
878 3199 951 3270 1118.
981 3203 1084 3253 adiecto
1117 3197 1150 3253 Ε.
1167 3195 1179 3270 ΙΙ
1192 3203 1408 3266 impedimentum
1435 3187 1503 3264 1).ΙΙ

289 3271 441 3399 {inomni
458 3270 491 3326 B.
505 3269 518 3343 ΙΙ
533 3271 633 3339 ettam]
648 3273 728 3324 ctiam
744 3269 828 3323 ACD
836 3269 913 3325 Torr.
929 3277 954 3324 et
968 3277 1027 3324 unte
1041 3275 1080 3325 tot
1094 3269 1158 3326 ΒΕ.
1173 3272 1185 3346 ΙΙ
1200 3275 1385 3326 consularibus
1397 3265 1519 3322 ABcD

289 3579 334 3616 uu.
349 3575 400 3630 psa
410 3557 538 3614 adoream
550 3560 701 3613 referantur
712 3561 746 3611 ad
761 3562 929 3627 discipulam,
943 3563 1056 3614 historia
1065 3563 1210 3615 secundum
1220 3562 1342 3629 Dionysii
1356 3560 1522 3611 relationem

290 3637 324 3685 de
333 3635 448 3685 Aemilia
455 3636 523 3686 haec
531 3635 644 3702 intelligi
652 3635 750 3693 iubeat,
760 3635 883 3700 equidem
893 3636 1028 3686 Valerium
1037 3636 1150 3686 alterum
1158 3628 1286 3692 uoluisse,
1297 3635 1354 3692 sed,
1364 3635 1393 3682 ut
1402 3631 1522 3694 saepius

289 3708 331 3754 sic
339 3707 392 3755 boc
401 3721 505 3772 quoque
513 3706 574 3755 loco
583 3721 678 3770 param
691 3709 815 3756 accurate
831 3708 1000 3767 scribentem,
1013 3708 1153 3758 relatiuam
1161 3721 1215 3756 nnn
1230 3721 1291 3755 curn
1299 3704 1422 3770 propiore
1435 3703 1523 3751 disci·

289 3776 372 3838 putee
382 3777 489 3826 notione
501 3778 549 3826 sed
562 3792 622 3826 cum
633 3778 760 3840 primerio
774 3776 902 3828 Aemiliae
914 3781 1021 3830 nomine
1039 3779 1208 3828 coniunxisse
1221 3777 1340 3827 arbitror.
1353 3775 1485 3826 Similiter
1499 3773 1536 3832 l,-

291 3841 316 3903 u,
329 3841 386 3925 liin
397 3861 442 3896 uu.
454 3843 572 3926 Comata
587 3844 736 3897 adamati
747 3861 843 3916 corpas
854 3847 891 3900 ad
898 3846 1080 3916 funerandum
1097 3847 1130 3899 ab
1142 3845 1291 3899 Hannibale
1309 3844 1453 3915 quaesitam
1468 3849 1523 3897 est,

291 3929 335 3983 qai
351 3920 472 3982 quantam
489 3931 518 3965 aa
534 3931 592 3984 apso
601 3916 700 3983 sacrat
714 3916 860 3969 &manum
875 3919 1016 3988 sepelierat
1032 3917 1169 3988 imperium
1186 3921 1327 3972 relatiuum
1345 3917 1390 3986 qai
1406 3931 1464 3968 uon
1484 3917 1526 3966 ad

291 3985 469 4035 Hannibalem
486 3987 599 4050 pertinet
616 3990 667 4038 sed
685 3989 874 4042 adeousulem.

362 4053 510 4140 cardam
529 4072 602 4124 paean
619 4057 753 4125 mamam)
779 4062 958 4114 Messalinum
981 4064 1060 4113 huius
1078 4079 1103 4114 u.
1128 4079 1215 4132 genus
1233 4077 1363 4130 perquam
1386 4075 1450 4112 raro
1471 4073 1526 4110 ue·

290 4129 364 4178 teres
383 4128 528 4191 scriptores
546 4131 703 4180 adhibuisse
721 4133 850 4192 uidentur,
868 4147 955 4198 neque
975 4135 1145 4198 suppeditant
1168 4137 1233 4186 mihi
1257 4136 1382 4200 exempla
1405 4133 1526 4198 praeter

291 4215 373 4251 uuum
390 4197 476 4248 Amm.
494 4200 587 4260 Mare,
607 4201 650 4264 qui
667 4201 750 4261 xlm,
772 4199 790 4253 8
807 4203 945 4267 pluraliter
961 4221 1010 4268 pro
1030 4207 1141 4273 uulgata
1158 4207 1271 4257 neutrali
1295 4207 1382 4257 iorma
1406 4203 1530 4268 scripsit

290 4283 425 4338 ssprernos
441 4267 575 4320 carduos.
616 4270 671 4320 Sed
695 4274 833 4323 confirmat
855 4276 1033 4327 masculinnm
1057 4279 1203 4344 singularis
1226 4280 1330 4328 numeri
1353 4276 1528 4342 positionem

291 4343 399 4393 Phocus
415 4342 463 4392 llll
481 4343 515 4392 de
532 4357 603 4392 nom.
622 4342 651 4390 et
667 4345 742 4392 ucrb.
760 4340 784 4395 :i
803 4345 925 4398 Lindem.
944 4347 955 4396 l
973 4363 998 4412 p.
1017 4342 1070 4399 338
1089 4351 1115 4397 et
1133 4349 1159 4398 h.
1177 4348 1195 4399 l.
1214 4349 1300 4398 PerIs.

363 4408 712 4471 8.cr.1.iu.xxvl1‚it.
740 4415 807 4466 Plut
825 4417 909 4469 Marc.
934 4414 977 4470 28.
1019 4420 1118 4470 Iniuria
1141 4419 1285 4470 'lorrenius
1311 4421 1408 4470 erroris
1433 4417 1529 4469 Vale·

291 4487 360 4537 rium
377 4485 467 4554 arguit
483 4486 637 4549 comparate
655 4484 714 4534 Liu.
736 4485 836 4548 XXIX,
858 4485 898 4547 ii,
921 4484 961 4549 1³,
988 4491 1032 4556 qui
1053 4491 1136 4541 illium
1160 4492 1266 4542 demum
1288 4491 1368 4542 huius
1392 4489 1531 4540 Marcelli

292 4560 389 4608 aedem
405 4557 515 4608 Virbrtis
533 4557 676 4606 dedicasse
699 4557 799 4608 referat
820 4559 913 4609 uotam
936 4563 1061 4626 epatre.
1103 4563 1196 4630 Neque
1220 4563 1291 4613 enim
1315 4563 1374 4614 Vel.
1400 4561 1532 4612 eamdem

292 4628 450 4678 Marcellum
467 4628 628 4678 aedificasse
645 4641 695 4678 eas
714 4631 797 4680 aedes
816 4632 929 4681 eundem
948 4635 974 4682 et
992 4634 1133 4685 dedicasse
1152 4635 1268 4699 scripsit.

363 4695 388 4749 o.
408 4700 447 4748 Gi.
464 4699 540 4750 Laci.
559 4701 611 4751 diu.
629 4701 691 4751 lust.
708 4701 729 4757 l,
748 4697 792 4760 21,
810 4703 855 4753 flu.
874 4717 901 4767 p.
923 4699 973 4754 102
990 4704 1114 4758 Duuesn.

362 4773 402 4821 tot
417 4774 444 4822 et
458 4774 512 4823 aaa
529 4769 577 4824 tat.
594 4769 758 4836 musical)
774 4771 888 4828 Secutus
906 4787 968 4828 sum
984 4777 1169 4831 necessariam
1185 4777 1272 4842 Lipsii
1290 4775 1530 4838 emendationem,
