3409 5400
464 533 546 602 nm.
570 531 665 610 vin,
689 533 725 602 o.
751 533 809 609 13,
831 533 904 598 ext.
928 542 957 608 s.
981 535 1101 602 2-5.
1332 497 1395 608 eas

162 715 250 758 cum
273 695 487 760 centesimum
509 704 542 758 et
565 695 738 780 septimum
762 705 877 781 ageret
906 713 1042 769 annum,
1070 696 1394 783 interrogatusque·
1408 717 1437 770 .·'.

162 810 306 884 propter
329 799 467 866 tamdiu
489 799 587 864 uellet
607 801 642 864 in
665 803 731 864 uita
745 820 926 876 remanere,
954 798 1051 880 ‘Quia
1066 798 1166 874 nihil',
1189 802 1303 887 inquit,
1326 801 1395 868 ha·-

162 905 248 982 beo,
272 906 363 992 quod
385 916 586 972 senectutem
606 927 717 972 meam
740 907 914 974 accusem'.
961 906 1050 988 Quid
1072 908 1135 972 isto
1154 917 1256 972 tractu
1279 911 1395 972 aetatis

165 1022 229 1078 aut
251 1011 385 1099 longius
408 1011 641 1078 authentus?
674 1012 744 1078 lam
760 1013 897 1079 alterum
914 1012 1080 1080 saeculum
1093 1015 1265 1100 ingressus
1290 1035 1395 1104 neqqs

131 1120 202 1182 sin
228 1116 295 1182 hoc
319 1119 496 1204 querellam
519 1117 621 1184 ullam
642 1121 768 1184 inuenit
789 1141 895 1207 neque
919 1121 953 1186 in
975 1119 1031 1186 illo
1053 1120 1191 1206 reliquit.

262 1223 402 1292 Biennio
430 1228 537 1291 minor
565 1225 772 1313 Xenophilus
797 1225 1026 1294 Chalcidensis
1050 1221 1307 1314 Pythagoricus,
1336 1225 1436 1294 sede.

166 1330 328 1398 felicitate
351 1353 418 1398 non
440 1333 585 1407 inferior,
607 1331 778 1419 siquidem,
802 1344 837 1397 ut
850 1335 897 1398 sit
912 1334 1126 1400 Aristoxenus
1146 1333 1304 1406 musicus,
1326 1353 1395 1396 om-

166 1440 224 1502 nis
237 1437 374 1503 humani
396 1439 597 1504 incommodi
614 1459 738 1536 equrs,
762 1439 796 1502 in
814 1461 943 1508 summo
960 1440 1216 1528 perfectissimae
1229 1435 1395 1503 doctrinae

167 1544 349 1630 splendore
372 1547 530 1611 extinctus
554 1557 614 1612 est.

138 1669 169 1712 so
267 1651 514 1738 Arganthonius
544 1665 650 1717 autem
682 1651 863 1716 Gaditanus
893 1653 1016 1718 tamdiu
1044 1655 1210 1740 regnauit,
1241 1649 1438 1736 quamdind.

169 1759 272 1822 etiam
295 1757 337 1823 sd
367 1758 548 1824 satietatem
578 1758 703 1823 uixisse
730 1757 859 1822 abunde
888 1759 982 1825 foret.
1025 1757 1153 1826 LXXX
1183 1759 1269 1824 eninr
1300 1758 1395 1822 annis

103 1950 104 1957 ἵ
168 1865 310 1950 patriam
335 1885 431 1928 suam
453 1865 545 1938 rexit,
569 1865 643 1929 cum
667 1863 711 1928 ad
732 1865 1147 1953 imperinm‘qnadraginta
1170 1885 1276 1929 annos
1301 1875 1395 1928 natus

172 1971 374 2036 accessisset
420 1970 520 2035 Cuius
542 1971 591 2037 rei
612 1972 694 2034 certi
709 1983 784 2036 sunt
806 1984 968 2041 auctores.
1013 1971 1150 2038 Asinius
1167 1972 1265 2036 etiam
1282 1969 1398 2044 Pollio,

171 2100 243 2142 non
259 2078 395 2148 minima
410 2099 488 2164 pars
500 2076 644 2141 Romani
660 2076 733 2152 stili,
756 2079 791 2141 in
815 2079 907 2142 tertio
931 2077 1140 2144 historiarum
1158 2097 1290 2143 suarum
1314 2075 1397 2140 libro

135 2200 163 2245 1⁵
174 2195 307 2250 centum
333 2181 424 2248 illum
453 2195 485 2246 et
513 2183 647 2270 triginta
676 2205 784 2248 annos
813 2183 962 2268 explesse
985 2197 1235 2258 commemorat,
1267 2183 1397 2266 etipse

173 2309 341 2355 neruosae
362 2289 548 2353 uiuacitatis
571 2287 659 2352 haud
684 2309 821 2373 paruum
846 2291 1039 2376 exemplum.

264 2395 371 2459 Huius
394 2395 484 2480 regis
508 2396 825 2461 consummationem
849 2419 1007 2462 annorum
1038 2397 1147 2463 minus
1172 2397 1397 2464 admirabilem
1408 2396 1438 2463 5.

175 2503 301 2568 faciunt
323 2498 518 2585 Aethiopes,
548 2523 631 2586 quos
655 2501 841 2566 Herodotus
872 2503 983 2568 scribit
1011 2503 1224 2568 centesimum
1258 2514 1289 2567 et
1311 2505 1397 2568 uice·

177 2610 298 2672 simum
322 2627 443 2686 annum
467 2607 668 2693 transgredi,
692 2619 724 2669 et
746 2606 835 2682 lodi,
865 2607 1046 2694 dequibus
1071 2609 1200 2675 Ctesias
1224 2611 1310 2676 idem
1334 2623 1397 2674 tra·

139 2715 234 2790 adit,
258 2726 289 2776 et
311 2713 522 2799 Epimenides
547 2712 703 2787 Gnosius,
734 2735 829 2800 quem
853 2714 1085 2805 Theopompus
1118 2716 1195 2782 dicit
1219 2728 1342 2807 septem
1367 2728 1398 2781 et

179 2822 418 2909 quinquaginta
440 2833 471 2883 et
494 2828 622 2885 centum
646 2842 751 2885 annos
775 2822 911 2887 uixisse.

182 2981 204 3035 1.
218 2980 370 3047 septimum]
392 2981 468 3031 Vlum
478 2978 510 3033 Γ.
521 2978 534 3047 ΙΙ
547 2996 644 3032 mutim
663 2986 760 3104 speret
770 2978 803 3033 11.
815 2980 829 3049 ΙΙ
841 2980 1013 3048 quapropter]
1033 2979 1094 3035 odd.
1108 2984 1177 3048 quod
1197 2980 1227 3035 F.
1240 2982 1253 3050 ΙΙ
1263 2979 1289 3035 2.
1309 2984 1398 3047 inquid

177 3067 220 3119 pr.
238 3051 269 3106 A.
289 3068 337 3105 oss.
353 3066 398 3119 pr.
410 3049 448 3105 D.
459 3050 473 3117 Η
485 3049 510 3105 9.
529 3054 597 3118 quod
616 3066 666 3103 osn.
704 3051 741 3119 ,ΙΙ
757 3066 867 3105 scnsem
882 3067 926 3119 pr.
944 3052 976 3105 A.
995 3056 1105 3105 accuset
1125 3051 1153 3105 O.
1166 3054 1179 3119 ΙΙ
1196 3053 1294 3119 trnctnl
1311 3056 1398 3122 gesen

180 3122 216 3175 D.
230 3122 242 3189 ll
262 3122 288 3176 5.
306 3124 411 3188 reliquit
432 3138 520 3185 nequo
538 3125 564 3172 in
589 3124 635 3172 illo
652 3124 753 3175 inuenit
771 3121 801 3175 F.
821 3122 834 3191 ΙΙ
853 3118 879 3173 ll.
897 3124 976 3174 Xeno
995 3124 1083 3186 philus
1099 3138 1143 3190 pr.
1161 3122 1193 3176 A.
1219 3126 1296 3176 Xeno
1315 3126 1399 3189 philo·

180 3197 283 3259 sophus
309 3193 371 3246 Por.
395 3196 421 3243 et
442 3207 513 3244 corr.
535 3191 567 3243 A.
589 3196 746 3258 zenophilus
769 3192 800 3247 F.
817 3194 831 3262 Η
847 3195 1046 3245 chalchidensis
1067 3209 1110 3259 pr.
1134 3192 1166 3245 A.
1192 3196 1399 3245 chalchidiensis

182 3280 250 3317 corr.
267 3262 299 3317 A.
323 3262 511 3315 onichidiennis
523 3260 616 3314 DPar.
629 3262 642 3329 ΙΙ
654 3266 680 3315 8.
691 3266 849 3317 incommodi
862 3266 971 3315 humani
986 3262 1071 3317 ODF.
1083 3263 1097 3329 ΙΙ
1109 3266 1252 3327 splendore
1264 3266 1400 3315 doctrinae

183 3334 259 3386 Torr.
273 3331 286 3404 ll
302 3331 343 3385 1⁰.
362 3334 571 3399 arganthonicus
585 3347 630 3398 pr.
648 3331 681 3384 A.
700 3336 871 3385 erchatooios
890 3330 978 3387 CDF.
997 3336 1149 3385 arestonius
1167 3332 1202 3385 Ε.
1226 3335 1400 3401 ergatooicns
1452 3362 1457 3369 ·

183 3404 213 3459 Γ.
227 3403 239 3473 ΙΙ
253 3404 295 3457 11.
314 3401 428 3467 Lxxxt
452 3405 499 3453 XC
522 3402 585 3454 Por.
603 3399 666 3455 odei.
684 3418 709 3455 n.
734 3404 781 3453 xc
798 3418 888 3469 snorpo
907 3402 938 3455 A.
955 3403 969 3471 ΙΙ
987 3401 1027 3455 12.
1047 3406 1209 3455 accessisset
1228 3410 1306 3455 natus
1325 3401 1361 3455 D.
1374 3402 1388 3469 ΙΙ

185 3474 225 3529 19.
243 3478 323 3527 Cuius
341 3501 377 3513 -
394 3469 462 3537 1111.)
480 3474 631 3536 exemplum
649 3487 699 3523 ons.
717 3470 749 3525 Γ.
760 3473 774 3540 ΙΙ
785 3474 877 3539 eliam]
897 3474 967 3523 enim
985 3470 1022 3527 D.
1034 3473 1048 3539 ΙΙ
1064 3470 1103 3525 to.
1115 3475 1276 3539 uiuacitatis]
1296 3472 1346 3525 litt.
1365 3476 1400 3523 tls

184 3546 211 3598 in
227 3558 323 3599 russo
340 3542 370 3595 A.
384 3542 398 3609 ΙΙ
413 3560 506 3607 purum
521 3538 632 3609 «11118.
651 3544 817 3609 uicesimum]
836 3538 933 3594 XXmi
945 3557 990 3610 pr.
1008 3542 1040 3596 A.
1059 3536 1181 3595 XXeri
1198 3542 1302 3595 comA
1322 3542 1399 3597 ePa·

183 3615 247 3671 sida
270 3616 349 3667 XXX
367 3612 402 3668 A.
422 3616 581 3683 nigesimum
600 3612 677 3667 Torr.
687 3612 702 3680 ΙΙ
716 3609 756 3665 19.
772 3615 801 3665 ei
818 3615 875 3667 indi
892 3642 927 3653 -
945 3616 1024 3666 tradit
1042 3629 1091 3667 oss.
1109 3611 1141 3665 Γ.
1155 3611 1167 3681 ΙΙ
1182 3616 1253 3665 hindi
1267 3629 1311 3681 pr.
1331 3612 1391 3737 Ag

186 3690 298 3741 eteseiss
316 3683 377 3739 AC.
399 3687 541 3737 etoseise
559 3682 596 3738 D.
619 3686 740 3735 ethesins
763 3683 799 3737 11.
823 3687 851 3737 et
873 3688 967 3737 eseias
990 3683 1018 3737 F.
1035 3682 1049 3749 11
1066 3685 1146 3749 idem]
1172 3687 1275 3751 quidem
1298 3683 1357 3737 AD
1392 3724 1399 3739 .

187 3761 276 3825 quibus
297 3757 326 3810 0.
345 3758 450 3821 quidam
470 3754 502 3808 F.
527 3754 650 3807 Corruit
669 3752 776 3807 Celeres
793 3770 851 3807 usn
870 3754 910 3810 ed.
934 3752 1022 3807 Venet-
1042 3754 1054 3823 ΙΙ
1074 3757 1181 3807 tradidit
1197 3754 1234 3809 D.
1252 3756 1265 3823 ΙΙ
1281 3754 1325 3809 20.
1344 3757 1399 3820 epl-

186 3831 294 3881 soenldis
311 3826 343 3881 A.
357 3824 371 3897 ΙΙ
385 3829 499 3897 gnosios
518 3824 602 3878 CDl'
618 3831 644 3879 et
660 3840 730 3880 corr.
749 3824 781 3880 A.
795 3826 808 3884 ΙΙ
827 3828 900 3895 dicit]
922 3829 991 3879 diem
1010 3823 1042 3879 F.
1058 3823 1130 3891 1121.
1150 3828 1342 3895 qulnquaginta
1359 3826 1397 3893 etl

186 3902 232 3953 xi.
248 3899 354 3961 (onnes
371 3907 409 3958 et)
425 3896 457 3956 F.
469 3898 483 3965 ΙΙ
494 3913 564 3949 auno
585 3895 613 3950 0.

252 4039 278 4095 3.
296 4044 335 4093 Ci.
353 4042 420 4093 eun.
438 4041 466 4091 h·
483 4055 508 4092 n.
529 4040 585 4096 Vll,
603 4036 648 4098 50,
665 4034 709 4093 51.
735 4038 848 4092 Lucien.
865 4042 984 4091 macrob.
1005 4037 1046 4092 18.

252 4112 423 4166 Aristoxenus
439 4108 563 4165 musices)
585 4112 624 4162 ct
644 4111 698 4161 Cic.
716 4110 797 4163 Tusa
816 4112 842 4169 1,
863 4108 904 4169 lt),
922 4107 971 4168 1ος
997 4112 1030 4161 ds
1048 4110 1092 4163 dn.
1113 4110 1143 4167 V,
1165 4107 1204 4169 lll,
1223 4107 1273 4169 50;
1293 4113 1327 4161 sd
1346 4112 1399 4163 Att.

188 4185 259 4244 xltl,
274 4180 324 4243 32.
343 4181 369 4235 2.
397 4184 560 4250 fragments
582 4182 641 4231 ciue
664 4180 774 4249 collegit
795 4182 893 4232 Miller
916 4182 1012 4249 fragm.
1030 4182 1092 4235 hist
1112 4181 1206 4233 Graec.
1225 4182 1262 4239 11,
1288 4198 1314 4246 p.
1337 4175 1398 4233 9119.

188 4256 269 4307 iiodie
286 4257 432 4319 supersunt
450 4258 506 4303 tres
524 4252 584 4302 sius
604 4251 662 4301 libri
678 4251 739 4323 aspi
755 4248 910 4324 ἁρμονικῶν
926 4254 1066 4321 στοιχείων.

252 4324 278 4379 A·
296 4328 336 4379 01,
354 4326 452 4377 Herod.
470 4324 490 4381 l,
512 4318 569 4376 163.
595 4323 646 4373 cte.
665 4324 722 4374 eat.
739 4324 802 4375 mni.
824 4317 869 4382 lll,
894 4316 936 4375 119.
961 4323 1026 4374 Ptin.
1045 4322 1071 4374 h.
1090 4336 1116 4374 n.
1136 4320 1197 4379 Vll,
1220 4318 1263 4381 48.
1282 4317 1325 4373 49.
1351 4320 1398 4371 Sil.

189 4397 241 4450 ltel.
258 4398 303 4453 111.
321 4391 382 4448 991.
404 4396 516 4447 Lucinn.
535 4395 652 4445 macmb.
674 4388 715 4444 19.

254 4461 279 4519 5.
298 4468 336 4522 Cf.
355 4468 453 4517 Herod.
471 4465 515 4522 lll,
532 4460 576 4515 93.

254 4542 280 4587 et
296 4534 465 4604 Epimenides
484 4532 605 4585 Cnosius)
622 4534 660 4586 Cf.
681 4534 745 4585 Plio.
764 4534 791 4583 h.
809 4548 835 4586 n.
853 4534 912 4593 Vll,
928 4531 974 4593 48.
992 4530 1036 4588 49.

254 4613 349 4675 septen
372 4612 398 4658 et
420 4602 606 4674 quinquaqinta
627 4608 653 4653 et
670 4608 779 4665 centnm
807 4604 849 4655 De
872 4607 1053 4657 numeralibus
1080 4604 1157 4655 aliter
1180 4618 1213 4654 ae
1237 4603 1319 4670 uolgo
1342 4604 1398 4653 fleri

191 4681 302 4731 soletita
318 4679 466 4735 collocatis,
485 4679 515 4727 ut
532 4676 619 4727 minor
634 4687 762 4726 numeros
780 4677 960 4727 centenarium
972 4676 1122 4733 antecedet.
1142 4674 1257 4723 diximus
1275 4675 1310 4723 ed
1330 4672 1396 4731 vm,

193 4747 230 4811 11.
248 4747 271 4804 1.
297 4750 356 4801 11οο
371 4750 433 4801 loeo
450 4748 536 4800 maim
552 4747 633 4799 οῑίω
649 4745 759 4799 licentis
774 4748 846 4802 loeo
864 4750 915 4807 est,
933 4748 1004 4811 quod
1022 4746 1102 4799 Amol
1119 4746 1162 4798 bis
1180 4745 1338 4808 interposite
1356 4746 1398 4795 est
