3409 5400
593 495 677 566 arn.
700 498 759 579 vr,
782 500 820 569 o.
843 504 876 581 e.
899 513 930 584 r.
953 507 1073 576 a-n
1282 458 1285 462 ¹
1376 519 1442 587 517

85 665 117 706 :s
131 668 155 707 ν.
220 650 379 721 beneflcio
402 656 595 723 inminentia
618 660 779 749 supplicia
800 665 949 734 uitasset.
998 666 1094 735 Nunc
1123 672 1274 739 conmisit
1301 686 1336 742 ut
1361 676 1441 744 Phi·

88 776 153 817 aaz:
218 756 350 825 lucratis
374 784 474 849 quam
499 764 640 833 Gracchi
664 768 808 836 cadauer
831 774 1018 858 speciosius
1041 776 1172 844 iaceret

307 866 383 933 Alia
406 871 574 950 nobilitas,
605 874 688 941 alius
711 876 817 952 furor,
846 880 908 943 sed
930 880 1007 946 fidei
1033 904 1093 968 par
1121 884 1316 970 exemplum.
1361 886 1440 953 Pin·
1449 901 1481 965 4,

98 997 141 1037 :a
219 971 320 1039 daras
357 976 389 1041 0.
425 977 577 1049 Cassium
610 980 816 1069 Philippensi
849 985 975 1072 proelio
1011 989 1148 1065 uictum,
1183 1012 1288 1076 nuper
1324 992 1366 1057 ab
1399 1014 1439 1056 eo

192 1082 454 1159 manumissus,
481 1086 576 1151 iussu
599 1088 703 1174 ipsius
727 1089 954 1159 obtruncatum
973 1094 1174 1161 insultationi
1196 1095 1338 1162 hostium
1362 1099 1440 1163 sub·

85 1215 140 1258 ear
219 1187 313 1251 traxit
335 1184 436 1276 seque
460 1213 478 1255 e
501 1205 681 1279 conspeetu
703 1194 874 1262 hominum
897 1198 1081 1267 uoluntaria
1102 1213 1205 1267 morte
1228 1203 1370 1281 abstulit,
1392 1206 1440 1270 ita

85 1324 143 1366 effi
217 1302 252 1354 ut
274 1313 317 1357 ne
339 1316 459 1381 eorpus
483 1298 614 1385 quidem
639 1300 709 1365 eius
734 1302 898 1391 absumpti
920 1306 1130 1375 inueniretur.
1186 1307 1270 1389 Quis
1302 1311 1438 1377 deorum

85 1434 136 1500 '7³⁵
216 1400 408 1485 grauissimi
430 1404 565 1471 sceleris
588 1405 671 1471 ultor
692 1406 783 1473 illam
806 1411 983 1489 dexteram,
1010 1416 1151 1501 quaein
1174 1436 1291 1507 necem
1312 1419 1437 1503 patriae

99 1522 135 1585 ,t-
216 1507 361 1591 parentis
391 1526 572 1588 exarserat,
607 1524 696 1578 tauto
732 1524 863 1603 torpore
895 1518 1059 1607 inligauit,
1093 1531 1128 1585 ut
1160 1542 1198 1585 se
1231 1522 1437 1589 tremibunda

85 1658 126 1699 [a
176 1626 206 1674 tu
215 1609 352 1678 Pindari
375 1616 515 1702 genibus
543 1620 771 1698 summitteret,
801 1643 842 1688 ne
870 1624 993 1711 publici
1020 1627 1188 1711 parricidii
1216 1650 1300 1714 quas
1330 1649 1435 1693 mere·

85 1770 121 1809 '³
214 1717 309 1783 batur
331 1739 458 1805 poenas
482 1724 613 1791 arbitrio
636 1728 710 1812 piae
735 1730 890 1795 uictoriae
913 1731 1123 1797 exsolueret?
1150 1732 1198 1797 Tu
1220 1735 1377 1820 profecto,
1401 1745 1434 1798 tu

214 1822 288 1889 diue
309 1824 382 1903 Iuli,
405 1828 601 1897 caelestibus
624 1834 689 1899 tuis
712 1834 903 1901 uulneribus
926 1836 1069 1903 debitam
1092 1841 1231 1927 exegisti
1244 1839 1434 1925 uindictam,

213 1932 374 2017 perfidum
403 1957 484 2025 erga
520 1948 550 2005 te
584 1951 682 2025 caput
712 1940 837 2006 sordidi
866 1942 977 2008 auxilii
1005 1945 1144 2031 supplex
1171 1946 1243 2010 lieri
1271 1943 1433 2033 cogendo,

85 2090 119 2136 a:
214 2058 254 2101 eo
278 2040 379 2105 arrimi
402 2054 496 2109 aestu
518 2044 712 2131 conpulsum
736 2060 769 2111 ut
791 2069 899 2135 neque
921 2050 1059 2115 retinere
1081 2052 1184 2116 uitam
1205 2051 1302 2117 uellet
1327 2072 1433 2138 neque

88 2196 119 2241 ᾖ...
174 2166 203 2213 ir
214 2145 304 2211 linire
328 2168 392 2213 sua
412 2170 512 2215 manu
536 2150 679 2219 auderet.

85 2324 117 2349 m
300 2252 457 2320 Adiunxit
479 2276 513 2321 ae
532 2256 587 2324 his
611 2258 759 2325 cladibus
785 2259 819 2327 Ο.
836 2258 963 2325 Plotius
985 2260 1141 2338 Plancus,
1165 2262 1304 2326 Munatii
1317 2259 1434 2326 Planci
1442 2268 1474 2336 5,

105 2390 114 2453 Ξ
212 2359 395 2427 consularis
419 2374 450 2426 et
472 2366 615 2429 censorii
635 2364 745 2430 srater.
792 2367 857 2448 Qui
888 2390 963 2433 cum
986 2390 1007 2432 a
1030 2368 1206 2432 triumuiris
1229 2366 1432 2453 proscriptus

86 2503 113 2557 ²³.
211 2466 244 2531 in
268 2468 405 2554 regione
429 2468 638 2535 Salernitana
658 2471 781 2549 lateret,
806 2474 995 2541 delicatiore
1018 2475 1106 2539 uitae
1130 2494 1252 2561 genere
1276 2483 1308 2535 et
1330 2471 1433 2536 odore

85 2626 110 2693 ,ᾗ
216 2605 237 2661 Ι.
256 2610 371 2661 uitasset
383 2636 396 2664 e
410 2609 442 2665 A.
457 2611 469 2678 il
484 2612 559 2663 Nunc
577 2640 610 2651 -
632 2610 682 2679 (2.)
700 2616 801 2667 iaceret
817 2631 868 2669 om.
886 2614 918 2669 Γ.
930 2616 944 2686 ΙΙ
954 2618 1181 2738 philocratesppue*i
1195 2613 1227 2667 A.
1245 2615 1387 2680 philocalia
1399 2610 1432 2666 F.

98 2739 106 2751 ‚¹
222 2674 273 2748 113.
292 2680 318 2745 s.
337 2677 355 2733 4
373 2696 422 2738 om.
441 2680 473 2738 Γ.
485 2681 536 2752 ΙΙ4.
555 2684 584 2736 G.
602 2686 736 2753 Cassium]
761 2686 923 2740 Praenoraea
945 2704 995 2740 ora.
1020 2683 1106 2740 CDE
1197 2701 1243 2754 pr.
1265 2682 1298 2738 A.
1314 2683 1328 2753 ΙΙ
1344 2687 1379 2736 ab
1398 2699 1431 2737 eo

86 2743 105 2784 ⁵³
211 2766 260 2804 om.
279 2750 376 2819 12115.
395 2756 471 2807 iussu
488 2756 575 2820 ipsius
594 2770 642 2808 om.
662 2753 693 2809 F.
705 2757 719 2825 ΙΙ
730 2760 904 2826 insultationi]
923 2757 1016 2812 citima
1033 2757 1123 2810 littera
1140 2755 1170 2808 ia
1186 2771 1283 2809 rasura
1298 2755 1330 2809 A.
1349 2756 1432 2807 insul·

211 2823 355 2875 talionibus
376 2821 453 2877 Turr.
464 2826 478 2895 ΙΙ
491 2824 514 2880 i.
534 2827 668 2892 adsumpti
681 2843 727 2894 pr.
745 2827 776 2882 A.
796 2832 927 2895 assumpti
945 2827 977 2883 F.
989 2826 1040 2898 118.
1059 2827 1139 2895 quae]
1158 2827 1262 2880 littam
1273 2843 1308 2879 ae
1326 2842 1343 2879 a
1361 2839 1431 2879 eurr.

100 2909 105 2940 ¹·
210 2892 373 3018 apprime
390 2893 422 2949 A.
433 2893 622 3020 ihdfflemporp
640 2894 697 3020 13511
708 2899 887 3023 troppbonpp]
910 2899 952 2952 atr
965 2898 1006 2986 3⁴·
1023 2895 1431 3023 ifflmbui‘iincpiffllpstrs?

95 3038 101 3090 i
210 2981 319 3088 albioris
336 2980 410 3091 linit
421 2983 497 3114 bor-r.
514 2972 648 3094 Aletini-’r-
662 3036 675 3109 ΙΙ
690 2970 850 3094 dl'soirle'let
868 2973 1039 3110 lillllllllatu
1048 3010 1055 3024 ⁶
1065 2970 1232 3108 ‹lldldlhldbd¹
1247 2968 1317 3090 iilud¹
1332 2984 1432 3106 call

85 3149 88 3166 .
214 3105 335 3160 1211114
355 3105 383 3162 A.
402 3111 457 3160 lulli
474 3108 536 3164 EF.
549 3108 562 3178 ΙΙ
574 3113 696 3180 exiglstis
715 3108 744 3163 F.
759 3111 771 3179 ΙΙ
786 3115 927 3163 uindictam
959 3110 1022 3167 add.
1041 3114 1174 3164 infidelem
1193 3110 1222 3163 F.
1242 3108 1255 3179 ΙΙ
1277 3106 1317 3163 13.
1335 3111 1363 3158 ie
1380 3124 1431 3159 om.

98 3219 101 3226 -
210 3177 238 3232 F.
253 3176 266 3244 ΙΙ
281 3178 397 3230 sordidis
416 3193 485 3232 corr.
503 3177 535 3234 A.
550 3179 562 3248 u
576 3183 682 3234 auxiliis
699 3181 731 3235 A.
743 3181 757 3250 ΙΙ
771 3181 811 3236 14.
831 3186 910 3254 gestu
962 3181 999 3235 E.
1020 3184 1090 3235 exitu
1110 3179 1142 3235 F.
1153 3183 1168 3250 Η
1187 3180 1227 3233 15.
1246 3181 1315 3231 liniri
1332 3177 1394 3231 EF.
1405 3178 1420 3245 ii

209 3265 290 3301 mauu
309 3263 361 3298 sua
380 3246 457 3303 Torr.
471 3247 484 3318 ΙΙ
500 3247 542 3302 lu.
561 3253 686 3305 Adiunxit
697 3281 731 3293 -·
750 3255 876 3304 cladibus
889 3269 938 3306 oar.
957 3252 988 3306 Γ.
1000 3253 1014 3321 ΙΙ
1026 3269 1057 3304 se
1075 3268 1123 3305 om.
1141 3249 1263 3304 Acus.
1274 3249 1288 3316 ΙΙ
1299 3251 1333 3300 iis
1353 3247 1431 3301 Torr.

220 3321 234 3388 ΙΙ
245 3337 272 3390 g.
290 3319 408 3385 plotinus
426 3318 758 3392 subsannamus
779 3322 809 3376 0.
827 3327 949 3388 plaucius
966 3322 1004 3376 D.
1016 3322 1030 3391 ΙΙ
1041 3325 1152 3374 namatii
1172 3318 1230 3374 ΟΡ.
1246 3319 1261 3387 ΙΙ
1276 3320 1372 3385 plaucii
1390 3316 1428 3371 D.

208 3391 306 3456 planoii
323 3389 359 3444 E.
374 3385 386 3462 ΙΙ
402 3386 444 3441 17.
463 3393 512 3455 Qui
530 3405 580 3444 oar.
598 3390 715 3457 Γ.1118.
735 3395 887 3445 salonitana
905 3392 967 3447 Por.

279 3512 304 3568 4.
324 3516 364 3566 Gt.
382 3516 450 3570 Piut.
469 3517 541 3569 Brut.
559 3511 604 3577 43,
624 3518 685 3572 roll.
704 3533 763 3568 cum
783 3520 850 3570 Veii.
864 3519 897 3576 li,
917 3514 960 3574 iu,
978 3512 1006 3568 2.
1024 3517 1094 3568 lior.
1107 3516 1165 3574 1111,
1184 3511 1210 3574 7,
1231 3509 1272 3566 13.
1292 3512 1359 3579 App.
1378 3515 1427 3566 eiu.

208 3587 266 3644 1111,
286 3580 344 3639 113.
364 3586 422 3638 Dio.
442 3589 519 3640 cass.
539 3587 645 3647 XLVii,
663 3583 700 3642 46
718 3603 743 3652 p.
763 3585 814 3641 523
839 3588 924 3641 iieim.
943 3585 1019 3638 Auet.
1042 3588 1076 3636 de
1094 3588 1143 3638 uir.
1160 3587 1198 3638 ili.
1218 3582 1261 3639 83.
1286 3587 1365 3638 Oros.
1383 3586 1428 3644 vi,

210 3655 250 3710 18.
269 3658 366 3709 Zonar.
384 3658 419 3718 X,
440 3655 480 3712 lii.

282 3725 310 3780 Ο.
331 3725 460 3784 canam
486 3730 670 3782 Praenominie
694 3731 784 3781 notam
809 3730 939 3780 omissam
963 3744 982 3779 a
1002 3728 1117 3778 librariis
1141 3730 1251 3792 propter
1268 3729 1425 3790 sequentem

208 3800 321 3850 litteram
341 3797 365 3851 C
382 3802 585 3867 suppletamque
603 3816 622 3851 a
640 3801 734 3870 Pighlo
753 3801 855 3858 retinui,
880 3800 1063 3850 confirmatam
1081 3813 1151 3849 nuuc
1169 3799 1226 3848 luiii
1245 3798 1350 3848 Paridis
1368 3798 1422 3859 epi·

206 3873 288 3923 tome.
325 3871 408 3922 Paulo
421 3875 481 3936 post
493 3873 657 3923 abstractum
670 3873 740 3938 quod
753 3875 849 3922 uocant
860 3871 1028 3940 grammatici
1040 3869 1198 3921 uocabulum
1212 3867 1277 3936 piae
1293 3865 1423 3918 uictoriae

207 3957 256 4005 pro
275 3946 398 3993 concreto
411 3939 456 4008 pii
473 3940 592 3997 uictoris.
612 3945 681 4010 quod
701 3943 783 4012 uulgo
801 3943 944 4001 edebatur,
966 3941 1091 3993 reuocant
1108 3939 1224 4004 positum
1242 3953 1259 3990 e
1276 3953 1350 3991 more
1369 3939 1421 3989 Va·

207 4012 272 4071 terli,
291 4013 325 4063 de
344 4029 396 4078 quo
415 4014 468 4063 dixi
485 4014 511 4064 in
530 4013 614 4078 praei.
633 4029 660 4078 p.
676 4010 720 4066 38.

276 4081 302 4136 5.
321 4083 359 4134 01.
377 4083 442 4136 Ptin.
463 4085 488 4136 b.
507 4100 534 4137 n.
551 4084 620 4143 Xlll,
639 4079 665 4144 3,
683 4082 710 4138 5.
728 4083 810 4138 Solia.
828 4079 873 4137 ld.

278 4149 306 4206 0.
323 4152 423 4206 Plotius
440 4153 563 4213 Plancus)
588 4156 713 4212 Lucium,
731 4171 784 4208 nou
803 4156 898 4206 Gaium
916 4170 977 4206 eum
995 4155 1132 4220 appellant
1149 4154 1250 4204 Plinius
1269 4155 1296 4204 et
1313 4152 1420 4203 Solinus

207 4226 232 4276 il.
252 4241 291 4276 cc.
321 4225 464 4277 Denarium
483 4228 570 4286 ilium,
594 4227 621 4277 in
639 4242 692 4290 quo
711 4229 774 4280 item
792 4227 825 4278 L.
842 4227 947 4278 Potium
965 4227 1092 4276 Plancum
1114 4239 1178 4277 esse
1196 4225 1354 4276 monuerunt
1370 4223 1421 4272 uiri

205 4297 285 4356 docti,
304 4295 351 4362 (et.
371 4297 453 4350 Erkir.
472 4299 554 4350 doctr.
573 4313 599 4350 u.
618 4298 650 4358 V,
666 4315 695 4362 p.
712 4293 786 4364 213.)
810 4301 844 4348 ad
866 4299 937 4348 bunc
955 4297 1040 4348 uirum
1056 4296 1190 4361 pertinere
1207 4311 1257 4360 pro
1275 4299 1347 4344 certo
1365 4306 1420 4341 non

204 4367 403 4420 affirmauerim.
439 4369 533 4432 Neque
551 4383 616 4420 uero
634 4371 733 4429 obstat,
751 4370 814 4432 quin
832 4384 892 4421 eam
910 4369 1022 4418 Lucium
1041 4369 1164 4419 uocatum
1183 4367 1267 4416 tuisse
1285 4365 1419 4427 putemus,

205 4440 275 4503 quod
294 4439 377 4490 trater
400 4455 505 4506 quoqm
529 4441 587 4492 elus
612 4441 761 4492 consularis
783 4442 811 4492 et
833 4441 972 4491 censorius
994 4440 1070 4489 Lucii
1092 4437 1264 4503 praenomine
1287 4433 1419 4490 utebatur,

204 4509 268 4570 qula
291 4509 391 4560 Plotius
415 4511 531 4562 Plancus
554 4512 697 4575 adoptione
721 4513 749 4562 in
770 4511 852 4562 allam
876 4512 1021 4562 uenderet
1047 4510 1184 4560 familiam.
1212 4507 1251 4556 Gt
1274 4505 1419 4555 Drumanu.

203 4581 299 4648 gessia
318 4581 401 4632 Boms
419 4582 440 4640 1,
459 4597 485 4647 p.
503 4579 565 4635 374.
601 4583 699 4634 Nescio
717 4585 807 4634 tamen
825 4597 860 4632 aa
880 4597 934 4633 aoa
958 4585 1031 4632 recte
1049 4581 1084 4630 de
1100 4579 1197 4629 mendo
1215 4576 1419 4627 Valerinaorurn

203 4651 330 4703 librorum
349 4653 510 4722 cogitauerit
527 4653 655 4712 Vrsinus,
673 4669 732 4706 cum
750 4655 837 4718 ipsum
855 4655 993 4704 rumorem
1009 4653 1037 4702 in
1054 4648 1270 4713 praenominibus
1288 4646 1419 4712 ponendis

203 4737 298 4787 pamm
317 4723 471 4793 diligentem
491 4725 575 4777 trisse
593 4726 662 4778 eatis
680 4725 792 4778 constet.
820 4725 879 4778 Vid.
897 4723 984 4789 praet.
1002 4738 1028 4788 p.
1045 4715 1090 4774 33.
