3409 5400
1435 523 1456 588 9
1511 607 1516 614 .

230 682 351 772 gessit3
380 677 459 746 inde
488 677 704 758 rhetoricum,
729 679 897 758 floridum,
925 681 1091 768 perpetuis
1121 682 1257 769 argutiis
1286 679 1456 747 insolenti·

214 787 357 878 'busque
379 787 610 854 sestiuitatibus
641 789 830 876 perplexum
859 789 991 854 dicendi
1021 812 1138 879 genus.
1196 789 1294 871 Quod
1320 792 1352 856 si
1381 789 1455 855 aliis

229 919 359 986 quoque
382 895 531 980 ejusdem
554 898 670 962 aetatis
694 897 909 984 scriptoribus
939 900 1107 985 proprium
1137 898 1241 962 fuisse
1265 898 1404 972 scimus,
1436 920 1458 962 a

229 1003 365 1071 Valerio
388 1013 499 1070 tamen
517 1006 694 1092 praecipuo
708 1027 781 1071 cum
801 1004 911 1070 studio
923 1005 1085 1072 excultum
1098 1005 1262 1070 uidemus.
1301 1002 1458 1069 Intererat

230 1115 318 1180 enim
346 1122 382 1178 ut
411 1114 485 1199 ipso
514 1134 613 1199 opere
644 1112 743 1178 simul
770 1114 904 1200 insigne
931 1115 1012 1180 artis
1041 1114 1208 1201 exemplar
1238 1136 1278 1180 ac
1307 1135 1458 1180 normam
1553 1137 1557 1147 ·

229 1219 401 1308 discipulis
425 1229 621 1308 proponeret
643 1221 714 1285 eius
738 1219 962 1309 eloquentiae,
993 1245 1092 1311 quam
1120 1223 1217 1286 unice
1246 1220 1458 1298 elaboratam,

228 1328 457 1417 ingeniosam,
486 1329 656 1394 efficacem
678 1339 787 1395 mente
816 1341 1018 1416 perceperat.
1071 1330 1169 1412 Quod
1197 1332 1228 1396 si
1254 1352 1370 1394 uerum
1397 1341 1457 1405 est,

230 1450 368 1527 apparet
389 1441 425 1503 in
448 1435 676 1501 examinandis
701 1448 732 1501 et
754 1437 936 1523 pensandis
960 1437 1086 1504 Valerii
1117 1441 1204 1502 curis
1227 1462 1295 1504 non
1318 1438 1458 1503 candem

229 1545 453 1612 adhibendam
476 1564 553 1608 esse
581 1542 734 1608 trutinam
756 1541 861 1630 {atque
884 1546 920 1609 in
947 1545 1099 1631 operibus
1130 1567 1255 1610 meram
1286 1525 1463 1610 historiam·

230 1651 473 1741 spectantibus,
504 1671 611 1739 neque
635 1653 722 1716 enim
744 1651 917 1717 historiam
941 1652 1083 1718 condere
1112 1655 1146 1717 in
1170 1654 1280 1717 animo
1313 1664 1397 1726 erat,
1424 1663 1459 1718 ut

227 1764 300 1850 ipse
324 1762 500 1847 profitetur,
522 1758 706 1845 meliusque
726 1760 869 1826 auctoris
892 1760 1065 1824 consilium
1089 1761 1283 1847 epitomator
1305 1760 1359 1824 ille
1382 1781 1456 1844 per·

230 1869 355 1956 spexit,
385 1869 440 1954 qui
469 1866 602 1953 antiquo
630 1867 698 1930 iam
726 1877 871 1952 tempore
898 1864 962 1930 hos
990 1867 1092 1932 libros
1123 1869 1158 1932 in
1181 1866 1368 1953 compendii
1390 1867 1457 1930 for·

229 1997 320 2042 mam
343 1972 511 2061 redegit¹),
536 1993 635 2059 quam
659 1973 805 2058 plerique
828 1975 1046 2039 recentiorum
1069 1974 1249 2048 hominum,
1274 1975 1328 2061 qui
1352 1972 1394 2036 de
1418 1994 1457 2036 eo

232 2084 428 2150 sententiam
451 2081 486 2144 in
507 2078 653 2144 medirun
675 2080 884 2166 protulerunt.

318 2189 434 2275 Neque
450 2197 561 2252 tamen
578 2187 607 2251 si
618 2185 705 2252 hanc
718 2189 926 2274 potissimum
946 2191 1055 2277 operis
1071 2188 1241 2254 utilitatem
1257 2200 1332 2253 ante
1345 2187 1458 2252 oculos

231 2296 381 2362 habuerit
404 2307 532 2368 auctor,
562 2293 637 2358 ideo
667 2297 860 2382 negauerim
884 2318 959 2360 eum
989 2297 1086 2360 simul
1114 2297 1204 2362 aliud
1227 2318 1356 2382 quoque
1380 2316 1458 2360 con·

232 2405 339 2468 silium
371 2405 404 2468 in
437 2401 598 2489 eligendis
629 2411 725 2488 atque
755 2402 950 2467 enarrandis
981 2401 1076 2465 dictis
1104 2405 1266 2489 factisque
1296 2423 1459 2466 memora·
1499 2425 1502 2432 ·

231 2511 349 2576 bilibus
375 2533 450 2576 esse
474 2519 632 2582 secutum,
657 2508 744 2595 quod
767 2508 966 2594 peculiarem
983 2529 1077 2574 suam
1090 2511 1231 2573 formam
1252 2509 1328 2572 huic
1351 2507 1459 2573 libello

231 2617 427 2705 praebuerit.
481 2616 568 2682 Nam
599 2618 856 2703 repraesentatis
879 2616 1076 2682 notabilibus
1104 2617 1276 2681 uirtutibus
1307 2618 1460 2703 uitiisque

233 2738 264 2789 et
292 2725 406 2791 relatis
434 2726 581 2790 moribus
618 2734 714 2811 atque
749 2726 905 2790 institutis
939 2724 1036 2790 laude
1071 2737 1127 2790 aut
1160 2727 1319 2812 uituperio
1350 2724 1460 2811 dignis

231 2834 375 2899 uoluisse
399 2854 474 2897 eum
503 2843 537 2896 ut
569 2831 724 2919 aequales
755 2842 922 2920 tamquam
952 2832 987 2896 in
1014 2829 1183 2919 speculum
1204 2834 1405 2919 inspicerent
1426 2832 1460 2895 in

232 2941 316 3005 uitas
345 2938 516 3006 hominum
548 2950 580 3003 et
608 2960 648 3004 ex
675 2939 749 3004 aliis
778 2940 841 3003 sibi
873 2952 1040 3005 sumerent
1069 2939 1269 3027 exemplum,
1309 2941 1382 3026 quis
1412 2948 1462 3002 est

233 3050 309 3135 quin
334 3046 477 3113 sentiat?
512 3047 690 3112 Praeterea
719 3056 810 3111 tanta
831 3046 929 3111 huius
952 3048 1026 3113 libri
1048 3071 1126 3134 pars
1149 3050 1183 3111 in
1213 3045 1405 3112 illustrando
1430 3056 1462 3108 et

234 3154 463 3241 amplificando
480 3155 632 3221 Romano
656 3156 789 3222 nomine
812 3166 963 3220 uersatur
984 3166 1019 3221 ut
1037 3157 1202 3221 neminem
1218 3156 1333 3242 fugere
1355 3154 1462 3239 possit

233 3274 321 3327 certo
344 3263 513 3348 proposito
537 3261 690 3349 populum
708 3262 894 3327 Romanum
915 3273 1083 3350 tamquam
1106 3264 1275 3348 specimen
1298 3272 1330 3324 et
1351 3281 1460 3323 exem·

232 3369 320 3455 plum
345 3370 440 3433 unius
466 3370 623 3456 cuiusque
647 3370 772 3433 uirtutis
801 3392 840 3435 ac
868 3371 997 3435 decoris
1028 3372 1164 3457 depingi
1172 3369 1207 3450 ²).
1252 3370 1461 3454 Repraesen-

232 3488 316 3541 tatur
340 3487 448 3541 autem
471 3475 555 3543 haec
571 3478 674 3541 uirtus
698 3475 820 3543 liberae
835 3480 884 3542 rei
906 3478 1056 3564 publicae
1073 3476 1272 3563 temporibus
1289 3474 1461 3537 illustrium

233 3584 377 3649 maxime
399 3582 598 3649 familiarum
620 3587 790 3671 progenie,
816 3585 987 3660 Corneliis,
1010 3584 1134 3657 Fabiis,
1158 3580 1323 3652 caeciliis»,
1350 3578 1461 3641 Aemi·

232 3690 303 3767 liis,
329 3688 475 3755 Claudiis
500 3702 532 3755 et
560 3702 678 3777 postea
707 3692 907 3757 Caesaribus
937 3691 1057 3778 quique
1084 3711 1145 3775 pro
1174 3708 1287 3753 eorum
1314 3684 1462 3773 partibus

233 3808 401 3862 steterant.
448 3795 576 3877 Quibus
592 3798 666 3864 ideo
683 3810 807 3864 tantum
824 3810 958 3863 externa
973 3796 1123 3882 exempla
1137 3797 1287 3860 subnecti
1301 3794 1461 3866 uidentur,

233 3927 299 3992 quo
324 3903 445 3969 clarius
469 3927 509 3969 ex
532 3906 607 3991 ipsa
622 3907 868 3993 comparatione
891 3905 1017 3969 eluceat
1040 3904 1222 3969 domestica
1245 3904 1352 3992 gloria
1375 3915 1407 3965 et
1428 3910 1463 3965 ut

232 4010 395 4077 delectent
430 4011 632 4094 uarietateb.
694 4013 780 4087 Nec,
815 4014 845 4078 si
878 4013 1008 4077 illorum
1042 4012 1277 4077 immoderatus
1311 4010 1462 4076 laudator

231 4120 351 4193 extitit,
375 4118 491 4185 horum
515 4143 647 4209 semper
669 4120 774 4187 iustus
798 4120 989 4186 aestimator
1017 4117 1110 4203 est⁴).
1158 4119 1227 4184 Sed
1250 4119 1292 4182 de
1314 4116 1367 4183 his
1390 4116 1461 4203 plu·

227 4274 445 4285 ——u-a-

298 4351 325 4418 1)
344 4354 382 4405 ct.
407 4354 523 4419 epistola
546 4354 651 4407 Paridis
675 4354 829 4419 praemissa
853 4355 986 4419 epitomae
1012 4370 1054 4420 sp.
1079 4354 1143 4406 Mai.
1168 4354 1269 4419 scripti.
1293 4353 1357 4404 uctt.
1381 4364 1461 4407 noua.

231 4420 562 4562 ⁰⁰st=lndcpi‚³i‚⁹e.¹‘r.
583 4495 606 4557 ι,
629 4493 670 4550 15.
697 4497 729 4557 n.
750 4496 774 4559 r,
795 4492 837 4549 15.
867 4498 923 4557 nu,
943 4495 968 4557 r,
987 4495 1012 4548 r.

295 4566 488 4633 uetans,
514 4571 567 4622 ext.
595 4565 618 4621 l.
649 4565 749 4630 V11,2,
775 4566 873 4623 aaut.
904 4565 994 4630 vus,
1019 4571 1072 4622 ext.
1098 4565 1122 4622 l.
1150 4565 1240 4629 vua,
1266 4562 1363 4621 extl.
1393 4565 1461 4624 VIII,

233 4636 276 4701 15,
295 4638 433 4777 5llltdut
451 4728 467 4767 e
484 4715 574 4767 mulda
593 4728 682 4780 pauca
699 4714 826 4774 aticum,
852 4715 986 4765 aduersus
1003 4714 1121 4765 Graecos
1138 4714 1256 4765 mamme
1273 4709 1383 4761 nimium
1401 4724 1462 4761 sae·

229 4785 295 4852 plue
314 4785 343 4837 ct
360 4784 499 4839 ridiculum
516 4786 573 4839 lere
592 4786 681 4837 odium
700 4786 847 4839 destrinxit.
876 4786 915 4837 Cf.
933 4787 977 4846 111,
996 4781 1023 4845 2,
1041 4781 1086 4837 Ἠ.
1103 4786 1160 4844 1111.
1180 4782 1205 4843 l,
1223 4779 1250 4835 t.
