3409 5400
199 452 267 521 ero
417 446 478 515 Did
501 444 707 514 PRIVATIS
730 441 909 511 IVDICIIS
931 438 1199 509 INSIGNIBVS.

197 612 305 681 nauit:
317 617 459 696 'summa
472 608 605 695 quidem
623 627 698 670 curn
717 604 891 690 acquitate,
915 604 994 689 quia
1006 602 1116 667 bonae
1132 601 1212 665 iidei
1225 599 1414 665 uenditum

198 742 260 786 nec
284 716 522 813 conmodorum
545 736 639 801 spem
663 732 787 799 augere
811 730 872 775 nec
895 708 1180 775 incommodorum
1205 707 1409 795 cognitivum

199 828 378 894 obscurare
401 832 536 910 oportet.

157 930 188 998 2.
287 932 410 999 Notum
426 930 496 993 suis
513 925 713 1014 temporibus
728 923 884 989 iudicium
908 920 1165 996 conmemoraui,
1187 918 1253 985 sed
1278 940 1322 984 ne
1342 917 1414 1005 qmd

198 1041 358 1107 relaturus
384 1034 515 1121 quidem
538 1056 612 1099 sum
636 1033 851 1098 oblitteratum
876 1030 1015 1097 silentio.
1062 1028 1098 1094 G.
1122 1024 1290 1093 Visellius
1311 1024 1417 1089 Varus.
1434 1051 1452 1073 =

199 1147 295 1235 graui
317 1142 432 1208 morbo
456 1151 624 1226 correptus
648 1148 793 1203 trecenta
813 1137 903 1201 milia
928 1154 1098 1201 nummum
1128 1133 1171 1197 ab
1192 1134 1342 1197 Otacilia
1358 1131 1419 1193 Ia-

199 1358 262 1448 sibi
285 1378 406 1443 passus
430 1364 481 1421 est
503 1376 542 1418 eo
567 1352 705 1417 consilio
728 1362 772 1425 ut,
797 1352 826 1414 si
848 1348 1060 1422 decessisset,
1084 1345 1126 1409 ab
1147 1344 1332 1408 heredibus
1350 1366 1421 1407 cn

200 1486 363 1530 summam
391 1471 530 1549 peteret,
566 1483 665 1546 quarn
694 1458 795 1545 legati
823 1477 929 1543 genus
961 1474 1036 1519 csse
1064 1451 1183 1528 uoluit,
1212 1451 1424 1515 libidinosam

197 1570 424 1636 liberalitatem
455 1568 553 1632 debiti
581 1567 712 1629 nomine
742 1562 931 1628 colorando.
989 1560 1104 1624 Euasit
1141 1556 1267 1621 deinde
1304 1557 1453 1621 suillas

199 1683 391 1762 tempestate
415 1674 577 1738 aduersus
601 1682 679 1736 uota
702 1668 871 1735 Otaciliae.
926 1667 1020 1747 Quae
1049 1664 1180 1729 offensa
1211 1664 1302 1749 quod
1331 1686 1422 1749 spem

198 1782 343 1867 praedae
366 1799 448 1844 suae
470 1789 574 1842 morte
597 1799 664 1840 non
687 1784 894 1850 maturasset,
918 1796 958 1837 ex
978 1774 1086 1837 amica
1102 1770 1301 1856 obsequenti
1319 1772 1425 1835 subite

200 1886 385 1977 destrictam
408 1884 635 1947 feneratricem
661 1904 761 1969 agere
784 1882 902 1967 coepit,
926 1902 1077 1945 nummos
1105 1876 1264 1963 petendo,
1288 1900 1364 1965 quos
1386 1895 1422 1941 ur
1461 1929 1462 1939 ,

199 1993 304 2057 fronte
327 1990 562 2064 inuerecunda,
584 1990 635 2053 ita·
651 1989 745 2053 inani
760 1988 967 2074 stipulatione
991 1997 1211 2073 eaptaueret.·
1238 1984 1364 2071 Deque
1385 2007 1424 2047 re
1466 2025 1467 2029 =

200 2098 238 2163 (l.
260 2096 423 2184 Aquilius,
446 2098 497 2161 uir
519 2114 664 2182 magnac
688 2095 888 2160 auctoritatis
912 2103 944 2156 et
967 2094 1105 2158 scientia
1130 2092 1213 2156 iuris
1238 2092 1347 2155 ciuilis
1364 2108 1462 2157 trs-er

200 2205 338 2279 cellsus,
361 2204 460 2269 iudex
483 2201 633 2293 addictus
661 2200 815 2267 adhibitis
844 2201 879 2265 in
908 2198 1080 2264 eonsilium
1109 2197 1315 2283 prinpribus
1344 2199 1421 2262 ciui-
1465 2224 1467 2242 Ι

199 2314 275 2378 tetis
304 2310 480 2398 prudentia
508 2319 539 2374 et
565 2309 725 2395 religione
755 2330 818 2372 sua
851 2305 1021 2371 mulierem
1053 2304 1203 2391 reppulit.
1267 2304 1362 2386 Quod
1391 2307 1419 2369 si
1460 2330 1463 2373 ι

199 2486 227 2542 2.
245 2504 372 2557 augure*
387 2503 433 2555 pr.
450 2483 544 2553 ¹⁴·ll4·
563 2486 590 2550 s.
608 2483 626 2537 2
644 2500 692 2536 om.
712 2482 742 2535 Γ.
754 2483 829 2552 llaec
847 2480 956 2535 FTorr.
979 2479 1039 2535 Vtut.
1053 2478 1090 2533 od
1109 2478 1142 2539 ll.
1167 2478 1187 2537 Ι.
1207 2477 1233 2533 l.
1249 2478 1265 2549 ll
1279 2478 1306 2534 5.
1324 2484 1417 2533 retum
1458 2424 1467 2515 i

195 2573 242 2627 pr.
259 2556 283 2609 Α
302 2563 328 2609 rt
339 2573 385 2625 pr.
406 2557 435 2610 0.
454 2558 466 2625 n
486 2556 556 2622 sum}
580 2555 672 2607 dama
695 2554 744 2605 litt.
762 2554 791 2605 is
807 2568 905 2605 rorare
923 2550 955 2605 A.
979 2558 1039 2604 ante
1055 2554 1160 2615 quidem
1183 2549 1221 2605 Ε.
1247 2566 1301 2605 eru.
1319 2551 1350 2604 F.
1373 2556 1419 2603 sat

139 2658 147 2673 ·
196 2643 242 2696 pr.
260 2626 289 2681 0.
309 2629 491 2691 lobilleratum
510 2628 563 2688 (A).
582 2629 801 2679 suboblilcratum
818 2640 863 2691 pr.
880 2622 915 2678 Ε.
934 2626 1143 2675 sublilerandum
1163 2621 1283 2674 curali.
1303 2621 1364 2673 edd.
1381 2630 1420 2674 erl

203 2696 280 2752 Torr.
306 2696 356 2763 16.
375 2703 496 2752 corectus
514 2697 546 2753 F.
562 2697 576 2764 ΙΙ
590 2699 716 2756 ,octacilin
743 2695 796 2750 CD
804 2694 838 2749 Ii.
859 2696 871 2764 ΙΙ
892 2696 1055 2747 lateranensi
1072 2692 1103 2748 F.
1128 2694 1291 2746 Laterensis
1316 2694 1419 2747 codas

199 2768 363 2822 Perizonius.
392 2769 426 2822 Vt
442 2785 490 2820 tros
510 2769 588 2820 etiem
607 2769 669 2823 Par.
685 2769 699 2835 ΙΙ
717 2766 758 2819 lb.
778 2769 948 2818 colorandam
974 2764 1027 2818 OF
1045 2771 1071 2818 rt
1091 2780 1133 2834 pr.
1152 2765 1182 2817 A.
1200 2763 1215 2832 Η
1232 2767 1344 2832 deinde}
1362 2763 1418 2817 edi
1464 2786 1465 2807 t

200 2841 327 2890 Visellius
348 2838 423 2893 Torr.
438 2840 451 2909 ΙΙ
469 2839 508 2892 11.
528 2843 666 2890 octaciliac
686 2837 780 2890 enit.
796 2837 810 2902 11
830 2835 870 2891 ld.
890 2839 1035 2888 districtam
1058 2836 1086 2888 Ε
1111 2841 1136 2888 ct
1153 2850 1223 2889 cerr.
1242 2835 1279 2891 A.
1313 2834 1372 2888 Vll.
1388 2832 1420 2887 sd
1460 2825 1466 2906 l

199 2906 237 3032 g,
255 2908 281 3031 iil,
300 2907 409 3031 6411415.
429 2912 554 2978 scicntia]
574 2907 617 2962 triu
634 2908 663 2962 F.
675 2908 689 2976 ΙΙ
708 2907 748 2961 lli.
768 2911 899 2959 adductus
913 2906 1041 2961 Acon.
1065 2910 1213 2959 aduncatus
1233 2905 1266 2961 F.
1283 2904 1298 2979 ΙΙ
1315 2908 1355 2962 li.
1372 2923 1418 2972 qno
1462 2919 1466 3017 p

241 2995 255 3029 r
277 2994 324 3047 pr.
366 3019 374 3033 .
675 3011 679 3017 -
1041 2991 1048 3000 ·
1175 2989 1176 2992 ¹

701 3051 914 3062 α--ι--ιι-

269 3098 295 3156 2.
323 3102 352 3156 C.
376 3099 498 3154 Visellius
519 3101 616 3165 Varro)
640 3106 723 3154 Filius
746 3105 789 3154 liic
813 3105 872 3154 crat
893 3105 921 3154 C.
945 3100 1101 3162 Aculeonis,
1127 3105 1155 3152 ut
1178 3103 1339 3165 suspicatur
1361 3105 1418 3154 ltre-

198 3189 313 3225 manuus
332 3175 439 3242 (gesen.
456 3176 539 3225 Rome
559 3177 590 3232 l',
610 3192 635 3239 p.
654 3171 716 3227 215.
739 3177 778 3226 ct.
797 3175 911 3225 Ellendt.
931 3175 964 3224 ad
985 3175 1038 3224 Cle.
1057 3175 1090 3224 de
1109 3188 1147 3224 or.
1166 3173 1219 3225 uui.
1241 3174 1276 3232 11.
1298 3191 1327 3238 p.
1346 3171 1417 3228 tola

199 3247 342 3309 adoptatus
360 3262 378 3295 a
396 3247 507 3297 Visellio
527 3247 645 3296 Varrone
664 3249 692 3297 cl
709 3247 817 3302 Ileluia.
840 3259 933 3296 sorore
952 3245 1044 3295 matris
1068 3245 1104 3296 M.
1124 3243 1211 3293 Tullii.
1254 3248 1312 3306 Qui
1331 3251 1417 3311 postu

199 3322 421 3368 commemoratur
438 3317 510 3367 baud
530 3318 608 3369 dubie
627 3319 655 3368 C.
676 3317 805 3378 Aquilius.
824 3316 1013 3366 celeberrimus
1031 3315 1121 3372 Ictus,
1146 3316 1315 3382 cognomine
1334 3318 1417 3366 esua

199 3391 250 3443 est,
269 3389 313 3451 qui
332 3388 441 3439 mirifice
460 3389 583 3438 laudatur
599 3405 618 3437 a
634 3390 769 3438 Cicerone.
788 3387 827 3436 (ΙΙ.
846 3387 919 3439 Brut.
937 3381 980 3442 ⁴2.
1002 3381 1061 3437 lbi
1079 3400 1127 3449 pro
1141 3387 1219 3437 cccc
1237 3381 1287 3446 27,
1310 3385 1355 3441 ΙΙ.
1372 3391 1415 3448 aa

198 3456 224 3516 l,
242 3453 287 3510 32.
306 3459 339 3508 de
357 3462 411 3511 nat.
431 3461 503 3509 deor.
521 3454 628 3516 111,30.
647 3455 689 3509 ll.
707 3460 742 3507 dc
759 3458 804 3509 oli.
824 3457 868 3515 ΙΙΙ,
890 3452 930 3514 ll,
950 3450 985 3507 lit)
1003 3459 1053 3508 etc.

270 3526 395 3586 Quadri
418 3526 507 3579 eadem
526 3526 649 3593 somata
675 3525 762 3578 Varro
792 3532 817 3578 rt
840 3524 973 3582 damnarit
999 3527 1162 3577 Emendator
1190 3526 1249 3577 libri
1272 3527 1418 3580 Beruensit

197 3601 282 3648 uerba
304 3595 390 3650 Varro
413 3603 440 3651 rt
459 3599 649 3664 suprascriptis
673 3600 778 3650 lineolis
803 3602 872 3663 (⁴‘-
891 3599 950 3660 ¹-l
968 3599 1169 3661 transponenda
1192 3611 1257 3648 esse
1284 3599 1416 3650 indiculi·

197 3672 283 3729 Quam
302 3671 479 3720 coniecturam
497 3671 660 3720 recentiores
678 3671 794 3720 editores
813 3671 898 3721 secuti
916 3671 978 3719 suut
995 3682 1098 3720 omnes.
1140 3669 1220 3718 iisset
1238 3669 1295 3719 boc
1316 3669 1418 3736 aliqui&

197 3739 221 3787 si
239 3739 363 3788 absoluto
381 3741 502 3791 Varrone
521 3742 701 3802 damnataque
720 3742 835 3791 Otacilia
852 3755 921 3791 nunc
932 3740 1105 3809 insigniretur
1114 3754 1169 3789 non
1185 3739 1327 3792 immerito
1347 3737 1419 3792 sinai
1465 3781 1468 3805 ,

196 3809 223 3856 et
241 3810 399 3859 contrariam
418 3812 511 3860 iudicis
530 3813 689 3861 seutentiam
708 3812 872 3876 pronuntiari
895 3812 1029 3875 potuisse,
1052 3826 1107 3872 qua
1125 3811 1209 3860 Varro
1234 3811 1417 3864 damnaretur·
1464 3807 1467 3882 l

195 3877 382 3928 absoluerctur
399 3882 564 3933 aduersaria.
609 3881 662 3933 Sed
682 3884 761 3932 huius
780 3881 974 3934 absoluli0uem
996 3883 1147 3932 sententiae
1164 3881 1245 3945 piane
1263 3892 1418 3952 repugna!

195 3947 247 3996 ism
267 3947 420 3999 Perlzonius
439 3955 587 4010 monuerat,
608 3953 732 4003 laudatus
751 3967 784 4002 co
803 3951 909 4002 nomine
933 3969 951 4002 s
968 3953 1104 4010 Terrenis,
1123 3953 1162 4002 ita
1186 3953 1215 4000 ul
1232 3953 1361 4004 inuenio
1378 3951 1418 4002 llll

160 4021 169 4030 '
195 4019 373 4070 damnationis
391 4026 418 4070 ct
436 4023 612 4074 absolutionis
624 4037 736 4088 prorsus
747 4024 840 4085 inepte
858 4022 901 4072 sil.
938 4023 1232 4086 acceditquournhac
1246 4023 1415 4092 uulgum
1466 4026 1467 4049 Ι

194 4089 376 4154 exemplorum
394 4095 527 4156 scriptura
544 4108 689 4157 pronomen
708 4093 943 4143 demonstratiuum
968 4092 1024 4145 einr
1044 4096 1190 4145 seeundum
1209 4096 1416 4162 grammaticam
1468 4159 1469 4163 Ἰ

193 4163 322 4213 rationem
345 4164 379 4212 ad
404 4165 588 4216 aduersariam
612 4165 803 4228 potiusquam
829 4165 864 4215 ad
887 4166 1033 4216 Varronem
1057 4166 1208 4228 pertineret.
1257 4161 1416 4232 ltaque,⁵¹'
1465 4182 1466 4185 ¹

192 4236 265 4284 recte
283 4234 436 4284 Perizonius
455 4234 481 4284 in
500 4236 542 4284 bis
561 4236 684 4292 offendit.
703 4249 755 4283 non
773 4237 845 4285 recte
864 4238 967 4295 tamen,
993 4251 1051 4286 eum
1076 4237 1138 4286 boni
1162 4237 1269 4286 codlces
1289 4249 1357 4287 eum
1374 4235 1414 4283 de·

191 4303 310 4362 licerent,
329 4305 417 4354 deleto
436 4307 519 4355 uerbo
538 4303 641 4356 absolui
662 4319 775 4354 mancae
799 4308 948 4357 sententiae
967 4308 1108 4366 succurrit,
1133 4307 1255 4357 scribens
1280 4311 1309 4356 rt
1333 4303 1414 4358 Vm

192 4370 315 4426 macri
332 4379 358 4425 ct
374 4372 532 4426 adaerrwia
540 4374 677 4441 potuisset.
714 4375 881 4429 Probabitlus
894 4378 1039 4428 Torrcnius
1052 4378 1167 4429 coniecit
1186 4373 1263 4435 Quod
1280 4375 1309 4427 ri
1328 4371 1411 4429 ude·

183 4440 305 4506 semeio
321 4439 407 4498 Varro
420 4444 543 4497 damnari
560 4451 586 4497 et
603 4442 706 4495 absolui
718 4445 856 4512 potuisset.
887 4451 963 4511 Quod
980 4449 1083 4500 retento
1098 4452 1125 4500 rt
1136 4449 1198 4500 ante
1216 4444 1345 4499 desum
1361 4459 1410 4496 on·

190 4514 252 4564 nino
281 4516 463 4580 accipiendum
491 4519 602 4568 uidetur.
650 4517 795 4570 Absolutus
823 4521 882 4571 erat
904 4521 1004 4577 Varror
1040 4521 1090 4571 sed
1113 4535 1167 4571 non
1192 4519 1296 4570 dubitet
1322 4519 1411 4570 auctor

190 4583 261 4644 quin,
281 4585 306 4634 si
323 4586 381 4637 fleri
399 4590 531 4650 potuisset
548 4590 577 4638 ut
595 4588 690 4638 eadem
708 4588 928 4657 iormulsaliquls
947 4595 975 4643 et
986 4591 1157 4643 damnaretur
1169 4595 1198 4641 et
1214 4591 1405 4641 absolueretur·
1463 4639 1464 4646 ,

188 4650 433 4710 ludex'illumetiam
439 4661 612 4712 damnaturus
622 4660 649 4711 et
658 4660 779 4713 adulterii
787 4675 891 4727 poenae
901 4664 936 4713 ab
946 4677 979 4715 co
986 4675 1019 4714 es
1029 4665 1138 4716 aotrnus
1149 4662 1252 4728 luisset.
1273 4657 1406 4714 omnir
