3409 5400
284 592 317 659 t.

286 912 316 978 5.

287 1553 317 1618 ii.

329 430 394 499 lee
764 425 825 491 DE
848 420 1102 490 MIRACVLIS.

418 590 575 657 Echecles
609 590 743 653 Samius
779 586 902 652 athleta
930 594 1057 659 mutus,
1086 606 1160 649 cum
1189 586 1456 676 eiectaeque

328 700 464 785 adeptus
489 710 567 773 erat,
591 696 701 784 titulus
725 708 756 758 et
777 694 960 780 praemium
976 694 1163 777 eriperetur,
1186 692 1361 782 indignatione
1373 716 1458 761 eccen-

328 828 387 869 sus
410 803 534 867 uocalis
558 805 672 869 euasit.

416 912 560 999 Gorgiae
584 932 712 997 quoqne
735 910 901 996 Epirotae,
925 906 1017 972 fortis
1040 914 1071 968 et
1094 905 1173 969 clari
1196 909 1259 983 uiri,
1276 911 1345 997 erige
1366 910 1468 973 eluitu-

326 1021 400 1083 bilis
419 1019 504 1101 fuit,
535 1018 623 1105 qued
648 1020 685 1082 in
712 1018 826 1081 funere
855 1015 968 1079 matris
997 1032 1077 1076 suae
1107 1022 1197 1079 utero
1222 1015 1325 1102 elapsus
1343 1017 1495 1103 inopinatos

325 1127 441 1213 uagitu
464 1148 524 1189 suo
555 1125 673 1188 lectum
696 1125 837 1187 ferentes
863 1125 1041 1189 consistere
1065 1126 1182 1211 coegit,
1209 1144 1359 1209 nouumque
1377 1134 1477 1209 speetu·

328 1234 436 1297 culum
459 1234 583 1317 patriae
598 1230 755 1316 praebunt,
776 1239 901 1293 tanturn
925 1252 992 1296 nen
1017 1255 1055 1296 ex
1071 1234 1144 1317 ipse
1161 1231 1309 1318 genitricis
1320 1250 1386 1316 rego
1397 1229 1483 1295 luceru

328 1351 360 1401 et
382 1360 485 1402 cunas
510 1338 696 1402 adsecutus.
740 1335 868 1400 Eodem
893 1341 977 1403 enirn
1002 1350 1168 1403 memento
1192 1324 1515 1421 ternperisultcreiern¹

328 1446 396 1508 selo
420 1447 531 1509 functa
548 1446 687 1531 peperit,
717 1443 798 1507 alter
821 1454 896 1507 ante
920 1444 1023 1511 elatus
1048 1468 1147 1531 quam
1170 1454 1330 1509 natusest.

416 1550 556 1616 Diuinae
579 1552 727 1615 fortunae
756 1550 875 1615 uulnus
905 1550 1056 1617 Pheraeo
1084 1550 1196 1618 Iasoni
1220 1586 1261 1628 ῃ
1281 1551 1354 1615 exitii
1373 1550 1432 1613 eius
1452 1572 1534 1617 cute

327 1658 425 1744 pidus
447 1657 561 1722 intulit.
606 1657 790 1722 Nemeum
814 1660 898 1739 inter
921 1658 1059 1723 insidias
1089 1658 1199 1746 gladie
1223 1678 1288 1720 curn
1308 1655 1505 1743 percussisset,

329 1817 354 1871 1.
363 1818 506 1884 Echecles]
523 1816 569 1868 Sic
577 1817 639 1869 Per.
650 1816 716 1885 Nep.
727 1823 753 1868 et
765 1816 792 1869 ie
802 1832 899 1869 rueure
907 1816 939 1869 Α.
957 1818 1100 1869 Atchecles
1109 1816 1142 1870 Β.
1162 1817 1235 1868 ecles
1246 1814 1272 1875 0,
1288 1812 1329 1867 recl
1340 1816 1375 1867 les
1385 1814 1410 1866 ie
1420 1828 1513 1866 nesure

329 1887 621 2027 igiissiiiil'fi
632 1884 1232 2025 p.qppdglepuirpp-ppepepappp.
1243 1887 1518 2077 limlii‘lipfl‘lp

330 2032 440 2081 terentis
460 2044 529 2081 cerr.
548 2028 581 2084 A.
600 2030 662 2082 Pur.
675 2029 688 2097 ΙΙ
700 2030 862 2096 nouumque]
885 2044 936 2096 que
955 2046 1003 2083 em.
1018 2046 1063 2098 pr.
1082 2028 1145 2150 127ss
1156 2026 1180 2080 7.
1200 2045 1252 2081 non
1268 2024 1399 2079 tantumA
1436 2024 1486 2078 (ΣΙ)

329 2104 489 2151 nontamen
507 2098 601 2168 filiii·
625 2103 695 2165 perit
717 2098 772 2151 ΑΒ
791 2104 817 2151 et
834 2116 881 2168 pr.
903 2098 931 2152 C.
955 2104 1024 2166 parit
1047 2100 1106 2153 ΕΓ
1135 2115 1189 2151 err.
1204 2094 1216 2169 ΙΙ
1238 2097 1276 2151 te.
1294 2100 1399 2149 Diuinae
1416 2126 1448 2135 -
1465 2094 1528 2161 (ll-l

329 2172 409 2238 Nam]
430 2172 563 2222 Phereurn
586 2172 710 2222 leseuern
734 2169 760 2222 Γ
758 2209 765 2223 .
786 2168 798 2238 ΙΙ
812 2174 931 2235 pherlreo
949 2170 1072 2223 ABOE.
1091 2174 1225 2237 phedrens
1238 2168 1272 2221 D.
1290 2172 1388 2223 Phereo
1399 2167 1533 2234 Perille-

330 2244 400 2310 seni]
419 2245 513 2295 leseno
531 2239 568 2293 D.
587 2239 649 2293 ade.
669 2245 775 2308 quidam
794 2240 907 2293 ETerr.
923 2238 934 2313 ΙΙ
950 2245 1061 2307 cupitus
1080 2244 1151 2296 exitii
1171 2244 1228 2292 eins
1246 2239 1280 2293 E.

329 2387 440 2435 terendo
459 2387 492 2433 ed
513 2386 673 2435 incestorum
691 2386 834 2435 liberorum
855 2386 1030 2434 uoluntariam
1049 2386 1175 2443 mortem,
1202 2384 1260 2448 quis
1285 2384 1326 2433 est
1350 2382 1411 2448 quin
1430 2380 1537 2431 sentiat*

330 2457 386 2506 Nos
404 2457 542 2505 meliorum
562 2457 638 2506 cedd.
659 2458 816 2519 scripturum
836 2458 1031 2513 reuocabimus,
1051 2457 1077 2505 in
1096 2458 1234 2505 columen
1246 2456 1384 2507 mutatum,
1403 2455 1473 2517 qued
1492 2470 1537 2501 cnr

328 2529 438 2591 prepter
456 2528 615 2577 sententiam
634 2528 689 2576 tum
707 2531 817 2590 propter
834 2529 1001 2590 praecedens
1026 2524 1124 2577 ademit
1143 2526 1291 2589 perlectum
1315 2525 1422 2587 tempus
1447 2520 1537 2572 deeeu

329 2600 469 2661 posuimus
487 2615 536 2660 pro
554 2599 704 2661 praesenti,
730 2612 763 2647 eo
784 2600 889 2664 quidem
909 2598 1013 2647 facilius
1038 2614 1089 2663 quo
1115 2598 1224 2659 saepius
1250 2596 1366 2646 alterum
1393 2608 1455 2643 curn
1474 2595 1537 2643 ulter

330 2669 356 2716 in
377 2670 466 2718 uerbis
485 2671 587 2732 primae
606 2669 799 2737 coniugationis
818 2684 836 2718 e
853 2670 968 2720 librariis
988 2670 1126 2720 contusum
1145 2682 1209 2720 esse
1229 2665 1418 2718 animaduerti.

401 2735 427 2789 «i.
447 2741 485 2790 Cf.
504 2739 536 2790 Α.
556 2741 656 2789 Gellius
676 2741 708 2797 V,
727 2736 752 2798 il,
775 2742 820 2802 qui
845 2743 1015 2793 tamencum
1040 2742 1101 2791 ante
1126 2741 1278 2797 certamen,
1306 2753 1369 2788 cum
1397 2738 1538 2788 sortitione

330 2810 404 2858 melu
422 2811 475 2858 tide
494 2811 551 2860 fleri
571 2812 690 2869 uidisset,
714 2812 835 2860 trocalem
853 2811 953 2860 feretum
972 2825 1035 2862 esse
1054 2811 1153 2862 scribit.

401 2877 528 2930 Echecles
545 2877 658 2942 Samius)
694 2881 866 2931 Restituimus
886 2883 1023 2945 pristinam
1044 2883 1157 2932 nominis
1184 2882 1302 2930 formum
1323 2881 1361 2929 ab
1383 2879 1509 2944 antiquis
1531 2895 1538 2928 i

331 2951 526 2999 breuiateribus
546 2951 641 3001 l’aridc
661 2953 687 3000 et
706 2953 853 3016 Nepotiane
873 2957 1018 3004 eci-uatem.
1062 2954 1154 3017 Neque
1180 2953 1258 3002 aliter
1279 2951 1405 3001 Gellium
1426 2950 1538 3012 scripsit

332 3024 466 3085 putamus.
486 3024 556 3084 apud
575 3039 661 3087 quern,
682 3039 741 3072 curn
760 3025 851 3087 optimi
871 3025 946 3072 codd.
966 3025 1064 3082 Velie..
1083 3025 1193 3090 Regius,
1214 3019 1488 3077 Rettentlerssenus,
1515 3035 1538 3084 cp

332 3093 441 3141 eontulit
459 3093 590 3150 llertzius.
610 3094 754 3143 exhibeant
778 3109 809 3144 ee
826 3093 917 3148 ieeic.
939 3109 970 3146 ec
987 3109 1085 3161 ueeyc,
1106 3106 1119 3148 7
1138 3091 1227 3160 lueyc,
1253 3109 1331 3142 nunc
1359 3108 1376 3141 e
1398 3092 1538 3140 deteriori

332 3164 417 3213 editur
434 3160 534 3228 Aeplee,
554 3165 603 3214 see
622 3166 681 3213 siue
700 3165 779 3215 dubie
798 3167 916 3232 genitlue
935 3180 1001 3215 eesu
1020 3166 1164 3237 legendum
1183 3167 1226 3214 est
1240 3160 1418 3232 Ἐχεκλὲους.

402 3229 427 3285 5.
448 3233 522 3298 oripo
540 3231 707 3285 admirabilis
716 3234 785 3301 suit.
805 3233 884 3301 qued)
919 3237 1017 3286 Libros
1035 3251 1116 3292 mss..
1141 3237 1167 3285 iu
1193 3235 1296 3300 quibus
1326 3233 1469 3283 omnibus
1496 3233 1538 3280 tle

333 3321 375 3354 uu.
397 3301 563 3355 admirabilis
573 3303 640 3371 suit,
660 3307 758 3355 lactina
776 3307 956 3372 potiusquam
976 3308 1072 3357 ruendo
1084 3307 1196 3355 inlectos
1213 3319 1283 3354 esse
1298 3304 1395 3354 miror
1408 3317 1472 3352 nen
1494 3303 1538 3348 nii

331 3376 404 3424 rriros
424 3378 530 3431 clectos,
556 3393 666 3441 (prorum
686 3379 773 3426 solium
793 3379 927 3427 l'orstiunr
951 3379 1083 3427 sententie
1102 3379 1173 3428 certe
1192 3375 1371 3426 necessaria
1393 3389 1458 3422 non
1481 3373 1538 3440 lug

331 3445 401 3496 mire
418 3463 467 3509 pro
484 3445 540 3496 uiri
558 3450 726 3498 scribentum
744 3463 807 3498 esse
826 3450 1018 3512 suspicantem.
1055 3451 1130 3507 Qriae
1148 3448 1246 3496 lacuna
1268 3461 1353 3495 nrrric
1377 3445 1508 3509 quidem
1532 3447 1538 3490 t

333 3519 454 3580 expletur
474 3519 611 3568 l’aridcnsi
630 3522 801 3582 compendio,
827 3517 942 3584 Gerpiue
965 3517 1053 3584 sertis
1077 3523 1153 3584 utque
1177 3515 1281 3567 nobilis
1307 3513 1400 3580 eripe
1425 3511 1538 3564 edmeri

325 3587 392 3655 suit,
412 3587 540 3654 quiete,
566 3592 661 3654 qitibns
685 3592 747 3656 quin
765 3593 860 3639 aircter
878 3591 978 3640 Valerii
997 3593 1080 3640 uerba
1099 3590 1236 3638 retinuerit
1263 3587 1411 3636 dubitari
1435 3586 1492 3634 uix
1515 3601 1537 3646 p

334 3661 426 3710 Obiter
445 3675 622 3711 commemoro
636 3662 732 3726 liuppii
745 3662 915 3717 sententiam.
935 3677 988 3726 qua
1007 3661 1093 3711 delete
1108 3673 1156 3726 pue
1168 3659 1194 3708 in
1212 3670 1388 3724 nouumque
1405 3657 1538 3721 corrige

333 3731 456 3794 opinatur
480 3729 594 3796 Goroioe
617 3730 691 3797 eripe
716 3760 751 3768 -
777 3747 872 3780 aeuum
896 3730 1071 3798 spectaculum
1085 3729 1194 3798 petrice
1209 3726 1374 3796 praebuit,
1404 3743 1451 3776 ne
1476 3729 1538 3775 ferr

334 3803 395 3850 clem
414 3815 505 3864 posse,
525 3819 584 3851 curn
603 3804 630 3852 iu
648 3805 700 3851 hoc
718 3817 788 3852 nexu
806 3804 924 3865 pendeat
942 3803 1120 3852 nominatione
1140 3797 1300 3852 adsecutus.
1366 3797 1412 3848 ht
1437 3799 1538 3846 eunte

333 3873 438 3935 Kuppio
457 3874 490 3921 ‹lc
508 3873 639 3936 particula
658 3870 735 3938 pueri.
757 3889 837 3938 quam
856 3889 873 3922 a
888 3874 1001 3922 librariis
1020 3889 1068 3936 pre
1087 3872 1199 3922 relatiuo
1212 3885 1272 3920 nen
1299 3870 1538 3919 conueniente

334 3943 438 3992 cedenti
456 3941 530 4008 eripe
549 3945 719 3994 substitutam
738 3959 802 3994 esse
821 3959 873 3992 non
893 3945 930 3993 itu
949 3945 1076 3994 abhorret
1095 3942 1312 3992 esimilitudine
1339 3941 1431 3994 ueri,
1457 3955 1538 4002 prae

334 4029 393 4062 cunr
413 4014 553 4064 relatiuurn
571 4016 677 4064 tucatur
694 4016 754 4066 Pur.
799 4014 853 4064 Sed
873 4015 997 4078 (pilonium
1022 4015 1078 4064 fleri
1102 4015 1193 4077 petest
1217 4013 1245 4060 ut
1274 4013 1360 4074 ipse
1384 4011 1538 4060 Valeriu

334 4087 421 4134 salem
440 4085 513 4134 lllum
532 4087 721 4135 sententiarum
740 4101 838 4135 nexum
858 4086 1016 4142 urlhibnerit,
1037 4087 1162 4134 intactum
1180 4085 1232 4134 hec
1252 4083 1490 4146 reliquimus

405 4158 503 4206 tenum
521 4162 583 4217 eea)
600 4157 721 4206 lterecte
734 4172 776 4208 uu.
794 4172 846 4206 aee
855 4161 954 4206 tentem
965 4157 1131 4218 transposuit
1140 4156 1274 4210 Celeruse
1304 4154 1538 4218 frequentas

334 4228 471 4278 Valerium
489 4229 540 4277 lias
559 4228 703 4290 particulas
722 4229 811 4278 notaui
829 4229 857 4276 in
876 4229 961 4291 praei.
979 4245 1006 4292 p.
1025 4223 1067 4278 tt.
1105 4225 1157 4276 Seri
1178 4227 1249 4291 qued
1276 4226 1331 4273 ita
1358 4225 1396 4273 in
1425 4225 1510 4272 eod.
1532 4223 1538 4270 l

334 4299 462 4362 scripturn
482 4313 545 4348 cese
565 4299 664 4355 nouat,
683 4301 708 4347 id
729 4303 800 4350 certe
819 4300 951 4350 mentitur.
988 4299 1074 4348 Paulo
1093 4301 1155 4361 post
1178 4297 1355 4361 archetypi
1383 4295 1538 4357 scriptu}

332 4370 498 4434 probabilius
518 4385 577 4419 curn
596 4371 671 4420 coelii.
690 4371 779 4422 lieret.
797 4373 824 4420 in
838 4369 954 4438 peperit,
975 4385 1056 4432 quarn
1075 4385 1134 4418 cum
1153 4369 1270 4433 reliquis
1299 4370 1339 4416 et
1368 4367 1538 4432 uulgatii

332 4441 411 4491 nibus
431 4443 456 4490 tn
473 4439 549 4508 perit
565 4443 688 4492 mittatur.
726 4442 844 4493 Litterae
857 4457 894 4508 pe
913 4443 954 4490 bis
973 4443 1079 4505 positae
1098 4441 1185 4490 semel
1204 4439 1424 4488 exciderant.

404 4507 431 4560 ll.
456 4513 495 4561 Cl'.
514 4512 567 4564 Cle.
591 4513 623 4562 ‹le
648 4516 702 4564 net.
727 4515 798 4564 deor.
819 4513 871 4570 111,
895 4508 944 4566 28.
971 4510 1012 4563 le.
1039 4512 1105 4561 Plin.
1124 4512 1151 4562 h.
1170 4525 1196 4560 n.
1219 4510 1288 4566 vir,
1317 4504 1382 4566 50.
1411 4502 1477 4559 5l.
1537 4509 1538 4513 ’

334 4583 466 4648 cupienda
484 4597 516 4634 ex
535 4583 607 4634 inim.
627 4583 701 4633 utilit.
720 4578 750 4640 tl.
770 4586 813 4650 qul
832 4584 858 4632 ld
878 4583 1037 4635 Prometheo
1055 4581 1191 4632 Thessalo
1209 4581 1389 4631 eccidisse
1416 4579 1505 4628 refe¹
1537 4615 1538 4618 ,

405 4647 496 4707 lowel
514 4674 558 4706 aa
578 4651 662 4716 exitio
696 4655 872 4707 Desideretur
895 4655 967 4706 uelle
992 4655 1112 4706 subiecta
1137 4653 1227 4706 uerbis
1254 4648 1367 4702 exitii
1400 4649 1484 4701 eins
1537 4667 1538 4678 ¹
