3409 5400
268 528 339 603 380.
507 525 566 593 ns
589 520 882 595 HVMANITATE
904 522 961 589 ΕΤ
984 520 1246 592 CLEMENTIA.

268 687 502 773 Consimilique
526 686 698 753 clementia
718 688 754 753 in
778 686 884 752 Persa
907 706 987 751 neus
1011 694 1071 751 est.
1115 684 1203 762 Nam
1222 702 1298 749 cum
1318 679 1434 756 Albae,
1457 680 1492 745 in

269 812 367 883 quam
391 790 569 859 custodiae·
589 816 695 861 cause
728 794 894 881 relegatus
923 803 1008 867 erat,
1037 791 1253 866 decessisset,
1282 799 1492 876 quaestorem

267 902 365 977 misit,
389 902 445 988 qui
463 920 539 966 eum
555 900 685 988 publico
701 903 815 967 funere
839 900 979 976 efferret,
1002 921 1046 964 ne
1068 900 1180 987 regias
1203 897 1358 983 reliquias
1381 896 1492 961 iacere

265 1008 480 1079 10110000οω
502 1016 675 1095 peteretur.
1400 1055 1404 1059 r

356 1116 514 1183 Hostibus
536 1115 619 1181 haee
651 1128 682 1181 et
708 1115 840 1183 miseris
869 1127 901 1180 et
927 1117 995 1181 fato
1023 1114 1144 1179 iunctis
1174 1111 1285 1176 officie
1318 1108 1518 1196 [regibusls

268 1232 414 1309 erogata,
436 1222 493 1287 illa
515 1223 630 1289 amicis
655 1234 686 1287 et
708 1224 858 1289 felicibus
883 1233 915 1289 et
936 1224 1022 1287 uiuis
1053 1221 1172 1287 tribum
1202 1229 1286 1284 sunt.
1333 1215 1491 1279 Confecto

268 1329 483 1398 Macedonico
507 1329 591 1395 bello
615 1328 838 1397 Musochanes
869 1328 1071 1395 Masinissae
1099 1328 1185 1391 tilius
1214 1346 1289 1389 cum
1317 1323 1492 1409 equitibus,

269 1458 352 1523 quos
374 1437 408 1501 in
431 1437 882 1521 praesidiumRomanorum
906 1435 1095 1510 adduxerat,
1119 1434 1160 1498 ab
1176 1435 1370 1519 imperatore
1386 1427 1492 1493 Paulo

270 1544 312 1611 ad
346 1554 471 1631 patrem
505 1546 698 1620 remissus,
723 1554 915 1631 tempestato
948 1544 1058 1609 classe
1094 1542 1246 1626 dispersa
1278 1535 1493 1601 Brundisium

269 1670 369 1738 aeger
397 1648 523 1715 deletus
554 1664 614 1716 est.
661 1651 760 1732 Quod
794 1652 847 1715 ubi
882 1659 1017 1715 senatus
1053 1649 1218 1737 cognouit,
1253 1646 1408 1709 eondnuo
1436 1640 1529 1707 illoto

269 1768 478 1845 quaestorem
501 1758 548 1820 ire
572 1758 678 1833 iussit,
702 1760 793 1823 euius
818 1780 898 1823 cura
921 1768 952 1821 et
974 1756 1153 1843 hospitium
1169 1751 1371 1820 adulescenti
1394 1770 1492 1836 expe·

270 1863 389 1926 diretur
412 1872 444 1924 et
466 1864 591 1939 omnia,
615 1884 699 1949 quac
723 1864 767 1929 ad
787 1864 997 1929 ualitudinem
1013 1884 1097 1949 opus
1114 1871 1237 1936 essent,
1259 1858 1494 1947 praeberentur

269 1970 493 2058 inpensaeque
515 1967 689 2038 liberaliter
712 1992 786 2037 cnm
809 1973 874 2058 ipsi
898 1982 965 2035 turn
981 1970 1037 2035 toti
1053 1969 1218 2034 comitatui
1239 1976 1494 2055 praestarentur,

271 2092 373 2139 naues
398 2075 495 2139 etiam
518 2086 553 2139 ut
575 2079 846 2164 prospicerentur,
871 2078 988 2165 quibus
1012 2098 1050 2141 se
1072 2077 1156 2140 bene
1179 2094 1219 2139 ae
1242 2083 1309 2137 tuto
1330 2072 1495 2136 eumenis

269 2183 304 2246 in
326 2180 473 2245 Africam
498 2184 656 2249 traiceret.
698 2184 870 2273 Equitibus
893 2184 1044 2272 singulas
1065 2182 1167 2249 libres
1192 2180 1320 2268 argenti
1343 2191 1375 2242 et
1398 2177 1531 2264 quin-re

271 2309 376 2377 genos
409 2290 577 2355 sestertios
607 2290 678 2356 dari
711 2292 893 2378 imperauit.
945 2292 1039 2371 Quae
1071 2303 1138 2354 tam
1171 2298 1323 2377 prompte
1355 2295 1387 2349 et
1425 2297 1494 2347 tam

273 2432 296 2486 1.
315 2432 508 2499 consimilique]
529 2450 579 2501 qne
598 2446 646 2487 om,
668 2432 733 2486 Ost
745 2400 986 2502 pilis-ilicem.
996 2430 1073 2485 Torr.
1096 2428 1156 2484 Vre.
1176 2428 1213 2482 ad
1228 2426 1251 2489 l,
1270 2426 1296 2488 5,
1315 2423 1341 2481 ³.
1353 2426 1380 2553 ql
1392 2429 1421 2478 in
1438 2440 1494 2492 que

270 2502 442 2557 DEl'Torr.
459 2500 510 2573 113.
530 2506 657 2568 reliquias
676 2507 768 2575 regies
789 2504 867 2557 Torr.
878 2506 892 2575 ΙΙ
903 2502 928 2558 5.
949 2506 1078 2555 llostibus
1089 2530 1126 2540 -
1138 2497 1187 2568 (o.)
1206 2505 1334 2553 sentosa
1378 2498 1411 2567 .ΙΙ
1422 2501 1493 2549 baec

272 2574 311 2641 etl
328 2578 397 2626 baec
416 2572 444 2628 F.
459 2576 471 2638 11
486 2574 607 2655 regibus]
626 2576 684 2627 0100
701 2576 776 2628 ends
795 2574 899 2644 Turni]
920 2573 945 2629 o.
963 2578 1084 2699 irrqgete
1101 2570 1130 2625 F.
1150 2572 1162 2644 il
1183 2572 1208 2625 l.
1226 2574 1411 2637 musopbsnes
1428 2567 1492 2620 Per.

273 2650 299 2697 et
315 2643 365 2699 litt.
390 2646 495 2710 phanes
518 2660 547 2695 sa
569 2660 666 2699 rasere
690 2645 721 2701 A.
746 2650 928 2700 musachanes
949 2644 1004 2700 OD
1033 2684 1039 2697 .
1065 2658 1227 2697 musecenes
1248 2640 1312 2697 EF.
1335 2644 1493 2694 Musicaees

274 2715 351 2768 Terr.
362 2715 376 2783 ll
388 2717 564 2784 Masinissae]
584 2716 645 2771 aad.
665 2722 739 2788 rogis
757 2718 794 2772 D.
807 2719 858 2788 118.
871 2720 951 2786 quos]
971 2733 1055 2782 equos
1068 2717 1098 2770 F.
1113 2717 1125 2782 ΙΙ
1140 2713 1165 2769 11.
1179 2717 1349 2767 brendesiom
1366 2710 1394 2764 0.
1412 2715 1493 2763 bren·

273 2789 369 2838 dietum
388 2784 558 2839 EFsTorr.
587 2786 621 2840 Vt
637 2803 685 2841 nos
702 2789 765 2842 Per.
784 2788 825 2857 Qr'.
843 2786 896 2844 111,
917 2789 944 2844 i,
963 2787 990 2842 e.
1022 2787 1068 2845 Vl,
1088 2787 1116 2845 6.
1137 2786 1162 2843 t).
1186 2782 1494 2854 tresenreuter

272 2857 308 2911 D.
320 2857 333 2925 ΙΙ
347 2854 388 2909 12.
406 2860 567 2922 praeberent
587 2857 648 2912 GE.
661 2860 676 2928 11
695 2858 735 2912 13.
755 2862 825 2928 enm]
844 2867 899 2912 tum
921 2858 1074 2914 CDEFI'.
1093 2863 1106 2930 1}
1126 2861 1242 2911 comitati
1260 2855 1293 2910 Γ.
1314 2857 1326 2925 ΙΙ
1348 2852 1389 2908 tt.
1406 2854 1448 2922 ut]
1467 2854 1494 2904 ei

272 2925 382 2982 camd.
397 2924 410 2997 ΙΙ
427 2923 467 2981 15.
478 2929 637 2998 quingentos
650 2929 711 2983 EF.
726 2935 928 3003 quinquagenos
941 2931 971 2983 Γ.
987 2928 1000 3001 Η
1016 2929 1058 2984 iti.
1068 2933 1217 3004 sestertios
1228 2926 1292 2983 ΕΓ.
1311 2921 1493 2980 sexremoae'.

347 3051 530 3120 emisena
547 3052 683 3108 0100100110
698 3055 728 3108 ia
745 3057 839 3119 Perse)
855 3059 894 3108 ct.
913 3059 990 3109 Diod.
1008 3073 1066 3111 exe.
1086 3059 1161 3110 Phot.
1179 3054 1250 3121 21».
1270 3051 1331 3107 5111.
1352 3067 1397 3117 ap·
1415 3051 1494 3102 Diod·

273 3126 306 3185 11.
324 3121 350 3185 i,
368 3143 395 3191 0.
413 3119 456 3178 31.
475 3126 548 3176 erut.
565 3127 640 3178 000
658 3123 700 3180 37.
866 3187 869 3190 ,
918 3154 923 3162 -

339 3195 435 3265 officie
454 3194 579 3264 [regibus]
599 3203 716 3264 sequa)
733 3197 1014 3267 Rapitsssuspeetem
1025 3207 1085 3253 eret
1102 3201 1239 3252 Perizouio
1251 3200 1279 3249 et
1293 3196 1429 3250 Turranio,
1443 3207 1493 3265 nec

275 3271 391 3334 ‘praeter
408 3269 483 3328 rem',
503 3271 649 3320 utiudieat
659 3272 789 3336 Kappius,
809 3275 858 3323 sed
878 3273 978 3336 optimo
989 3273 1109 3338 proiecto
1127 3274 1192 3322 iure·
1228 3270 1321 3334 Neque
1338 3267 1409 3318 enim
1423 3265 1493 3314 inter

275 3353 370 3392 omnes
380 3341 444 3392 illes
454 3341 620 3392 0110οη000010
630 3344 812 3398 condicionem
825 3345 1020 3403 denotationes,
1030 3359 1142 3406 quarum
1152 3341 1276 3408 singulae
1285 3338 1400 3406 siugulis
1410 3351 1493 3400 oppe-

275 3413 380 3470 aentur,
396 3409 524 3471 (10011100
534 3441 569 3450 -
582 3409 690 3472 amicte·
707 3413 811 3466 miseris
822 3412 1007 3481 -selicitee‚·
1018 3414 1082 3481 soto
1092 3411 1243 3480 [000110-
1254 3408 1344 3469 eice).
1365 3410 1399 3458 ed
1412 3421 1493 3458 00000

274 3483 456 3534 tantummodo
476 3484 530 3534 tato
549 3484 697 3550 iunctorum
714 3487 807 3538 reterri
825 3489 931 3552 poterut
947 3487 1040 3554 regiae
1063 3484 1201 3553 dignitatis
1225 3480 1399 3550 significatio,
1423 3491 1494 3542 quae

275 3569 362 3621 aeque
381 3555 453 3606 certe
471 3557 504 3606 ed
524 3557 638 3606 miseros
657 3559 814 3621 pertineret,
835 3573 923 3621 neque
941 3559 966 3608 si
984 3559 1018 3606 ed
1037 3569 1131 3607 omnes
1148 3556 1217 3604 istas
1235 3551 1405 3602 condiciones
1422 3551 1493 3599 retu·

275 3626 347 3684 terte,
366 3627 437 3687 quod
454 3627 481 3676 10
500 3628 551 3677 hec
570 3629 710 3678 uerborum
729 3629 862 3693 positione
879 3629 938 3679 fleri
954 3641 1068 3678 necesse
1086 3630 1137 3683 est,
1159 3639 1219 3675 enm
1235 3619 1354 3674 metitur
1371 3619 1494 3671 00000011

274 3693 387 3762 regitur,
405 3711 440 3748 ns
457 3698 545 3748 dicem
562 3700 596 3748 ds
607 3713 641 3750 eo
660 3701 730 3764 quod
743 3701 813 3750 mele
830 3701 869 3750 ita
887 3701 998 3752 senatus
1016 3713 1086 3766 erge
1097 3695 1338 3764 Karthaginienses
1351 3691 1494 3743 clementie

274 3767 397 3818 hocloco
410 3781 462 3817 nou
475 3771 750 3833 comprehenderetur.
787 3771 880 3837 ltaque
891 3782 944 3821 000
957 3771 1047 3820 drrbito
1060 3770 1121 3834 quin
1132 3771 1206 3819 recte
1220 3767 1253 3816 de
1269 3765 1365 3832 glossa
1376 3761 1495 3813 00000011

274 3836 437 3894 Perizonius,
456 3853 509 3904 qna
527 3840 615 3890 deleta
627 3842 810 3892 omniemnlto
822 3842 918 3891 melius
930 3842 1083 3905 precedunt.
1119 3839 1205 3905 Atque
1223 3837 1294 3886 idem
1305 3836 1370 3886 iliud
1386 3828 1494 3898 recites

274 3907 340 3956 mire
358 3907 453 3956 eodem
472 3910 550 3958 modo
570 3912 683 3974 septimo
702 3927 807 3976 quoqne
823 3913 901 3962 hirtos
920 3913 1016 3976 cepitis
1029 3912 1152 3974 exempto
1165 3912 1200 3960 eb
1212 3908 1357 3970 interprete
1374 3905 1491 3954 additum

273 3976 340 4026 ieter
359 3977 458 4026 Valerii
476 3981 560 4029 uerba
576 3981 729 4046 irrepserat.

346 4043 661 4112 Caesetio-Mecettonico
677 4050 753 4113 bello)
772 4055 809 4102 Ct.
828 4054 886 4104 Liu.
905 4055 987 4114 XLV,
1009 4049 1050 4105 11.

343 4113 526 4180 Mesochoros)
544 4121 620 4172 itanc
636 4125 750 4174 nominis
768 4125 980 4175 terminationem
997 4127 1024 4175 iu
1036 4125 1168 4176 Bernouei
1179 4137 1285 4189 quoque
1297 4120 1389 4170 codice
1407 4118 1492 4168 titisse

273 4189 416 4256 antequam
435 4203 451 4238 e
471 4190 583 4244 Periclis
594 4195 749 4257 compendio
768 4195 972 4257 interpolaretur
994 4212 1010 4247 e
1029 4209 1163 4248 consensu
1185 4196 1348 4256 reliquorum
1365 4191 1491 4240 librorum

274 4261 413 4330 colligitur.
462 4262 491 4312 ln
520 4262 653 4326 prioribus
682 4267 771 4316 autern
799 4267 903 4314 duobus
928 4269 1044 4332 syllabis
1072 4267 1201 4332 primaria
1223 4263 1370 4316 tiernensis
1392 4262 1420 4311 et
1441 4259 1491 4309 Pe·

272 4334 339 4386 ridie
356 4333 509 4384 testimonia
532 4337 587 4384 tem
610 4335 750 4403 insigniter
772 4337 940 4399 conspirant,
968 4343 997 4388 nt
1020 4342 1055 4389 ab
1079 4338 1122 4388 his
1146 4339 1252 4402 quidem
1276 4335 1415 4384 discedere
1438 4345 1492 4381 non

273 4406 360 4464 tloeet,
380 4406 502 4470 quamuis
515 4405 547 4454 tn
565 4404 640 4455 XLll
653 4411 679 4456 et
696 4406 770 4456 XLV
784 4407 859 4464 11011,
878 4412 923 4470 qni
936 4412 1012 4461 sotus
1026 4413 1134 4474 praeter
1145 4409 1291 4464 Valerium,
1309 4406 1380 4470 quod
1399 4404 1491 4460 001000,

274 4477 308 4528 de
326 4477 378 4528 hoe
395 4477 561 4526 Masinissae
579 4476 633 4528 tilio
652 4478 812 4529 mentionem
832 4479 904 4537 iecit,
928 4483 1083 4532 constamn-
1105 4480 1264 4547 Misagenes
1286 4491 1356 4527 nunc
1375 4476 1492 4526 uocetur.

345 4559 427 4598 eeeee
445 4545 522 4598 etiear
539 4552 569 4598 et
580 4546 807 4616 prospicerentur)
827 4551 924 4602 Nescio
942 4554 1004 4618 quid
1022 4565 1156 4602 summum
1168 4550 1335 4602 Perizonium
1353 4544 1492 4596 adduxerit

275 4617 384 4668 utente
401 4615 544 4684 equitibus.
570 4620 639 4684 quod
651 4620 749 4670 stetim
767 4622 899 4687 sequitur,
922 4626 1029 4674 omnino
1053 4623 1176 4687 copulam
1198 4625 1224 4673 et
1239 4619 1411 4672 inserendam
1428 4629 1493 4668 esse

276 4686 385 4764 dtcerpt,
403 4704 455 4751 qno
468 4689 538 4738 tacto
551 4705 645 4752 parum
658 4691 787 4742 concinna
799 4694 912 4744 oriretur
924 4696 1084 4745 consensero
1103 4690 1193 4744 Neues
1203 4688 1456 4759 etprosptcereaar
1467 4690 1494 4738 et

278 4749 406 4817 testatus
421 4756 538 4824 eiapetm
554 4755 639 4812 librar
655 4760 759 4828 arpenti
775 4759 840 4814 deri
853 4761 1002 4828 imperasti.
1039 4764 1129 4815 Verba
1144 4776 1227 4816 auses
1243 4761 1323 4814 erim
1343 4763 1374 4812 er
1385 4756 1492 4826 prespi-
