3409 5400
265 436 340 503 440,
491 427 550 494 DE
573 421 759 492 PIETATE
782 420 905 491 ERGA
926 418 1161 490 PARENTES
1182 418 1279 486 ETG.
1302 510 1309 521 ⁶

267 595 375 659 utilius
399 591 550 656 habuerit
573 588 674 653 duces
699 610 743 651 an
766 586 922 659 amiserit,
946 585 1103 671 quoniam
1126 586 1195 651 uita
1217 606 1331 649 corum
1352 602 1396 649 ne
1424 585 1517 649 uin·

267 712 392 767 ceretur
416 698 548 774 obstitit,
571 718 662 763 mors
687 696 763 758 lecit
785 704 820 757 ut
844 692 999 757 uinceret.

225 813 254 877 t.
354 807 430 873 Non
453 816 504 871 est
527 806 684 869 extinctus
708 825 744 867 re
767 800 899 887 publica
920 800 1073 886 superior
1088 800 1202 885 Scipio
1217 798 1407 873 Adicanus,
1436 800 1512 864 sed

266 913 452 985 admirabili
473 914 589 977 uirtute
613 932 654 975 nc
677 932 731 974 rcs
755 908 891 995 publica
912 908 1155 993 extingueretur
1177 906 1329 991 prouidit.
1380 908 1510 993 Siqui-

267 1026 343 1089 dem
367 1044 441 1085 cum
465 1018 598 1083 adflicta
621 1018 788 1083 Cannensi
820 1015 913 1079 clade
936 1014 1015 1079 urbs
1039 1024 1153 1079 nostra
1175 1013 1256 1079 nihil
1279 1014 1368 1079 aliud
1391 1036 1541 1101 quanta

266 1129 392 1218 praeda
413 1127 548 1191 uictoris
572 1146 648 1190 esse
663 1122 860 1189 Hannibalis
884 1122 1059 1196 uideretur,
1081 1120 1222 1207 ideoque
1236 1120 1392 1208 reliquiae
1415 1143 1508 1207 pro-

268 1236 360 1303 strati
385 1234 543 1299 cxercitus
568 1229 773 1298 deserendae
796 1230 910 1295 ltaliae
939 1238 1072 1292 auctore
1096 1226 1137 1308 Q,
1161 1226 1293 1291 Metello
1316 1228 1507 1294 consilium

268 1344 441 1429 agitarent,
465 1340 613 1405 tribunus
637 1339 774 1405 militum
790 1335 969 1401 admodum
985 1336 1114 1399 iuuenis
1131 1335 1244 1399 stricto
1267 1332 1379 1421 gladio
1401 1356 1505 1399 mor·

266 1464 331 1513 tem
364 1448 539 1533 unicuique
569 1444 748 1511 minitando
776 1446 885 1509 iurare
914 1463 1030 1506 omncs
1058 1462 1238 1528 numquam
1261 1462 1299 1505 se
1320 1440 1504 1507 relicturos

266 1557 406 1641 patriam
430 1556 546 1641 coegit,
570 1554 790 1638 pietatemque
818 1572 887 1615 non
917 1548 1024 1613 solum
1053 1549 1127 1634 ipse
1148 1548 1376 1634 plenissimam
1400 1547 1501 1614 exhi·
1514 1568 1544 1611 ra

266 1662 346 1737 buit,
371 1659 431 1725 sed
454 1660 552 1723 etiam
575 1680 615 1725 ex
639 1658 824 1745 pectoribus
849 1657 986 1722 aliorum
1011 1655 1185 1721 abeuntem
1207 1657 1385 1720 reuocauit.

225 1769 258 1833 8.
356 1766 447 1852 Age,
475 1776 510 1829 ut
538 1788 559 1829 a
587 1764 726 1853 singulis
756 1764 798 1827 ad
828 1764 1002 1828 uniuersos
1031 1761 1275 1849 transgrediar,
1310 1772 1434 1849 quanto
1466 1778 1504 1828 et

269 1895 368 1961 quam
398 1871 528 1959 aequali
558 1893 670 1936 amore
698 1872 823 1959 patriae
853 1881 921 1935 tota
948 1871 1067 1936 ciuitas
1097 1868 1263 1957 flagrauit!
1301 1868 1387 1935 Nam
1417 1894 1500 1936 cnm

268 1978 415 2047 secundo
444 1978 569 2043 Punico
600 1978 684 2044 bello
714 1976 909 2043 exhaustum
939 1979 1102 2042 aerarium
1133 1998 1175 2040 ne
1199 1975 1335 2043 deornm
1359 1977 1499 2065 quidem

268 2086 368 2152 cultui
391 2086 570 2162 sufficeret,
598 2086 764 2173 publicani
788 2086 870 2150 ultro
898 2084 1006 2149 aditos
1030 2105 1186 2149 censores
1214 2082 1336 2148 hortati
1358 2096 1438 2148 sunt
1461 2098 1536 2151 ntis

269 2194 383 2259 omnia
411 2194 458 2258 sic
487 2193 649 2267 locarent,
683 2204 850 2280 tamquam
884 2214 939 2256 res
973 2191 1104 2277 publica
1133 2192 1273 2277 pecnnia
1300 2190 1496 2265 abundaret,

269 2324 371 2389 seque
394 2312 618 2387 praestaturos
643 2294 760 2365 cuncta
790 2322 851 2365 nec
882 2298 983 2363 ullum
1006 2320 1117 2364 assem
1147 2299 1212 2362 nisi
1233 2296 1319 2362 bello
1342 2298 1495 2363 confecto

249 2412 425 2496 'petituros
449 2408 583 2493 polliciti
607 2418 691 2473 sunt.
738 2406 871 2471 Domini
894 2428 1024 2493 quoque
1048 2427 1161 2469 eorum
1189 2426 1378 2479 seruorum,
1407 2428 1493 2491 quos

268 2516 483 2601 Sempronius
509 2512 679 2579 Gracchus
703 2514 744 2579 ob
768 2515 933 2603 insignem
957 2534 1104 2601 pugnam
1126 2512 1307 2577 Beneuenti
1330 2514 1494 2578 manumi-

269 2634 375 2695 serat,
405 2623 508 2707 pretia
536 2622 578 2686 ab
606 2623 802 2708 imperatore
832 2622 962 2708 exigere
989 2619 1254 2707 supersederunt
1311 2619 1350 2685 la
1372 2622 1530 2686 castristt

222 2705 227 2716 ’
269 2729 367 2794 ctiam
390 2748 456 2791 non
481 2748 598 2814 equos,
622 2751 689 2792 non
712 2729 856 2792 centurio
880 2727 1077 2814 stipendium
1102 2725 1172 2792 dari
1196 2726 1259 2792 sibi
1282 2727 1490 2796 desiderauit.

268 2922 295 2976 2.
314 2925 421 2974 obsistit
442 2921 476 2975 E.
488 2920 538 2989 113.
558 2924 585 2988 s.
603 2922 628 2977 7.
647 2939 695 2976 om.
710 2938 756 2991 pr.
774 2922 811 2977 D.
823 2923 837 2991 ΙΙ
849 2928 936 2990 scipio
953 2927 1076 2990 superior
1092 2921 1124 2977 tt
1136 2921 1186 2991 115.
1206 2939 1345 2977 11111111
1358 2941 1404 2994 pr.
1425 2926 1453 2980 C.
1464 2927 1478 2994 ΙΙ

269 2995 295 3048 li.
315 2995 439 3061 ideoque]
459 2990 522 3046 odd.
541 3010 600 3044 cum
619 2993 655 3047 D.
668 2995 680 3061 ΙΙ
694 2994 718 3047 7.
737 2997 769 3046 la.
789 2997 898 3048 Metello
919 2993 1058 3062 7111118.
1078 2997 1196 3048 districto
1214 2995 1250 3049 Ε.
1261 2991 1313 3062 1111.
1324 2997 1486 3051 unicnicoF.

284 3069 296 3132 ΙΙ
311 3068 428 3116 mitando
441 3081 487 3132 pr.
506 3063 537 3118 A.
556 3068 681 3118 minando
699 3065 814 3134 111110.
833 3069 925 3136 coegit
941 3069 1057 3133 patriam
1075 3065 1106 3120 F.
1122 3067 1133 3136 ΙΙ
1147 3069 1303 3132 plenissime
1322 3067 1351 3121 F.
1362 3069 1377 3137 ll
1389 3067 1430 3121 ll.
1442 3070 1485 3136 erl

218 3181 224 3189 .
270 3145 298 3190 ct
311 3153 363 3205 per
382 3134 559 3205 compendium
573 3152 617 3204 pr.
636 3135 668 3188 A.
688 3153 703 3190 e
720 3136 780 3191 Dr
796 3145 823 3190 et
839 3154 910 3191 corr.
929 3138 960 3191 A.
975 3145 988 3206 ΙΙ
1004 3135 1044 3192 ld.
1063 3139 1135 3208 Age}
1157 3139 1212 3190 Sed
1230 3136 1262 3192 Γ.
1281 3138 1294 3208 ll
1315 3141 1441 3192 uniuersa
1457 3139 1484 3193 F.

281 3209 405 3276 thttanto
424 3237 459 3248 -
478 3205 545 3273 (13.)
564 3211 698 3278 flagrauit!
725 3211 791 3260 Nam
812 3226 861 3261 ortt.
880 3208 911 3264 Γ.
924 3211 938 3279 ΙΙ
952 3206 992 3262 13.
1012 3211 1140 3278 l'raglauit
1153 3225 1198 3277 pr.
1216 3207 1248 3262 Α.
1273 3213 1314 3264 fra
1368 3213 1405 3262 nit
1421 3209 1452 3266 F.
1462 3211 1475 3279 ΙΙ

272 3279 314 3333 lb.
333 3286 442 3344 tatinum
459 3294 503 3346 pr.
521 3277 552 3331 A.
572 3283 699 3342 tanquam
717 3295 786 3334 corr.
805 3280 836 3333 Δ.
849 3279 863 3348 ΙΙ
875 3283 914 3333 rei
931 3283 1056 3346 publicae
1074 3277 1104 3332 F.
1120 3281 1134 3351 ΙΙ
1151 3282 1286 3346 pecunia·
1300 3228 1368 3351 fil
1379 3281 1423 3337 21.
1442 3285 1485 3334 im·

271 3354 394 3418 pendium
413 3347 595 3402 ACDEFP.
607 3351 621 3421 ΙΙ
633 3352 683 3402 sibi
703 3355 759 3404 dari
779 3350 811 3404 F.

341 3527 367 3583 ’1.
387 3531 425 3582 Cl.
444 3531 503 3581 Liu.
521 3532 607 3590 XXII,
626 3527 669 3584 53.
688 3530 813 3583 8111111.
832 3532 867 3591 X,
886 3527 947 3584 tta
966 3531 1042 3583 duct.
1061 3532 1095 3583 de
1114 3533 1161 3585 uir.
1180 3532 1216 3586 itt.
1234 3527 1279 3583 tit.

342 3607 449 3653 anctore
467 3601 499 3661 Q.
517 3601 632 3663 llleteilo)
658 3603 825 3654 Praenomen
843 3606 944 3666 Quinti,
968 3604 1162 3668 proculdubio
1180 3605 1293 3662 tusum.
1319 3606 1365 3654 aut
1384 3606 1483 3657 omnino

272 3674 412 3724 dolendum
432 3687 496 3724 csso
521 3676 638 3732 uidetur,
662 3676 820 3737 praesertim
846 3691 905 3725 cum
929 3676 956 3725 ia
980 3675 1120 3725 Paridensl
1142 3690 1249 3741 quoqne
1272 3677 1351 3726 huius
1376 3679 1484 3741 exempli

272 3745 429 3807 compendio
448 3745 597 3802 omittatur,
623 3745 669 3793 aut
687 3747 840 3796 mutandum
866 3747 893 3795 in
912 3747 997 3796 Marci
1015 3748 1105 3796 nolam
1123 3743 1177 3803 Μ..
1196 3761 1267 3809 quae
1285 3748 1410 3798 facillime
1427 3753 1483 3799 ante

271 3828 368 3862 notncn
387 3829 435 3877 per
453 3815 566 3864 eandem
585 3815 697 3865 litteram
717 3816 846 3880 incipiens
865 3816 973 3866 interire
989 3816 1083 3879 potuit.
1121 3818 1231 3868 Marcus
1251 3823 1322 3869 certe
1347 3835 1366 3868 a
1384 3821 1483 3870 Valerio

272 3885 382 3930 uocatur
401 3883 432 3941 ll,
452 3879 478 3941 i,
497 3883 514 3934 8
534 3888 560 3934 11
578 3886 603 3934 in
623 3885 729 3948 optimis
747 3887 815 3935 Liuii
834 3886 970 3936 codicibus
988 3887 1106 3947 XXllll,
1132 3883 1165 3938 18
1183 3890 1210 3940 ot
1227 3889 1344 3948 XXVll,
1369 3888 1415 3948 11;
1438 3893 1482 3942 sed

271 3952 352 4018 nulgo
372 3954 486 4003 creditur
504 3955 588 4005 titisse
606 3955 719 4014 Lucius,
744 3958 812 4018 quod
833 3970 998 4020 praenomen
1015 3959 1058 4008 bis
1077 3960 1103 4010 ei
1125 3960 1243 4012 tribunat
1260 3961 1366 4011 Liuiani
1384 3963 1482 4013 codices

271 4022 357 4079 XXll,
376 4017 418 4074 53.
456 4023 507 4074 Pro
527 4029 599 4075 certo
618 4028 679 4090 qnid
699 4028 868 4077 scribendum
894 4028 941 4086 sit,
966 4044 1025 4079 cum
1048 4031 1189 4094 tantopere
1211 4034 1239 4082 et
1262 4033 1362 4083 librarii
1387 4037 1415 4084 et
1429 4035 1482 4098 ipse

271 4093 394 4144 Valerius
412 4093 439 4142 in
458 4097 683 4216 praenominibus8
692 4098 822 4162 ponendis
841 4099 1005 4160 fluctuantur,
1024 4100 1160 4153 affirmare
1178 4103 1267 4154 nolim.

341 4163 366 4217 11.
387 4165 425 4216 Cf.
444 4165 501 4218 Liu.
520 4165 630 4225 XXllll,
652 4166 661 4218 l
685 4206 691 4220 .

342 4231 499 4303 stipendium
518 4233 581 4288 dari
597 4233 650 4288 aidi
667 4234 848 4302 desiderauit.)
871 4241 944 4291 Libri
967 4245 1141 4309 manuscripti
1164 4259 1270 4297 summo
1291 4259 1424 4298 consensu
1441 4245 1481 4296 ita·

267 4306 393 4376 pendium
412 4311 532 4369 tradunt,
559 4310 627 4375 quod
651 4311 858 4374 interpretantur
880 4315 1050 4380 grammatici
1073 4318 1106 4366 de
1127 4318 1256 4380 pecunia,
1281 4333 1360 4384 quam
1383 4322 1482 4382 praeter

162 4377 164 4382 “
271 4381 430 4444 stipendium
450 4382 601 4446 acceperint
619 4383 722 4446 equites
742 4385 768 4433 et
786 4384 964 4441 centuriones,
983 4401 1036 4436 non
1055 4388 1174 4456 gregarii
1191 4390 1301 4448 milites,
1320 4391 1353 4438 ad
1369 4391 1482 4452 paranda

271 4453 322 4502 sibi
341 4465 410 4517 quae
429 4453 456 4502 11
474 4454 541 4517 ipsis
561 4453 587 4503 et
611 4454 687 4516 equis
713 4468 781 4517 opus
806 4457 909 4507 essent.
951 4456 991 4506 lta
1015 4459 1048 4508 de
1073 4473 1137 4509 aere
1162 4443 1303 4514 hardrado
1327 4461 1430 4510 uidetur
1448 4462 1479 4511 ia·

271 4521 410 4573 tollerisse
433 4523 600 4584 Perizonius,
627 4540 685 4574 cum
705 4527 862 4589 ascripserit
880 4526 954 4579 Paul.
979 4529 1047 4581 diac.
1073 4545 1098 4580 u.
1116 4531 1278 4582 hordiarium
1297 4545 1356 4582 aas.
1379 4531 1420 4596 (p.
1438 4529 1479 4584 titt

270 4591 358 4656 motat
403 4591 438 4642 At
459 4599 601 4658 praeterea
628 4599 698 4660 quod
721 4597 747 4646 id
771 4599 903 4662 equitibus
926 4601 1029 4650 tantum
1055 4601 1181 4660 dabatur,
1204 4617 1258 4654 non
1282 4602 1478 4661 centurionibus,

271 4673 358 4723 neque
377 4663 445 4716 alias
464 4665 516 4718 boc
534 4667 684 4737 significatu
705 4672 861 4734 usurpatum
874 4671 916 4720 est
934 4667 1101 4740 impendium,
1121 4686 1217 4725 uereor
1234 4675 1262 4724 nt
1274 4674 1382 4725 omnino
1395 4674 1479 4726 Latiae
