<?xml version="1.0" encoding="UTF-8"?>
<!DOCTYPE html PUBLIC "-//W3C//DTD XHTML 1.0 Transitional//EN"
    "http://www.w3.org/TR/xhtml1/DTD/xhtml1-transitional.dtd">
<html xmlns="http://www.w3.org/1999/xhtml" xml:lang="en" lang="en">
 <head>
  <title>
</title>
<meta http-equiv="Content-Type" content="text/html;charset=utf-8" />
  <meta name='ocr-system' content='tesseract 3.04.00' />
  <meta name='ocr-capabilities' content='ocr_page ocr_carea ocr_par ocr_line ocrx_word'/>
</head>
<body>
  <div class='ocr_page' id='page_1' title='image "./valerimaximifac00parigoog_0255.png"; bbox 0 0 3409 5400; ppageno 0'>
   <div class='ocr_carea' id='block_1_1' title="bbox 288 472 1100 549">
    <p class='ocr_par' dir='ltr' id='par_1_1' title="bbox 288 472 1100 549">
     <span class='ocr_line' id='line_1_1' title="bbox 288 472 1100 549; baseline -0.005 0"><span class='ocrx_word' id='word_1_1' title='bbox 288 480 356 549; x_wconf 77' lang='lat'><strong>244</strong></span> <span class='ocrx_word' id='word_1_2' title='bbox 706 475 770 543; x_wconf 75' lang='lat' dir='ltr'><strong>DE</strong></span> <span class='ocrx_word' id='word_1_3' title='bbox 790 472 1100 545; x_wconf 69' lang='lat' dir='ltr'><strong>murimonte.</strong></span> 
     </span>
    </p>
   </div>
   <div class='ocr_carea' id='block_1_2' title="bbox 285 635 1555 2081">
    <p class='ocr_par' dir='ltr' id='par_1_2' title="bbox 285 635 1555 2081">
     <span class='ocr_line' id='line_1_2' title="bbox 290 635 1519 724; baseline -0.001 -18"><span class='ocrx_word' id='word_1_4' title='bbox 290 642 381 707; x_wconf 83' lang='lat' dir='ltr'><strong>bona</strong></span> <span class='ocrx_word' id='word_1_5' title='bbox 402 660 446 705; x_wconf 89' lang='lat' dir='ltr'><strong>an</strong></span> <span class='ocrx_word' id='word_1_6' title='bbox 468 640 550 703; x_wconf 88' lang='lat' dir='ltr'><strong>uitia</strong></span> <span class='ocrx_word' id='word_1_7' title='bbox 569 639 697 724; x_wconf 78' lang='lat' dir='ltr'><strong>patriae</strong></span> <span class='ocrx_word' id='word_1_8' title='bbox 712 639 951 724; x_wconf 79' lang='lat' dir='ltr'><strong>perniciosiora</strong></span> <span class='ocrx_word' id='word_1_9' title='bbox 973 638 1101 713; x_wconf 87' lang='lat' dir='ltr'><strong>fuerint,</strong></span> <span class='ocrx_word' id='word_1_10' title='bbox 1122 635 1186 703; x_wconf 88' lang='lat' dir='ltr'><strong>illis</strong></span> <span class='ocrx_word' id='word_1_11' title='bbox 1209 638 1296 702; x_wconf 89' lang='lat' dir='ltr'><strong>enim</strong></span> <span class='ocrx_word' id='word_1_12' title='bbox 1319 640 1411 704; x_wconf 86' lang='lat' dir='ltr'><strong>ciues</strong></span> <span class='ocrx_word' id='word_1_13' title='bbox 1434 660 1519 705; x_wconf 85' lang='lat' dir='ltr'><strong>suos</strong></span> 
     </span>
     <span class='ocr_line' id='line_1_3' title="bbox 292 742 1519 831; baseline -0.002 -19"><span class='ocrx_word' id='word_1_14' title='bbox 292 748 438 831; x_wconf 89' lang='lat' dir='ltr'><strong>decepit,</strong></span> <span class='ocrx_word' id='word_1_15' title='bbox 466 744 521 809; x_wconf 85' lang='lat' dir='ltr'><strong>his</strong></span> <span class='ocrx_word' id='word_1_16' title='bbox 552 744 693 821; x_wconf 82' lang='lat' dir='ltr'><strong>adflixit,</strong></span> <span class='ocrx_word' id='word_1_17' title='bbox 723 766 799 809; x_wconf 92' lang='lat' dir='ltr'><strong>cum</strong></span> <span class='ocrx_word' id='word_1_18' title='bbox 826 744 935 809; x_wconf 86' lang='lat' dir='ltr'><strong>adhuc</strong></span> <span class='ocrx_word' id='word_1_19' title='bbox 963 766 1044 830; x_wconf 89' lang='lat' dir='ltr'><strong>puer</strong></span> <span class='ocrx_word' id='word_1_20' title='bbox 1072 743 1115 809; x_wconf 86' lang='lat' dir='ltr'><strong>ad</strong></span> <span class='ocrx_word' id='word_1_21' title='bbox 1138 742 1287 808; x_wconf 73' lang='lat' dir='ltr'><strong>Periclen</strong></span> <span class='ocrx_word' id='word_1_22' title='bbox 1318 745 1519 811; x_wconf 80' lang='lat' dir='ltr'><strong>auunculum</strong></span> 
     </span>
     <span class='ocr_line' id='line_1_4' title="bbox 292 851 1518 940; baseline 0 -22"><span class='ocrx_word' id='word_1_23' title='bbox 292 875 391 918; x_wconf 84' lang='lat' dir='ltr'><strong>suum</strong></span> <span class='ocrx_word' id='word_1_24' title='bbox 412 853 562 917; x_wconf 85' lang='lat' dir='ltr'><strong>uenisset</strong></span> <span class='ocrx_word' id='word_1_25' title='bbox 584 874 724 940; x_wconf 89' lang='lat' dir='ltr'><strong>eumque</strong></span> <span class='ocrx_word' id='word_1_26' title='bbox 747 864 875 917; x_wconf 87' lang='lat' dir='ltr'><strong>secreto</strong></span> <span class='ocrx_word' id='word_1_27' title='bbox 900 852 1024 915; x_wconf 79' lang='lat' dir='ltr'><strong>tristem</strong></span> <span class='ocrx_word' id='word_1_28' title='bbox 1046 851 1215 915; x_wconf 85' lang='lat' dir='ltr'><strong>sedentem</strong></span> <span class='ocrx_word' id='word_1_29' title='bbox 1236 851 1389 927; x_wconf 84' lang='lat' dir='ltr'><strong>uidisset,</strong></span> <span class='ocrx_word' id='word_1_30' title='bbox 1416 854 1518 918; x_wconf 88' lang='lat' dir='ltr'><strong>inter·</strong></span> 
     </span>
     <span class='ocr_line' id='line_1_5' title="bbox 290 957 1518 1046; baseline 0.002 -23"><span class='ocrx_word' id='word_1_31' title='bbox 290 960 423 1045; x_wconf 82' lang='lat' dir='ltr'><strong>rogauit</strong></span> <span class='ocrx_word' id='word_1_32' title='bbox 453 959 533 1046; x_wconf 91' lang='lat' dir='ltr'><strong>quid</strong></span> <span class='ocrx_word' id='word_1_33' title='bbox 558 960 605 1023; x_wconf 92' lang='lat' dir='ltr'><strong>ita</strong></span> <span class='ocrx_word' id='word_1_34' title='bbox 632 970 755 1022; x_wconf 80' lang='lat' dir='ltr'><strong>tantam</strong></span> <span class='ocrx_word' id='word_1_35' title='bbox 784 960 820 1022; x_wconf 91' lang='lat' dir='ltr'><strong>in</strong></span> <span class='ocrx_word' id='word_1_36' title='bbox 843 957 932 1021; x_wconf 91' lang='lat' dir='ltr'><strong>uultu</strong></span> <span class='ocrx_word' id='word_1_37' title='bbox 959 958 1186 1021; x_wconf 81' lang='lat' dir='ltr'><strong>confusionem</strong></span> <span class='ocrx_word' id='word_1_38' title='bbox 1209 970 1349 1044; x_wconf 82' lang='lat' dir='ltr'><strong>gereret.</strong></span> <span class='ocrx_word' id='word_1_39' title='bbox 1393 957 1438 1023; x_wconf 80' lang='lat' dir='ltr'><strong>At</strong></span> <span class='ocrx_word' id='word_1_40' title='bbox 1460 960 1518 1025; x_wconf 91' lang='lat' dir='ltr'><strong>illo</strong></span> 
     </span>
     <span class='ocr_line' id='line_1_6' title="bbox 291 1062 1543 1150; baseline -0.002 -21"><span class='ocrx_word' id='word_1_41' title='bbox 291 1064 420 1129; x_wconf 84' lang='lat' dir='ltr'><strong>dicente</strong></span> <span class='ocrx_word' id='word_1_42' title='bbox 460 1064 620 1129; x_wconf 84' lang='lat' dir='ltr'><strong>mandatu</strong></span> <span class='ocrx_word' id='word_1_43' title='bbox 655 1085 693 1128; x_wconf 87' lang='lat' dir='ltr'><strong>se</strong></span> <span class='ocrx_word' id='word_1_44' title='bbox 721 1066 860 1129; x_wconf 86' lang='lat' dir='ltr'><strong>ciuitatis</strong></span> <span class='ocrx_word' id='word_1_45' title='bbox 888 1062 1073 1150; x_wconf 78' lang='lat' dir='ltr'><strong>Propylaea</strong></span> <span class='ocrx_word' id='word_1_46' title='bbox 1105 1062 1289 1139; x_wconf 78' lang='lat' dir='ltr'><strong>Mineruae,</strong></span> <span class='ocrx_word' id='word_1_47' title='bbox 1324 1086 1409 1149; x_wconf 90' lang='lat' dir='ltr'><strong>quae</strong></span> <span class='ocrx_word' id='word_1_48' title='bbox 1438 1078 1543 1131; x_wconf 76' lang='lat' dir='ltr'><strong>sunta</strong></span> 
     </span>
     <span class='ocr_line' id='line_1_7' title="bbox 289 1169 1516 1258; baseline 0 -23"><span class='ocrx_word' id='word_1_49' title='bbox 289 1171 411 1236; x_wconf 87' lang='lat' dir='ltr'><strong>ianuae</strong></span> <span class='ocrx_word' id='word_1_50' title='bbox 446 1172 547 1245; x_wconf 84' lang='lat' dir='ltr'><strong>arcis,</strong></span> <span class='ocrx_word' id='word_1_51' title='bbox 587 1170 801 1244; x_wconf 86' lang='lat' dir='ltr'><strong>aedificasse,</strong></span> <span class='ocrx_word' id='word_1_52' title='bbox 840 1180 1100 1256; x_wconf 87' lang='lat' dir='ltr'><strong>consumptaque</strong></span> <span class='ocrx_word' id='word_1_53' title='bbox 1134 1170 1168 1233; x_wconf 90' lang='lat' dir='ltr'><strong>in</strong></span> <span class='ocrx_word' id='word_1_54' title='bbox 1201 1169 1237 1233; x_wconf 94' lang='lat' dir='ltr'><strong>id</strong></span> <span class='ocrx_word' id='word_1_55' title='bbox 1270 1192 1355 1255; x_wconf 87' lang='lat' dir='ltr'><strong>opus</strong></span> <span class='ocrx_word' id='word_1_56' title='bbox 1388 1171 1516 1258; x_wconf 84' lang='lat' dir='ltr'><strong>ingenti</strong></span> 
     </span>
     <span class='ocr_line' id='line_1_8' title="bbox 291 1276 1515 1363; baseline -0.001 -23"><span class='ocrx_word' id='word_1_57' title='bbox 291 1277 432 1361; x_wconf 82' lang='lat' dir='ltr'><strong>pecunia</strong></span> <span class='ocrx_word' id='word_1_58' title='bbox 458 1298 526 1341; x_wconf 90' lang='lat' dir='ltr'><strong>non</strong></span> <span class='ocrx_word' id='word_1_59' title='bbox 555 1279 702 1342; x_wconf 89' lang='lat' dir='ltr'><strong>inuenire</strong></span> <span class='ocrx_word' id='word_1_60' title='bbox 736 1299 802 1363; x_wconf 89' lang='lat' dir='ltr'><strong>quo</strong></span> <span class='ocrx_word' id='word_1_61' title='bbox 836 1288 933 1361; x_wconf 89' lang='lat' dir='ltr'><strong>pacto</strong></span> <span class='ocrx_word' id='word_1_62' title='bbox 966 1277 1138 1341; x_wconf 87' lang='lat' dir='ltr'><strong>ministerii</strong></span> <span class='ocrx_word' id='word_1_63' title='bbox 1165 1276 1324 1341; x_wconf 89' lang='lat' dir='ltr'><strong>rationem</strong></span> <span class='ocrx_word' id='word_1_64' title='bbox 1350 1276 1515 1353; x_wconf 88' lang='lat' dir='ltr'><strong>redderet,</strong></span> 
     </span>
     <span class='ocr_line' id='line_1_9' title="bbox 288 1381 1514 1468; baseline 0.001 -24"><span class='ocrx_word' id='word_1_65' title='bbox 288 1394 385 1468; x_wconf 90' lang='lat' dir='ltr'><strong>atque</strong></span> <span class='ocrx_word' id='word_1_66' title='bbox 400 1382 477 1447; x_wconf 92' lang='lat' dir='ltr'><strong>ideo</strong></span> <span class='ocrx_word' id='word_1_67' title='bbox 488 1382 679 1457; x_wconf 87' lang='lat' dir='ltr'><strong>conflictari,</strong></span> <span class='ocrx_word' id='word_1_68' title='bbox 701 1381 822 1467; x_wconf 80' lang='lat' dir='ltr'><strong>‘Ergo&#39;,</strong></span> <span class='ocrx_word' id='word_1_69' title='bbox 837 1384 952 1467; x_wconf 88' lang='lat' dir='ltr'><strong>inquit,</strong></span> <span class='ocrx_word' id='word_1_70' title='bbox 969 1393 1101 1467; x_wconf 78' lang='lat' dir='ltr'><strong>‘quaere</strong></span> <span class='ocrx_word' id='word_1_71' title='bbox 1114 1382 1220 1465; x_wconf 89' lang='lat' dir='ltr'><strong>potius</strong></span> <span class='ocrx_word' id='word_1_72' title='bbox 1234 1381 1514 1467; x_wconf 76' lang='lat' dir='ltr'><strong>quemadmodum</strong></span> 
     </span>
     <span class='ocr_line' id='line_1_10' title="bbox 286 1486 1515 1572; baseline 0.002 -21"><span class='ocrx_word' id='word_1_73' title='bbox 286 1490 446 1551; x_wconf 86' lang='lat' dir='ltr'><strong>rationem</strong></span> <span class='ocrx_word' id='word_1_74' title='bbox 469 1510 538 1552; x_wconf 93' lang='lat' dir='ltr'><strong>non</strong></span> <span class='ocrx_word' id='word_1_75' title='bbox 560 1487 701 1553; x_wconf 84' lang='lat' dir='ltr'><strong>reddas&#39;.</strong></span> <span class='ocrx_word' id='word_1_76' title='bbox 739 1486 853 1572; x_wconf 89' lang='lat' dir='ltr'><strong>ltaque</strong></span> <span class='ocrx_word' id='word_1_77' title='bbox 876 1489 927 1550; x_wconf 93' lang='lat' dir='ltr'><strong>uir</strong></span> <span class='ocrx_word' id='word_1_78' title='bbox 943 1486 1166 1572; x_wconf 88' lang='lat' dir='ltr'><strong>amplissimus</strong></span> <span class='ocrx_word' id='word_1_79' title='bbox 1190 1498 1222 1549; x_wconf 88' lang='lat' dir='ltr'><strong>et</strong></span> <span class='ocrx_word' id='word_1_80' title='bbox 1236 1486 1515 1571; x_wconf 84' lang='lat' dir='ltr'><strong>prudentissimus</strong></span> 
     </span>
     <span class='ocr_line' id='line_1_11' title="bbox 287 1591 1555 1679; baseline 0.005 -22"><span class='ocrx_word' id='word_1_81' title='bbox 287 1614 349 1657; x_wconf 89' lang='lat' dir='ltr'><strong>suo</strong></span> <span class='ocrx_word' id='word_1_82' title='bbox 380 1593 520 1657; x_wconf 89' lang='lat' dir='ltr'><strong>consilio</strong></span> <span class='ocrx_word' id='word_1_83' title='bbox 548 1594 694 1657; x_wconf 80' lang='lat' dir='ltr'><strong>deiectus</strong></span> <span class='ocrx_word' id='word_1_84' title='bbox 722 1592 837 1677; x_wconf 89' lang='lat' dir='ltr'><strong>puerili</strong></span> <span class='ocrx_word' id='word_1_85' title='bbox 860 1615 942 1656; x_wconf 88' lang='lat' dir='ltr'><strong>usus</strong></span> <span class='ocrx_word' id='word_1_86' title='bbox 971 1606 1038 1665; x_wconf 86' lang='lat' dir='ltr'><strong>est,</strong></span> <span class='ocrx_word' id='word_1_87' title='bbox 1067 1604 1165 1678; x_wconf 83' lang='lat' dir='ltr'><strong>atque</strong></span> <span class='ocrx_word' id='word_1_88' title='bbox 1188 1591 1223 1655; x_wconf 93' lang='lat' dir='ltr'><strong>id</strong></span> <span class='ocrx_word' id='word_1_89' title='bbox 1250 1594 1318 1679; x_wconf 85' lang='lat' dir='ltr'><strong>egit</strong></span> <span class='ocrx_word' id='word_1_90' title='bbox 1345 1604 1381 1656; x_wconf 91' lang='lat' dir='ltr'><strong>ut</strong></span> <span class='ocrx_word' id='word_1_91' title='bbox 1408 1594 1555 1663; x_wconf 80' lang='lat' dir='ltr'><strong>Athe-te</strong></span> 
     </span>
     <span class='ocr_line' id='line_1_12' title="bbox 285 1698 1514 1785; baseline 0.001 -21"><span class='ocrx_word' id='word_1_92' title='bbox 285 1700 421 1765; x_wconf 86' lang='lat' dir='ltr'><strong>nienses</strong></span> <span class='ocrx_word' id='word_1_93' title='bbox 436 1701 573 1763; x_wconf 85' lang='lat' dir='ltr'><strong>finitimo</strong></span> <span class='ocrx_word' id='word_1_94' title='bbox 595 1698 741 1782; x_wconf 88' lang='lat' dir='ltr'><strong>inplicati</strong></span> <span class='ocrx_word' id='word_1_95' title='bbox 754 1698 841 1763; x_wconf 90' lang='lat' dir='ltr'><strong>bello</strong></span> <span class='ocrx_word' id='word_1_96' title='bbox 863 1698 1042 1763; x_wconf 87' lang='lat' dir='ltr'><strong>rationibus</strong></span> <span class='ocrx_word' id='word_1_97' title='bbox 1058 1698 1229 1785; x_wconf 81' lang='lat' dir='ltr'><strong>exigendis</strong></span> <span class='ocrx_word' id='word_1_98' title='bbox 1252 1720 1319 1763; x_wconf 89' lang='lat' dir='ltr'><strong>non</strong></span> <span class='ocrx_word' id='word_1_99' title='bbox 1340 1712 1514 1765; x_wconf 84' lang='lat' dir='ltr'><strong>uacarent.</strong></span> 
     </span>
     <span class='ocr_line' id='line_1_13' title="bbox 285 1802 1513 1891; baseline 0.002 -22"><span class='ocrx_word' id='word_1_100' title='bbox 285 1803 356 1869; x_wconf 83' lang='lat' dir='ltr'><strong>Sed</strong></span> <span class='ocrx_word' id='word_1_101' title='bbox 370 1805 510 1868; x_wconf 90' lang='lat' dir='ltr'><strong>uiderint</strong></span> <span class='ocrx_word' id='word_1_102' title='bbox 520 1802 673 1868; x_wconf 84' lang='lat' dir='ltr'><strong>Athenae</strong></span> <span class='ocrx_word' id='word_1_103' title='bbox 687 1816 793 1867; x_wconf 90' lang='lat' dir='ltr'><strong>utrum</strong></span> <span class='ocrx_word' id='word_1_104' title='bbox 809 1803 1015 1867; x_wconf 85' lang='lat' dir='ltr'><strong>Alcibiadem</strong></span> <span class='ocrx_word' id='word_1_105' title='bbox 1028 1803 1245 1869; x_wconf 86' lang='lat' dir='ltr'><strong>lamententur</strong></span> <span class='ocrx_word' id='word_1_106' title='bbox 1259 1826 1303 1869; x_wconf 91' lang='lat' dir='ltr'><strong>an</strong></span> <span class='ocrx_word' id='word_1_107' title='bbox 1319 1802 1513 1891; x_wconf 75' lang='lat' dir='ltr'><strong>glorientur,</strong></span> 
     </span>
     <span class='ocr_line' id='line_1_14' title="bbox 286 1906 1511 1995; baseline 0.004 -23"><span class='ocrx_word' id='word_1_108' title='bbox 286 1911 445 1995; x_wconf 85' lang='lat' dir='ltr'><strong>quoniam</strong></span> <span class='ocrx_word' id='word_1_109' title='bbox 475 1908 582 1973; x_wconf 85' lang='lat' dir='ltr'><strong>adhuc</strong></span> <span class='ocrx_word' id='word_1_110' title='bbox 612 1911 695 1973; x_wconf 86' lang='lat' dir='ltr'><strong>inter</strong></span> <span class='ocrx_word' id='word_1_111' title='bbox 729 1909 988 1975; x_wconf 73' lang='lat' dir='ltr'><strong>exsecrationem</strong></span> <span class='ocrx_word' id='word_1_112' title='bbox 1021 1906 1164 1976; x_wconf 89' lang='lat' dir='ltr'><strong>hominis</strong></span> <span class='ocrx_word' id='word_1_113' title='bbox 1199 1922 1231 1973; x_wconf 90' lang='lat' dir='ltr'><strong>et</strong></span> <span class='ocrx_word' id='word_1_114' title='bbox 1257 1908 1511 1979; x_wconf 87' lang='lat' dir='ltr'><strong>admirationem</strong></span> 
     </span>
     <span class='ocr_line' id='line_1_15' title="bbox 286 2014 876 2081; baseline 0.003 -4"><span class='ocrx_word' id='word_1_115' title='bbox 286 2014 385 2081; x_wconf 88' lang='lat' dir='ltr'><strong>dubio</strong></span> <span class='ocrx_word' id='word_1_116' title='bbox 406 2017 525 2081; x_wconf 87' lang='lat' dir='ltr'><strong>mentis</strong></span> <span class='ocrx_word' id='word_1_117' title='bbox 548 2014 671 2079; x_wconf 91' lang='lat' dir='ltr'><strong>iudicio</strong></span> <span class='ocrx_word' id='word_1_118' title='bbox 694 2014 876 2079; x_wconf 89' lang='lat' dir='ltr'><strong>fluctuatur.</strong></span> 
     </span>
    </p>
   </div>
   <div class='ocr_carea' id='block_1_3' title="bbox 232 2741 1543 3030">
    <p class='ocr_par' dir='ltr' id='par_1_3' title="bbox 232 2741 1543 3030">
     <span class='ocr_line' id='line_1_16' title="bbox 232 2741 1543 2838; baseline 0.014 -30"><span class='ocrx_word' id='word_1_119' title='bbox 232 2741 273 2810; x_wconf 92' lang='lat' dir='ltr'><strong>ll.</strong></span> <span class='ocrx_word' id='word_1_120' title='bbox 370 2749 442 2817; x_wconf 89' lang='lat' dir='ltr'><strong>Nos</strong></span> <span class='ocrx_word' id='word_1_121' title='bbox 458 2754 536 2838; x_wconf 86' lang='lat' dir='ltr'><strong>quia</strong></span> <span class='ocrx_word' id='word_1_122' title='bbox 548 2755 616 2820; x_wconf 91' lang='lat' dir='ltr'><strong>iam</strong></span> <span class='ocrx_word' id='word_1_123' title='bbox 637 2756 730 2818; x_wconf 89' lang='lat' dir='ltr'><strong>initia</strong></span> <span class='ocrx_word' id='word_1_124' title='bbox 743 2774 987 2838; x_wconf 83' lang='lat' dir='ltr'><strong>procursusque</strong></span> <span class='ocrx_word' id='word_1_125' title='bbox 1002 2755 1128 2818; x_wconf 87' lang='lat' dir='ltr'><strong>uirtutis</strong></span> <span class='ocrx_word' id='word_1_126' title='bbox 1144 2753 1369 2838; x_wconf 81' lang='lat' dir='ltr'><strong>patefecimus,</strong></span> <span class='ocrx_word' id='word_1_127' title='bbox 1392 2767 1505 2826; x_wconf 83' lang='lat' dir='ltr'><strong>actum</strong></span> <span class='ocrx_word' id='word_1_128' title='bbox 1515 2785 1543 2830; x_wconf 75' lang='lat' dir='ltr'><strong>ts</strong></span> 
     </span>
     <span class='ocr_line' id='line_1_17' title="bbox 281 2859 1504 2944; baseline 0.007 -22"><span class='ocrx_word' id='word_1_129' title='bbox 281 2860 391 2942; x_wconf 83' lang='lat' dir='ltr'><strong>ipsum</strong></span> <span class='ocrx_word' id='word_1_130' title='bbox 418 2877 669 2943; x_wconf 85' lang='lat' dir='ltr'><strong>persequemur,</strong></span> <span class='ocrx_word' id='word_1_131' title='bbox 701 2861 792 2924; x_wconf 91' lang='lat' dir='ltr'><strong>cuius</strong></span> <span class='ocrx_word' id='word_1_132' title='bbox 823 2859 1110 2944; x_wconf 88' lang='lat' dir='ltr'><strong>ponderosissima</strong></span> <span class='ocrx_word' id='word_1_133' title='bbox 1136 2860 1189 2924; x_wconf 89' lang='lat' dir='ltr'><strong>uis</strong></span> <span class='ocrx_word' id='word_1_134' title='bbox 1220 2869 1252 2924; x_wconf 92' lang='lat' dir='ltr'><strong>et</strong></span> <span class='ocrx_word' id='word_1_135' title='bbox 1279 2861 1504 2930; x_wconf 86' lang='lat' dir='ltr'><strong>efficacissimi</strong></span> 
     </span>
     <span class='ocr_line' id='line_1_18' title="bbox 280 2961 874 3030; baseline 0.008 -5"><span class='ocrx_word' id='word_1_136' title='bbox 280 2961 395 3026; x_wconf 84' lang='lat' dir='ltr'><strong>lacerti</strong></span> <span class='ocrx_word' id='word_1_137' title='bbox 414 2963 451 3026; x_wconf 93' lang='lat' dir='ltr'><strong>in</strong></span> <span class='ocrx_word' id='word_1_138' title='bbox 471 2962 658 3028; x_wconf 78' lang='lat' dir='ltr'><strong>fortitudine</strong></span> <span class='ocrx_word' id='word_1_139' title='bbox 681 2966 874 3030; x_wconf 88' lang='lat' dir='ltr'><strong>consistunt.</strong></span> 
     </span>
    </p>
   </div>
   <div class='ocr_carea' id='block_1_4' title="bbox 692 3083 1081 3207">
    <p class='ocr_par' dir='ltr' id='par_1_4' title="bbox 692 3083 1081 3207">
     <span class='ocr_line' id='line_1_19' title="bbox 692 3083 1081 3207; baseline 0 -2"><span class='ocrx_word' id='word_1_140' title='bbox 692 3140 752 3205; x_wconf 84' lang='lat' dir='ltr'><strong>DE</strong></span> <span class='ocrx_word' id='word_1_141' title='bbox 775 3083 1081 3207; x_wconf 79' lang='lat' dir='ltr'><strong>FOR&#39;lll&#39;VDlNll.</strong></span> 
     </span>
    </p>
   </div>
   <div class='ocr_carea' id='block_1_5' title="bbox 278 3253 1541 3480">
    <p class='ocr_par' dir='ltr' id='par_1_5' title="bbox 278 3253 1541 3480">
     <span class='ocr_line' id='line_1_20' title="bbox 368 3253 1501 3372; baseline 0.01 -29"><span class='ocrx_word' id='word_1_142' title='bbox 368 3276 439 3343; x_wconf 90' lang='lat' dir='ltr'><strong>Nec</strong></span> <span class='ocrx_word' id='word_1_143' title='bbox 466 3299 520 3343; x_wconf 91' lang='lat' dir='ltr'><strong>me</strong></span> <span class='ocrx_word' id='word_1_144' title='bbox 542 3284 706 3365; x_wconf 81' lang='lat' dir='ltr'><strong>praeterit,</strong></span> <span class='ocrx_word' id='word_1_145' title='bbox 734 3283 882 3347; x_wconf 89' lang='lat' dir='ltr'><strong>conditor</strong></span> <span class='ocrx_word' id='word_1_146' title='bbox 909 3283 1001 3348; x_wconf 87' lang='lat' dir='ltr'><strong>urbis</strong></span> <span class='ocrx_word' id='word_1_147' title='bbox 1025 3253 1172 3361; x_wconf 75' lang='lat' dir='ltr'><strong>nostrae,</strong></span> <span class='ocrx_word' id='word_1_148' title='bbox 1202 3285 1356 3362; x_wconf 88' lang='lat' dir='ltr'><strong>Romule,</strong></span> <span class='ocrx_word' id='word_1_149' title='bbox 1379 3288 1501 3372; x_wconf 88' lang='lat' dir='ltr'><strong>prinei-</strong></span> 
     </span>
     <span class='ocr_line' id='line_1_21' title="bbox 278 3383 1541 3480; baseline 0.009 -32"><span class='ocrx_word' id='word_1_150' title='bbox 278 3393 391 3468; x_wconf 84' lang='lat' dir='ltr'><strong>patum</strong></span> <span class='ocrx_word' id='word_1_151' title='bbox 412 3383 477 3449; x_wconf 90' lang='lat' dir='ltr'><strong>hoc</strong></span> <span class='ocrx_word' id='word_1_152' title='bbox 500 3386 558 3451; x_wconf 91' lang='lat' dir='ltr'><strong>tibi</strong></span> <span class='ocrx_word' id='word_1_153' title='bbox 579 3389 614 3453; x_wconf 95' lang='lat' dir='ltr'><strong>in</strong></span> <span class='ocrx_word' id='word_1_154' title='bbox 630 3411 752 3476; x_wconf 82' lang='lat' dir='ltr'><strong>genere</strong></span> <span class='ocrx_word' id='word_1_155' title='bbox 773 3389 881 3454; x_wconf 88' lang='lat' dir='ltr'><strong>laudis</strong></span> <span class='ocrx_word' id='word_1_156' title='bbox 906 3391 1072 3475; x_wconf 83' lang='lat' dir='ltr'><strong>assignari</strong></span> <span class='ocrx_word' id='word_1_157' title='bbox 1086 3405 1246 3477; x_wconf 87' lang='lat' dir='ltr'><strong>oportere.</strong></span> <span class='ocrx_word' id='word_1_158' title='bbox 1284 3391 1353 3458; x_wconf 89' lang='lat' dir='ltr'><strong>Sed</strong></span> <span class='ocrx_word' id='word_1_159' title='bbox 1374 3407 1541 3480; x_wconf 58' lang='lat' dir='ltr'><strong>patorem</strong></span> 
     </span>
    </p>
   </div>
   <div class='ocr_carea' id='block_1_6' title="bbox 279 3489 1499 3633">
    <p class='ocr_par' dir='ltr' id='par_1_6' title="bbox 279 3489 1499 3633">
     <span class='ocr_line' id='line_1_22' title="bbox 279 3489 1499 3586; baseline 0.01 -31"><span class='ocrx_word' id='word_1_160' title='bbox 279 3489 434 3567; x_wconf 89' lang='lat' dir='ltr'><strong>obsecro,</strong></span> <span class='ocrx_word' id='word_1_161' title='bbox 462 3515 527 3557; x_wconf 93' lang='lat' dir='ltr'><strong>uno</strong></span> <span class='ocrx_word' id='word_1_162' title='bbox 557 3507 587 3557; x_wconf 89' lang='lat' dir='ltr'><strong>tc</strong></span> <span class='ocrx_word' id='word_1_163' title='bbox 609 3498 776 3582; x_wconf 85' lang='lat' dir='ltr'><strong>praecurri</strong></span> <span class='ocrx_word' id='word_1_164' title='bbox 800 3495 963 3580; x_wconf 86' lang='lat' dir='ltr'><strong>exemp10,</strong></span> <span class='ocrx_word' id='word_1_165' title='bbox 987 3497 1039 3560; x_wconf 91' lang='lat' dir='ltr'><strong>cui</strong></span> <span class='ocrx_word' id='word_1_166' title='bbox 1063 3500 1187 3584; x_wconf 90' lang='lat' dir='ltr'><strong>etipse</strong></span> <span class='ocrx_word' id='word_1_167' title='bbox 1211 3497 1415 3586; x_wconf 83' lang='lat' dir='ltr'><strong>aliquantum</strong></span> <span class='ocrx_word' id='word_1_168' title='bbox 1437 3500 1499 3567; x_wconf 90' lang='lat' dir='ltr'><strong>ho·</strong></span> 
     </span>
     <span class='ocr_line' id='line_1_23' title="bbox 781 3605 994 3633; baseline 0 0"><span class='ocrx_word' id='word_1_169' title='bbox 781 3605 994 3633; x_wconf 39' lang='grc' dir='ltr'><strong>-μη</strong></span> 
     </span>
    </p>
   </div>
   <div class='ocr_carea' id='block_1_7' title="bbox 272 3665 1499 4298">
    <p class='ocr_par' dir='ltr' id='par_1_7' title="bbox 272 3665 1499 4298">
     <span class='ocr_line' id='line_1_24' title="bbox 280 3665 1498 3748; baseline 0.013 -32"><span class='ocrx_word' id='word_1_170' title='bbox 280 3665 304 3716; x_wconf 91' lang='grc'><strong>1.</strong></span> <span class='ocrx_word' id='word_1_171' title='bbox 322 3666 386 3732; x_wconf 82' lang='lat' dir='ltr'><strong>illia]</strong></span> <span class='ocrx_word' id='word_1_172' title='bbox 406 3667 435 3717; x_wconf 73' lang='lat' dir='ltr'><strong>ia</strong></span> <span class='ocrx_word' id='word_1_173' title='bbox 451 3683 550 3720; x_wconf 72' lang='lat' dir='ltr'><strong>rosera</strong></span> <span class='ocrx_word' id='word_1_174' title='bbox 568 3669 597 3722; x_wconf 84' lang='grc'><strong>0.</strong></span> <span class='ocrx_word' id='word_1_175' title='bbox 615 3673 661 3722; x_wconf 87' lang='lat' dir='ltr'><strong>ille</strong></span> <span class='ocrx_word' id='word_1_176' title='bbox 678 3669 704 3722; x_wconf 98' lang='grc' dir='ltr'><em>Β</em></span> <span class='ocrx_word' id='word_1_177' title='bbox 721 3677 748 3722; x_wconf 79' lang='lat' dir='ltr'><strong>et</strong></span> <span class='ocrx_word' id='word_1_178' title='bbox 760 3687 805 3739; x_wconf 83' lang='lat' dir='ltr'><strong>pr.</strong></span> <span class='ocrx_word' id='word_1_179' title='bbox 822 3670 855 3723; x_wconf 82' lang='grc' dir='ltr'><strong>Δ.</strong></span> <span class='ocrx_word' id='word_1_180' title='bbox 873 3674 927 3723; x_wconf 89' lang='lat' dir='ltr'><strong>illic</strong></span> <span class='ocrx_word' id='word_1_181' title='bbox 945 3669 971 3724; x_wconf 79' lang='grc' dir='ltr'><em>Γ</em></span> <span class='ocrx_word' id='word_1_182' title='bbox 986 3678 1011 3724; x_wconf 83' lang='lat' dir='ltr'><strong>et</strong></span> <span class='ocrx_word' id='word_1_183' title='bbox 1029 3687 1098 3725; x_wconf 83' lang='lat' dir='ltr'><strong>corr.</strong></span> <span class='ocrx_word' id='word_1_184' title='bbox 1113 3672 1151 3726; x_wconf 90' lang='lat' dir='ltr'><strong>D.</strong></span> <span class='ocrx_word' id='word_1_185' title='bbox 1168 3674 1269 3728; x_wconf 72' lang='lat' dir='ltr'><strong>incerto</strong></span> <span class='ocrx_word' id='word_1_186' title='bbox 1281 3691 1328 3744; x_wconf 80' lang='lat' dir='ltr'><strong>pr.</strong></span> <span class='ocrx_word' id='word_1_187' title='bbox 1346 3675 1384 3729; x_wconf 88' lang='lat' dir='ltr'><strong>D.</strong></span> <span class='ocrx_word' id='word_1_188' title='bbox 1398 3675 1411 3748; x_wconf 92' lang='grc' dir='ltr'><strong>ΙΙ</strong></span> <span class='ocrx_word' id='word_1_189' title='bbox 1426 3681 1498 3732; x_wconf 83' lang='lat' dir='ltr'><strong>euim</strong></span> 
     </span>
     <span class='ocr_line' id='line_1_25' title="bbox 278 3735 1498 3814; baseline 0.015 -29"><span class='ocrx_word' id='word_1_190' title='bbox 278 3749 327 3785; x_wconf 77' lang='lat' dir='ltr'><strong>our.</strong></span> <span class='ocrx_word' id='word_1_191' title='bbox 340 3750 387 3801; x_wconf 78' lang='lat' dir='ltr'><strong>pr.</strong></span> <span class='ocrx_word' id='word_1_192' title='bbox 404 3735 502 3803; x_wconf 61' lang='grc'><strong>11112</strong></span> <span class='ocrx_word' id='word_1_193' title='bbox 521 3742 564 3790; x_wconf 85' lang='lat' dir='ltr'><strong>hic</strong></span> <span class='ocrx_word' id='word_1_194' title='bbox 580 3738 701 3793; x_wconf 82' lang='grc' dir='ltr'><em>ΑΒΒΓ</em></span> <span class='ocrx_word' id='word_1_195' title='bbox 716 3748 743 3793; x_wconf 84' lang='lat' dir='ltr'><strong>et</strong></span> <span class='ocrx_word' id='word_1_196' title='bbox 754 3758 800 3810; x_wconf 80' lang='lat' dir='ltr'><strong>pr.</strong></span> <span class='ocrx_word' id='word_1_197' title='bbox 815 3740 843 3795; x_wconf 82' lang='grc'><strong>0.</strong></span> <span class='ocrx_word' id='word_1_198' title='bbox 855 3741 869 3808; x_wconf 90' lang='grc' dir='ltr'><strong>ΙΙ</strong></span> <span class='ocrx_word' id='word_1_199' title='bbox 880 3743 1007 3806; x_wconf 83' lang='lat' dir='ltr'><strong>periclem</strong></span> <span class='ocrx_word' id='word_1_200' title='bbox 1024 3741 1141 3798; x_wconf 81' lang='grc' dir='ltr'><em>ΒΟΒΒ</em></span> <span class='ocrx_word' id='word_1_201' title='bbox 1153 3745 1216 3798; x_wconf 78' lang='lat' dir='ltr'><strong>Per.</strong></span> <span class='ocrx_word' id='word_1_202' title='bbox 1230 3745 1307 3798; x_wconf 77' lang='lat' dir='ltr'><strong>Tot-r.</strong></span> <span class='ocrx_word' id='word_1_203' title='bbox 1318 3745 1333 3814; x_wconf 92' lang='grc' dir='ltr'><strong>ΙΙ</strong></span> <span class='ocrx_word' id='word_1_204' title='bbox 1344 3745 1370 3801; x_wconf 86' lang='grc'><strong>3.</strong></span> <span class='ocrx_word' id='word_1_205' title='bbox 1389 3756 1498 3802; x_wconf 83' lang='lat' dir='ltr'><strong>secreto</strong></span> 
     </span>
     <span class='ocr_line' id='line_1_26' title="bbox 277 3802 1498 3880; baseline 0.017 -28"><span class='ocrx_word' id='word_1_206' title='bbox 277 3819 327 3854; x_wconf 70' lang='lat' dir='ltr'><strong>om.</strong></span> <span class='ocrx_word' id='word_1_207' title='bbox 344 3802 377 3853; x_wconf 81' lang='grc' dir='ltr'><strong>Γ.</strong></span> <span class='ocrx_word' id='word_1_208' title='bbox 391 3803 444 3871; x_wconf 77' lang='grc'><strong>114.</strong></span> <span class='ocrx_word' id='word_1_209' title='bbox 462 3809 644 3862; x_wconf 79' lang='lat' dir='ltr'><strong>contusionem</strong></span> <span class='ocrx_word' id='word_1_210' title='bbox 664 3814 692 3862; x_wconf 88' lang='lat' dir='ltr'><strong>in</strong></span> <span class='ocrx_word' id='word_1_211' title='bbox 715 3815 790 3863; x_wconf 89' lang='lat' dir='ltr'><strong>uultu</strong></span> <span class='ocrx_word' id='word_1_212' title='bbox 807 3811 839 3865; x_wconf 83' lang='grc' dir='ltr'><strong>Γ.</strong></span> <span class='ocrx_word' id='word_1_213' title='bbox 850 3813 865 3880; x_wconf 85' lang='grc' dir='ltr'><strong>ΙΙ</strong></span> <span class='ocrx_word' id='word_1_214' title='bbox 876 3809 902 3865; x_wconf 85' lang='grc'><strong>5.</strong></span> <span class='ocrx_word' id='word_1_215' title='bbox 915 3817 1041 3866; x_wconf 81' lang='lat' dir='ltr'><strong>mandato</strong></span> <span class='ocrx_word' id='word_1_216' title='bbox 1058 3812 1289 3870; x_wconf 65' lang='lat' dir='ltr'><strong>nonarum.</strong></span> <span class='ocrx_word' id='word_1_217' title='bbox 1313 3815 1348 3869; x_wconf 86' lang='lat' dir='ltr'><strong>Vt</strong></span> <span class='ocrx_word' id='word_1_218' title='bbox 1358 3835 1406 3872; x_wconf 73' lang='lat' dir='ltr'><strong>noa</strong></span> <span class='ocrx_word' id='word_1_219' title='bbox 1417 3820 1498 3873; x_wconf 69' lang='lat' dir='ltr'><strong>etiam</strong></span> 
     </span>
     <span class='ocr_line' id='line_1_27' title="bbox 275 3869 1497 3955; baseline 0.016 -32"><span class='ocrx_word' id='word_1_220' title='bbox 275 3871 339 3924; x_wconf 84' lang='lat' dir='ltr'><strong>Par.</strong></span> <span class='ocrx_word' id='word_1_221' title='bbox 361 3869 510 3940; x_wconf 76' lang='lat' dir='ltr'><strong>lpropulea</strong></span> <span class='ocrx_word' id='word_1_222' title='bbox 526 3877 555 3928; x_wconf 74' lang='lat' dir='ltr'><strong>in</strong></span> <span class='ocrx_word' id='word_1_223' title='bbox 572 3895 669 3932; x_wconf 72' lang='lat' dir='ltr'><strong>roura</strong></span> <span class='ocrx_word' id='word_1_224' title='bbox 686 3880 746 3934; x_wconf 81' lang='lat' dir='ltr'><strong>Ac.</strong></span> <span class='ocrx_word' id='word_1_225' title='bbox 771 3884 886 3948; x_wconf 83' lang='lat' dir='ltr'><strong>propyla</strong></span> <span class='ocrx_word' id='word_1_226' title='bbox 909 3880 1006 3937; x_wconf 83' lang='grc' dir='ltr'><em>ΒΒΓ.</em></span> <span class='ocrx_word' id='word_1_227' title='bbox 1039 3881 1292 3954; x_wconf 76' lang='lat' dir='ltr'><strong>Vtaorl’ar.11il.</strong></span> <span class='ocrx_word' id='word_1_228' title='bbox 1311 3892 1497 3955; x_wconf 71' lang='lat' dir='ltr'><strong>amplissimus</strong></span> 
     </span>
     <span class='ocr_line' id='line_1_28' title="bbox 276 3944 1499 4080; baseline 0.02 -89"><span class='ocrx_word' id='word_1_229' title='bbox 276 3944 317 3992; x_wconf 86' lang='lat' dir='ltr'><strong>uir</strong></span> <span class='ocrx_word' id='word_1_230' title='bbox 363 3944 445 4010; x_wconf 76' lang='lat' dir='ltr'><strong>,lletl</strong></span> <span class='ocrx_word' id='word_1_231' title='bbox 464 3950 545 4009; x_wconf 81' lang='lat' dir='ltr'><strong>atquc</strong></span> <span class='ocrx_word' id='word_1_232' title='bbox 565 3946 666 4016; x_wconf 69' lang='lat' dir='ltr'><strong>Tomi!</strong></span> <span class='ocrx_word' id='word_1_233' title='bbox 681 3949 721 4003; x_wconf 87' lang='grc'><strong>10.</strong></span> <span class='ocrx_word' id='word_1_234' title='bbox 737 3956 815 4016; x_wconf 84' lang='lat' dir='ltr'><strong>pueri</strong></span> <span class='ocrx_word' id='word_1_235' title='bbox 833 3948 943 4018; x_wconf 61' lang='grc'><strong>111112.</strong></span> <span class='ocrx_word' id='word_1_236' title='bbox 962 3955 1138 4006; x_wconf 78' lang='lat' dir='ltr'><strong>nlchibiadem</strong></span> <span class='ocrx_word' id='word_1_237' title='bbox 1155 3972 1200 4024; x_wconf 81' lang='lat' dir='ltr'><strong>pr.</strong></span> <span class='ocrx_word' id='word_1_238' title='bbox 1218 3957 1499 4080; x_wconf 36' lang='lat' dir='ltr'><strong>Aqlarnentarentur</strong></span> 
     </span>
     <span class='ocr_line' id='line_1_29' title="bbox 275 4008 1497 4094; baseline 0.019 -34"><span class='ocrx_word' id='word_1_239' title='bbox 275 4008 308 4064; x_wconf 92' lang='grc' dir='ltr'><strong>Β.</strong></span> <span class='ocrx_word' id='word_1_240' title='bbox 323 4013 336 4093; x_wconf 67' lang='grc' dir='ltr'><strong>[Ι</strong></span> <span class='ocrx_word' id='word_1_241' title='bbox 352 4008 393 4064; x_wconf 81' lang='grc'><strong>15.</strong></span> <span class='ocrx_word' id='word_1_242' title='bbox 413 4013 481 4081; x_wconf 84' lang='lat' dir='ltr'><strong>Nos]</strong></span> <span class='ocrx_word' id='word_1_243' title='bbox 496 4019 655 4084; x_wconf 72' lang='lat' dir='ltr'><strong>praeponit</strong></span> <span class='ocrx_word' id='word_1_244' title='bbox 670 4020 866 4090; x_wconf 64' lang='lat' dir='ltr'><strong>inruptionem</strong></span> <span class='ocrx_word' id='word_1_245' title='bbox 883 4023 924 4074; x_wconf 86' lang='lat' dir='ltr'><strong>De</strong></span> <span class='ocrx_word' id='word_1_246' title='bbox 943 4025 1093 4076; x_wconf 80' lang='lat' dir='ltr'><strong>tortitudine</strong></span> <span class='ocrx_word' id='word_1_247' title='bbox 1113 4025 1191 4078; x_wconf 83' lang='lat' dir='ltr'><strong>Torr.</strong></span> <span class='ocrx_word' id='word_1_248' title='bbox 1204 4027 1216 4094; x_wconf 84' lang='grc' dir='ltr'><strong>ΙΙ</strong></span> <span class='ocrx_word' id='word_1_249' title='bbox 1241 4027 1250 4080; x_wconf 96' lang='lat' dir='ltr'><strong>l</strong></span> <span class='ocrx_word' id='word_1_250' title='bbox 1298 4045 1497 4094; x_wconf 83' lang='lat' dir='ltr'><strong>prosequamur</strong></span> 
     </span>
     <span class='ocr_line' id='line_1_30' title="bbox 273 4082 1494 4169; baseline 0.02 -38"><span class='ocrx_word' id='word_1_251' title='bbox 273 4085 372 4148; x_wconf 69' lang='grc' dir='ltr'><strong>(ρηηια</strong></span> <span class='ocrx_word' id='word_1_252' title='bbox 388 4082 490 4150; x_wconf 61' lang='lat' dir='ltr'><strong>muodo</strong></span> <span class='ocrx_word' id='word_1_253' title='bbox 507 4087 536 4137; x_wconf 76' lang='lat' dir='ltr'><strong>in</strong></span> <span class='ocrx_word' id='word_1_254' title='bbox 552 4097 660 4147; x_wconf 74' lang='lat' dir='ltr'><strong>recuro)</strong></span> <span class='ocrx_word' id='word_1_255' title='bbox 676 4089 713 4150; x_wconf 90' lang='lat' dir='ltr'><strong>D,</strong></span> <span class='ocrx_word' id='word_1_256' title='bbox 735 4091 812 4145; x_wconf 80' lang='lat' dir='ltr'><strong>Torr.</strong></span> <span class='ocrx_word' id='word_1_257' title='bbox 829 4109 1023 4158; x_wconf 84' lang='lat' dir='ltr'><strong>prosequemur</strong></span> <span class='ocrx_word' id='word_1_258' title='bbox 1040 4094 1074 4148; x_wconf 84' lang='grc' dir='ltr'><strong>Β.</strong></span> <span class='ocrx_word' id='word_1_259' title='bbox 1086 4095 1100 4162; x_wconf 83' lang='grc' dir='ltr'><strong>ΙΙ</strong></span> <span class='ocrx_word' id='word_1_260' title='bbox 1119 4093 1160 4150; x_wconf 87' lang='grc'><strong>18.</strong></span> <span class='ocrx_word' id='word_1_261' title='bbox 1179 4098 1225 4148; x_wconf 82' lang='grc' dir='ltr'><strong>ΒΕ</strong></span> <span class='ocrx_word' id='word_1_262' title='bbox 1243 4099 1494 4169; x_wconf 75' lang='lat' dir='ltr'><strong>roumvntmt]</strong></span> 
     </span>
     <span class='ocr_line' id='line_1_31' title="bbox 275 4151 1495 4238; baseline 0.017 -35"><span class='ocrx_word' id='word_1_263' title='bbox 275 4167 325 4206; x_wconf 77' lang='lat' dir='ltr'><strong>our.</strong></span> <span class='ocrx_word' id='word_1_264' title='bbox 342 4152 367 4206; x_wconf 74' lang='grc'><strong>1.</strong></span> <span class='ocrx_word' id='word_1_265' title='bbox 386 4151 404 4205; x_wconf 90' lang='grc'><strong>1.</strong></span> <span class='ocrx_word' id='word_1_266' title='bbox 425 4152 501 4208; x_wconf 82' lang='lat' dir='ltr'><strong>Torr.</strong></span> <span class='ocrx_word' id='word_1_267' title='bbox 515 4160 528 4223; x_wconf 85' lang='grc' dir='ltr'><strong>ΙΙ</strong></span> <span class='ocrx_word' id='word_1_268' title='bbox 544 4153 584 4211; x_wconf 79' lang='lat' dir='ltr'><strong>tt.</strong></span> <span class='ocrx_word' id='word_1_269' title='bbox 607 4161 664 4211; x_wconf 85' lang='lat' dir='ltr'><strong>Nec</strong></span> <span class='ocrx_word' id='word_1_270' title='bbox 682 4190 717 4200; x_wconf 93' lang='lat'><em>-</em></span> <span class='ocrx_word' id='word_1_271' title='bbox 740 4165 780 4230; x_wconf 80' lang='lat' dir='ltr'><strong>(p.</strong></span> <span class='ocrx_word' id='word_1_272' title='bbox 803 4160 871 4222; x_wconf 76' lang='lat'><strong>245,</strong></span> <span class='ocrx_word' id='word_1_273' title='bbox 899 4162 937 4230; x_wconf 78' lang='grc'><strong>2.)</strong></span> <span class='ocrx_word' id='word_1_274' title='bbox 961 4167 1124 4220; x_wconf 76' lang='lat' dir='ltr'><strong>dilaberetur</strong></span> <span class='ocrx_word' id='word_1_275' title='bbox 1147 4183 1196 4222; x_wconf 82' lang='lat' dir='ltr'><strong>om.</strong></span> <span class='ocrx_word' id='word_1_276' title='bbox 1216 4166 1247 4224; x_wconf 79' lang='grc' dir='ltr'><strong>Γ.</strong></span> <span class='ocrx_word' id='word_1_277' title='bbox 1267 4167 1280 4238; x_wconf 87' lang='grc' dir='ltr'><strong>ΙΙ</strong></span> <span class='ocrx_word' id='word_1_278' title='bbox 1299 4175 1427 4237; x_wconf 82' lang='lat' dir='ltr'><strong>praeterit</strong></span> <span class='ocrx_word' id='word_1_279' title='bbox 1450 4189 1495 4224; x_wconf 90' lang='lat' dir='ltr'><strong>me</strong></span> 
     </span>
     <span class='ocr_line' id='line_1_32' title="bbox 272 4220 985 4298; baseline 0.017 -24"><span class='ocrx_word' id='word_1_280' title='bbox 272 4220 350 4287; x_wconf 81' lang='lat' dir='ltr'><em>(BE)</em></span> <span class='ocrx_word' id='word_1_281' title='bbox 358 4223 512 4294; x_wconf 59' lang='lat' dir='ltr'><strong>Terruit).</strong></span> <span class='ocrx_word' id='word_1_282' title='bbox 531 4228 594 4296; x_wconf 89' lang='lat' dir='ltr'><strong>hoc]</strong></span> <span class='ocrx_word' id='word_1_283' title='bbox 609 4236 674 4298; x_wconf 79' lang='lat' dir='ltr'><strong>port</strong></span> <span class='ocrx_word' id='word_1_284' title='bbox 688 4235 736 4284; x_wconf 86' lang='lat' dir='ltr'><strong>tibi</strong></span> <span class='ocrx_word' id='word_1_285' title='bbox 756 4231 833 4286; x_wconf 82' lang='lat' dir='ltr'><strong>Torr.</strong></span> <span class='ocrx_word' id='word_1_286' title='bbox 851 4236 930 4286; x_wconf 82' lang='lat' dir='ltr'><strong>nutus</strong></span> <span class='ocrx_word' id='word_1_287' title='bbox 948 4235 985 4290; x_wconf 82' lang='grc' dir='ltr'><strong>Β.</strong></span> 
     </span>
    </p>
   </div>
   <div class='ocr_carea' id='block_1_8' title="bbox 269 4384 1494 4600">
    <p class='ocr_par' dir='ltr' id='par_1_8' title="bbox 269 4384 1494 4600">
     <span class='ocr_line' id='line_1_33' title="bbox 343 4384 1494 4459; baseline 0.015 -20"><span class='ocrx_word' id='word_1_288' title='bbox 343 4384 498 4440; x_wconf 64' lang='lat' dir='ltr'><strong>mercum</strong></span> <span class='ocrx_word' id='word_1_289' title='bbox 514 4396 599 4450; x_wconf 57' lang='lat' dir='ltr'><strong>ruam)</strong></span> <span class='ocrx_word' id='word_1_290' title='bbox 625 4393 665 4444; x_wconf 81' lang='lat' dir='ltr'><strong>ct.</strong></span> <span class='ocrx_word' id='word_1_291' title='bbox 683 4391 761 4446; x_wconf 83' lang='lat' dir='ltr'><strong>Diod.</strong></span> <span class='ocrx_word' id='word_1_292' title='bbox 778 4393 838 4452; x_wconf 76' lang='grc' dir='ltr'><strong>ΧΠ,</strong></span> <span class='ocrx_word' id='word_1_293' title='bbox 856 4388 901 4446; x_wconf 82' lang='grc'><strong>38.</strong></span> <span class='ocrx_word' id='word_1_294' title='bbox 919 4394 951 4446; x_wconf 81' lang='grc' dir='ltr'><strong>Δ.</strong></span> <span class='ocrx_word' id='word_1_295' title='bbox 970 4397 1038 4450; x_wconf 81' lang='lat' dir='ltr'><strong>Gell-</strong></span> <span class='ocrx_word' id='word_1_296' title='bbox 1054 4397 1114 4457; x_wconf 85' lang='lat' dir='ltr'><strong>XV,</strong></span> <span class='ocrx_word' id='word_1_297' title='bbox 1136 4396 1182 4459; x_wconf 82' lang='grc'><strong>17,</strong></span> <span class='ocrx_word' id='word_1_298' title='bbox 1204 4394 1228 4450; x_wconf 87' lang='lat' dir='ltr'><strong>l.</strong></span> <span class='ocrx_word' id='word_1_299' title='bbox 1257 4400 1404 4454; x_wconf 75' lang='lat' dir='ltr'><strong>Alcibiadis</strong></span> <span class='ocrx_word' id='word_1_300' title='bbox 1422 4419 1494 4456; x_wconf 74' lang='lat' dir='ltr'><strong>aun·</strong></span> 
     </span>
     <span class='ocr_line' id='line_1_34' title="bbox 271 4457 1493 4542; baseline 0.016 -36"><span class='ocrx_word' id='word_1_301' title='bbox 271 4457 423 4517; x_wconf 71' lang='lat' dir='ltr'><strong>maternus,</strong></span> <span class='ocrx_word' id='word_1_302' title='bbox 447 4459 603 4528; x_wconf 78' lang='lat' dir='ltr'><strong>Megaclea,</strong></span> <span class='ocrx_word' id='word_1_303' title='bbox 632 4467 660 4514; x_wconf 89' lang='lat' dir='ltr'><strong>et</strong></span> <span class='ocrx_word' id='word_1_304' title='bbox 677 4463 789 4522; x_wconf 77' lang='lat' dir='ltr'><strong>Periclis</strong></span> <span class='ocrx_word' id='word_1_305' title='bbox 807 4468 902 4524; x_wconf 80' lang='lat' dir='ltr'><strong>mater,</strong></span> <span class='ocrx_word' id='word_1_306' title='bbox 927 4467 1062 4536; x_wconf 79' lang='lat' dir='ltr'><strong>Ageriate,</strong></span> <span class='ocrx_word' id='word_1_307' title='bbox 1086 4470 1182 4522; x_wconf 82' lang='lat' dir='ltr'><strong>eodem</strong></span> <span class='ocrx_word' id='word_1_308' title='bbox 1199 4473 1276 4536; x_wconf 75' lang='lat' dir='ltr'><strong>petre</strong></span> <span class='ocrx_word' id='word_1_309' title='bbox 1299 4476 1382 4542; x_wconf 77' lang='lat' dir='ltr'><strong>geniti</strong></span> <span class='ocrx_word' id='word_1_310' title='bbox 1405 4478 1493 4528; x_wconf 71' lang='lat' dir='ltr'><strong>eram.</strong></span> 
     </span>
     <span class='ocr_line' id='line_1_35' title="bbox 269 4524 1493 4600; baseline 0.022 -27"><span class='ocrx_word' id='word_1_311' title='bbox 269 4524 364 4592; x_wconf 79' lang='lat' dir='ltr'><strong>ltaque</strong></span> <span class='ocrx_word' id='word_1_312' title='bbox 381 4531 453 4580; x_wconf 81' lang='lat' dir='ltr'><strong>recte</strong></span> <span class='ocrx_word' id='word_1_313' title='bbox 472 4532 574 4581; x_wconf 74' lang='lat' dir='ltr'><strong>dtrbttat</strong></span> <span class='ocrx_word' id='word_1_314' title='bbox 591 4533 767 4598; x_wconf 82' lang='lat' dir='ltr'><strong>Nipperdetua</strong></span> <span class='ocrx_word' id='word_1_315' title='bbox 790 4549 855 4586; x_wconf 89' lang='lat' dir='ltr'><strong>num</strong></span> <span class='ocrx_word' id='word_1_316' title='bbox 872 4537 991 4590; x_wconf 83' lang='lat' dir='ltr'><strong>Pericles</strong></span> <span class='ocrx_word' id='word_1_317' title='bbox 1008 4535 1155 4592; x_wconf 61' lang='lat' dir='ltr'><strong>Alcibiadis</strong></span> <span class='ocrx_word' id='word_1_318' title='bbox 1173 4544 1320 4594; x_wconf 74' lang='lat' dir='ltr'><strong>sumemus</strong></span> <span class='ocrx_word' id='word_1_319' title='bbox 1337 4545 1426 4599; x_wconf 78' lang='lat' dir='ltr'><strong>tuerit.</strong></span> <span class='ocrx_word' id='word_1_320' title='bbox 1451 4548 1493 4600; x_wconf 82' lang='lat' dir='ltr'><strong>ct</strong></span> 
     </span>
    </p>
   </div>
   <div class='ocr_carea' id='block_1_9' title="bbox 270 4596 1492 4718">
    <p class='ocr_par' dir='ltr' id='par_1_9' title="bbox 270 4596 1492 4718">
     <span class='ocr_line' id='line_1_36' title="bbox 270 4596 1492 4718; baseline 0.02 -72"><span class='ocrx_word' id='word_1_321' title='bbox 270 4596 400 4718; x_wconf 45' lang='lat' dir='ltr'><strong>Qut.</strong></span> <span class='ocrx_word' id='word_1_322' title='bbox 420 4600 454 4650; x_wconf 80' lang='lat' dir='ltr'><strong>ad</strong></span> <span class='ocrx_word' id='word_1_323' title='bbox 473 4601 550 4654; x_wconf 81' lang='lat' dir='ltr'><strong>Corn·</strong></span> <span class='ocrx_word' id='word_1_324' title='bbox 568 4601 635 4667; x_wconf 80' lang='lat' dir='ltr'><strong>Nep.</strong></span> <span class='ocrx_word' id='word_1_325' title='bbox 654 4599 784 4666; x_wconf 59' lang='lat' dir='ltr'><strong>Alunssss,</strong></span> <span class='ocrx_word' id='word_1_326' title='bbox 805 4603 829 4664; x_wconf 87' lang='lat'><strong>1,</strong></span> <span class='ocrx_word' id='word_1_327' title='bbox 853 4622 872 4656; x_wconf 78' lang='lat' dir='ltr'><strong>a</strong></span> <span class='ocrx_word' id='word_1_328' title='bbox 889 4621 942 4672; x_wconf 89' lang='lat' dir='ltr'><strong>quo</strong></span> <span class='ocrx_word' id='word_1_329' title='bbox 965 4609 1036 4662; x_wconf 73' lang='lat' dir='ltr'><strong>fuleo</strong></span> <span class='ocrx_word' id='word_1_330' title='bbox 1053 4611 1208 4668; x_wconf 67' lang='lat' dir='ltr'><strong>stultate·</strong></span> <span class='ocrx_word' id='word_1_331' title='bbox 1230 4613 1327 4668; x_wconf 70' lang='lat' dir='ltr'><strong>Pectat</strong></span> <span class='ocrx_word' id='word_1_332' title='bbox 1349 4615 1492 4687; x_wconf 64' lang='lat' dir='ltr'><strong>mugnus</strong></span> 
     </span>
    </p>
   </div>
   <div class='ocr_carea' id='block_1_10' title="bbox 0 0 1710 5400">
    <p class='ocr_par' dir='ltr' id='par_1_10' title="bbox 0 0 1710 5400">
     <span class='ocr_line' id='line_1_37' title="bbox 0 0 1710 5400; baseline 0 9"><span class='ocrx_word' id='word_1_333' title='bbox 0 0 1710 5400; x_wconf 95' lang='lat' dir='ltr'><strong> </strong></span> 
     </span>
    </p>
   </div>
  </div>
 </body>
</html>
