3409 5400
627 476 711 547 LlB.
729 474 778 557 ·V‚
801 477 839 545 6.
862 478 896 557 2,
918 488 949 560 s.
974 481 1004 549 1.
1347 486 1421 554 eei

198 656 266 723 quo
296 633 494 703 Coriolanus
525 648 678 705 exoratus
707 640 831 718 fuerat,
859 638 1047 707 faciendam
1075 646 1216 721 curauit,
1234 650 1443 713 memorem'
1473 638 1480 645 ’

197 742 350 808 beneficii
373 743 519 809 animum
543 766 640 811 suum
663 748 824 835 exquisito
847 748 1018 837 religionis
1041 749 1127 815 cultu
1149 754 1312 820 testando.
1378 752 1383 759 ’

290 848 398 931 Quem
425 850 563 917 secundi
592 853 689 921 etiam
717 854 834 921 Punici
861 854 938 920 belli
959 866 1106 943 tempore
1130 857 1283 925 exhibuit
1341 863 1423 927 Cum

94 1040 95 1045 ἵ
201 958 288 1022 enim
311 978 333 1021 a
354 956 471 1022 Fuluio
496 957 612 1045 Capua
640 960 844 1026 obsideretur
872 984 913 1027 ac
941 964 1027 1028 duae
1052 963 1243 1051 Campanae
1269 968 1422 1033 mulieres

94 1068 96 1153 j
170 1062 455 1131 abeniuolentiam
491 1084 574 1154 erga
600 1068 773 1133 Romanos
808 1068 967 1133 dimittere
1000 1092 1041 1137 ex
1075 1074 1194 1144 animis
1230 1074 1423 1150 noluissent,

94 1162 95 1183 ²
200 1166 319 1237 Vestia
341 1168 450 1259 Oppia
471 1184 574 1239 muter
596 1173 740 1240 familiae
764 1184 796 1239 et
819 1174 940 1242 Cluuia
955 1176 1079 1243 Facula
1099 1182 1262 1257 meretrix,
1285 1200 1423 1267 quarum

94 1256 96 1291 ⁵
201 1277 304 1345 altera
326 1278 445 1344 cotidie
469 1302 527 1366 pro
544 1280 649 1347 salute
673 1284 832 1348 exercitus
849 1285 954 1349 nostri
969 1286 1179 1362 sacrificauit,
1201 1287 1305 1352 altera
1319 1288 1423 1373 captis

94 1468 96 1477 y
200 1386 358 1453 militibus
381 1384 607 1455 Romanorum
630 1390 784 1457 alimenta
806 1390 1056 1457 subministrare
1083 1414 1151 1458 non
1179 1393 1314 1470 destitit,
1344 1393 1424 1457 urbe

94 1486 96 1509 ¹
200 1493 259 1559 illa
281 1514 459 1579 oppressu,
482 1507 618 1561 senatus
641 1495 694 1562 his
718 1508 750 1562 et
775 1496 956 1564 libertatem
984 1510 1018 1562 et
1042 1499 1132 1564 bona
1157 1502 1312 1574 restituit,
1341 1511 1374 1562 et
1395 1500 1426 1563 si

94 1582 96 1613 ⁵
161 1600 284 1687 sequid
307 1598 447 1687 amplius
471 1604 608 1689 praemii
629 1606 799 1690 petissent,
820 1602 958 1669 libenter
980 1627 1017 1671 se
1040 1605 1191 1673 daturum
1205 1606 1425 1673 adseuerauit.

94 1714 95 1721 ’
203 1704 357 1772 Vacasse
390 1718 480 1775 tanto
513 1710 636 1798 gaudio
671 1711 820 1796 patribus
854 1713 1053 1798 conscriptis
1079 1712 1206 1779 duabus
1236 1712 1425 1777 humillimis

203 1812 336 1879 feminis
357 1814 479 1880 referre
494 1819 646 1905 gratiam
668 1818 790 1883 nedum
814 1828 881 1883 iam
895 1830 1044 1904 prompte
1062 1818 1213 1886 retulisse
1228 1819 1425 1887 mirandum.

207 1955 232 2011 1.
251 1958 400 2010 iaciendum
419 1954 484 2011 EF.
495 1955 509 2029 ΙΙ
520 1952 547 2013 3.
565 1962 650 2021 Quom
668 1988 704 2000 -
722 1963 841 2014 exhibuit
858 1976 907 2015 aaa.
925 1957 983 2029 1⁸.ss
995 1961 1090 2029 Quem]
1129 1964 1180 2015 uod
1193 1961 1224 2015 F.
1236 1962 1324 2032 libelii
1335 1960 1424 2013 Poulei

201 2026 491 2152 (Effemibtempore
509 2044 557 2083 osa
576 2030 608 2083 F.
620 2030 633 2099 ΙΙ
644 2028 670 2087 l.
690 2034 760 2085 enim
778 2048 827 2103 om,
846 2029 884 2109 Γ.Α
895 2032 909 2103 ΙΙ
921 2034 1095 2085 obsedereior
1138 2033 1176 2156 ,ΑΙ
1192 2029 1218 2085 b.
1237 2033 1385 2086 uoluissent
1401 2029 1425 2084 Α

204 2096 232 2153 i*
248 2106 331 2169 etpr.
382 2098 419 2153 Ε.
430 2098 444 2167 ΙΙ
455 2096 481 2154 tl.
499 2099 593 2167 nescia¹
609 2102 673 2157 Pur.
691 2108 717 2157 et
733 2103 762 2155 ia
779 2118 876 2156 rasura
894 2102 926 2156 Δ.
945 2105 1063 2173 uestigia
1082 2097 1136 2156 OD
1174 2101 1232 2158 ΓΡ.
1243 2103 1259 2173 11
1269 2108 1379 2173 oppia·
1396 2117 1427 2153 sa

204 2184 303 2225 rmore
320 2168 352 2225 L
371 2173 470 2237 oppida
488 2170 606 2229 CDFl'.
632 2176 712 2240 opida
729 2174 765 2229 E.
791 2176 889 2241 Opidia
907 2172 984 2228 Torr.
1001 2174 1015 2243 ΙΙ
1030 2174 1146 2226 familias
1165 2188 1235 2227 corr.
1252 2174 1286 2230 Α,
1308 2173 1385 2227 Torr.
1430 2243 1432 2246 Ι

205 2244 295 2295 clunia
312 2239 375 2296 OD.
398 2244 497 2295 diuinis
513 2242 572 2315 ΕΙ
596 2244 620 2298 l.
639 2248 724 2299 nostri
747 2248 880 2299 exercituo
906 2243 983 2300 Torr.
1000 2244 1056 2315 118.
1080 2246 1232 2298 ministrare
1257 2243 1395 2314 collui
1417 2283 1425 2298 .

205 2312 333 2382 amplius]
353 2313 424 2364 aliud
443 2312 500 2384 liii
513 2310 553 2369 il.
597 2330 696 2371 ecesse
714 2346 748 2357 -
766 2314 835 2385 (it.)
853 2319 1002 2376 mirandum
1024 2330 1073 2367 osu.
1091 2315 1123 2369 Γ.
1136 2314 1150 2387 ΙΙ
1167 2319 1195 2368 in
1213 2319 1287 2368 mutu
1308 2313 1411 2384 Tomi}

205 2388 297 2452 patres
316 2386 482 2451 conscriptos
500 2383 537 2439 D.
548 2386 562 2455 ΙΙ
573 2390 716 2451 humilibus
737 2386 815 2441 Tora
830 2386 844 2456 ΙΙ
864 2386 904 2441 iu.
922 2392 979 2439 iam
997 2402 1046 2439 oss.
1064 2384 1101 2441 il.
1116 2386 1131 2457 ΙΙ
1147 2391 1269 2454 prompte
1287 2385 1423 2452 retulisse]

205 2459 314 2531 propter
332 2470 364 2509 se
382 2456 478 2509 tuilsse
496 2454 621 2513 AGDF.
641 2476 709 2526 prae
727 2474 759 2512 se
776 2461 873 2512 tulisse
889 2457 1002 2513 ΕΤοπ.

204 2583 333 2647 templum
358 2582 527 2635 aedificatum
550 2598 614 2636 esse
637 2584 771 2637 Fortunae
794 2584 925 2639 muliebri.
969 2584 1060 2649 ltaque
1082 2584 1175 2635 notatu
1198 2585 1321 2653 dignum.
1344 2596 1425 2633 unum

208 2654 254 2719 qui
270 2654 378 2720 praeter
395 2654 547 2716 Valerium,
571 2657 643 2720 quod
664 2658 787 2725 equidem
805 2658 904 2718 sclam,
927 2656 1088 2709 mentionem
1111 2655 1204 2707 iecerit
1226 2656 1260 2706 de
1284 2656 1337 2706 bae
1354 2654 1425 2722 lege,

226 2729 386 2777 uocantum
404 2727 490 2777 luisse
509 2728 603 2779 dicitur
621 2729 649 2778 ui
667 2730 716 2779 uiri
733 2729 839 2781 leminis
857 2729 955 2780 semita
966 2728 1100 2785 cederem,
1119 2728 1290 2778 Plutarchum
1308 2725 1425 2791 (Romul.

206 2743 255 2862 lii)
273 2798 308 2846 sd
326 2798 407 2866 lunge
425 2799 577 2860 antiquiora
593 2799 715 2865 tempora
728 2815 788 2852 eam
800 2800 911 2852 referre.
946 2801 974 2850 ls
991 2799 1063 2850 enim
1081 2799 1164 2850 latam
1178 2812 1245 2850 esse
1255 2799 1326 2848 banc
1337 2798 1427 2866 legem

207 2867 344 2932 perbibet,
367 2883 427 2918 cum
446 2870 603 2936 diremptum
622 2873 698 2923 esset
715 2873 856 2929 mulierum
871 2871 1021 2924 interuentu
1039 2871 1153 2931 ulium,
1175 2871 1247 2932 quod
1265 2871 1358 2934 raptos
1376 2867 1426 2919 da·

209 2940 329 2992 binarum
347 2941 479 3008 uirginum
498 2943 675 2995 contraxerat.
1150 2943 1155 2951 ‘

280 3007 362 3068 Quem
379 3007 490 3062 secundi
506 3009 584 3063 etium
601 3011 696 3066 Paesici
713 3011 784 3077 belii)
802 3013 842 3066 Gi.
860 3015 919 3066 Liu.
937 3012 1036 3072 xxvi,
1054 3007 1099 3065 33.
1118 3008 1162 3066 34.

285 3075 375 3134 Vestio
393 3079 493 3150 Oppio)
508 3083 623 3135 Librarii
641 3087 780 3137 cuiusdam
799 3087 879 3150 eulpa
895 3086 923 3135 in
940 3085 1063 3137 omnibus
1075 3082 1177 3134 nostris
1187 3083 1322 3134 codicibus
1335 3081 1426 3146 appel·

208 3151 325 3203 iubenes
342 3152 369 3202 lu
387 3153 522 3204 nominum
539 3155 706 3220 propriorum
729 3157 816 3208 iocum
839 3149 1001 3208 substituta!
1024 3158 1100 3213 suut,
1122 3151 1235 3220 antipio
1256 3149 1356 3220 oppido
1377 3167 1426 3216 pro

213 3219 305 3275 Vestia
323 3221 420 3290 Oppia.
455 3225 497 3274 lta
514 3227 585 3278 enim
602 3227 707 3278 Liuiani
725 3229 792 3287 libri,
811 3243 829 3277 a
848 3228 943 3293 quibus
955 3240 1009 3277 non
1027 3227 1137 3276 muitum
1155 3225 1309 3289 discrepant
1322 3223 1427 3302 Paridis

209 3296 297 3348 codex
315 3294 459 3346 Vaticanus
477 3297 505 3346 et
521 3297 666 3349 Bemensis
684 3299 752 3351 iiber
769 3315 803 3351 ex
815 3299 861 3350 iiio
874 3298 1040 3356 emendatus,
1058 3297 1215 3348 exhibentes
1231 3291 1322 3346 accde
1338 3303 1426 3359 opple.

208 3365 239 3416 iu
257 3366 343 3416 bitere
362 3365 471 3417 cluuiae
488 3369 595 3420 nomine
612 3371 720 3434 propter
745 3381 907 3420 consensum
925 3369 1046 3419 eiusdem
1067 3367 1172 3418 l’arldis
1196 3368 1224 3417 et
1240 3365 1357 3416 omnium
1375 3362 1427 3413 Va·

209 3437 370 3488 ierianorom
388 3437 514 3489 librorum
532 3440 624 3490 neseio
643 3455 678 3490 an
696 3439 798 3491 Facula
814 3439 891 3490 Liuio
910 3452 1016 3504 quoque
1032 3438 1169 3488 reddenda
1186 3437 1223 3486 sii
1239 3451 1287 3500 pro
1299 3433 1427 3485 il'uueoia.

208 3507 338 3560 Faenium
355 3509 427 3559 haue
444 3511 581 3561 moliorem
601 3513 672 3561 certe
691 3511 791 3578 aliquot
808 3511 877 3561 inter
888 3509 1017 3559 Liuianus
1035 3522 1139 3573 qnoque
1157 3506 1264 3558 codices
1282 3505 1428 3584 appeliant·

284 3575 399 3632 Vocatur
417 3583 489 3631 tosio
504 3578 604 3647 quodie
617 3579 744 3649 patribtu
760 3576 929 3647 comeriptis)
944 3579 1018 3630 Satis
1037 3580 1101 3629 dore
1113 3579 1224 3628 oblatitii
1241 3581 1313 3628 tusto
1328 3570 1428 3642 mse

209 3649 268 3700 siue
285 3651 486 3716 praepositione
504 3651 662 3713 efferuntur,
687 3667 756 3718 quae
780 3654 807 3702 in
831 3651 955 3706 omuibus
978 3651 1055 3701 deest
1074 3649 1264 3712 manuscriptis
1282 3648 1427 3705 codicibus,

210 3735 278 3787 quos
295 3721 356 3786 ipse
374 3723 480 3782 contuli,
500 3723 527 3774 et
544 3723 571 3774 iu
589 3723 726 3774 duodecim
746 3722 927 3774 Torrenienis.
962 3721 1086 3772 ilditores
1104 3719 1134 3770 ia
1150 3723 1213 3772 aute
1231 3723 1303 3771 tosto
1322 3733 1337 3770 o
1356 3718 1428 3768 dete·

209 3793 326 3842 rioribus
344 3793 419 3844 libris
438 3795 609 3859 suppleuisee
627 3796 757 3847 uidentur.
793 3795 896 3846 Vereor
912 3796 942 3842 ut
954 3794 1040 3854 recte.
1075 3791 1200 3842 Similiter
1217 3793 1288 3843 euim
1304 3789 1428 3843 Valerios

210 3863 244 3913 ad
264 3864 462 3932 insigniendum
481 3867 589 3926 statum,
609 3881 661 3933 quo
679 3866 739 3929 quis
757 3865 895 3922 uersatur,
915 3862 1033 3914 abiutino
1056 3863 1115 3914 siue
1138 3863 1337 3928 praepositione
1359 3873 1427 3912 osus

210 3936 255 3986 est
272 3934 328 3994 Vll,
347 3929 373 3994 i,
390 3930 418 3994 3,
443 3931 574 3988 Miserius
589 3941 628 3988 cet
645 3941 706 3988 tenc
724 3935 847 4004 prosectu
870 3932 990 4003 iuppiter
1010 3931 1145 3985 aum
1167 3932 1288 3989 uirtutis.
1311 3959 1347 3972 -·
1370 3945 1428 3983 cass

208 4019 310 4058 ummo
338 4003 518 4059 οὶίοιοοὶονιοο
540 4005 632 4075 s'sops'o
652 4006 744 4076 proici
770 4003 911 4076 pracsidio
937 4003 1044 4074 iaops'os
1071 4009 1205 4061 emet.
1236 4007 1282 4057 ubi
1310 4007 1429 4057 editores

209 4078 274 4129 item
301 4076 391 4128 moltis
415 4078 550 4129 codicibus
575 4079 729 4131 adiecerunt
751 4077 780 4130 is
804 4081 867 4130 aute
889 4091 996 4130 sunna
1043 4077 1138 4139 Neque
1164 4077 1219 4130 alia
1244 4078 1312 4130 ratio
1334 4079 1379 4128 cst
1400 4075 1429 4124 iu

208 4149 253 4200 bis
272 4148 304 4207 V,
329 4143 841 4217 i‚i‚1toque.'8yroeaaucaciuiios‚
869 4145 983 4200 mumma
1000 4143 1077 4199 clude
1098 4152 1144 4200 tuo
1162 4146 1265 4218 aliquid
1286 4144 1429 4199 adnm

206 4215 395 4288 protelationis
415 4216 545 4276 tamen
577 4223 622 4272 ubi
651 4223 726 4274 solus
758 4222 931 4272 abbroulatus
955 4219 1181 4285 Guelferbytanus
1209 4221 1278 4271 iuter
1300 4231 1377 4270 meos
1398 4212 1428 4265 iu

208 4287 327 4341 murino
347 4285 431 4342 code.
472 4291 613 4343 Abiatiuoa
636 4293 726 4344 antem
750 4293 874 4344 absolute
892 4292 997 4356 positos
1014 4292 1067 4342 boe
1091 4292 1151 4342 loeo
1172 4306 1227 4342 nen
1249 4289 1367 4354 pendere
1391 4287 1427 4333 ab

209 4362 383 4412 admiscendo
401 4363 446 4412 uix
465 4364 508 4413 est
525 4365 596 4430 quod
613 4379 747 4417 moneam.
782 4365 870 4430 Atque
887 4362 970 4413 mulio
988 4363 1069 4412 eiiam
1080 4362 1238 4412 insolentius
1249 4373 1284 4410 ne
1296 4352 1427 4407 adieciioo

208 4433 316 4502 quidem
334 4433 424 4484 addito
446 4433 474 4484 is
498 4435 594 4485 eadem
618 4449 648 4486 re
670 4436 852 4503 designanda,
879 4447 967 4500 ueqoe
989 4435 1080 4484 umen
1097 4434 1209 4491 uitiosa,
1235 4433 1265 4479 ut
1287 4426 1428 4507 mibiuol·

208 4503 271 4555 dem
293 4504 410 4563 uidetur,
428 4504 465 4562 V,
488 4499 517 4564 1,
542 4501 599 4557 init
615 4505 713 4574 legitur
731 4503 849 4564 Quorum
864 4502 956 4572 priato
972 4502 1079 4572 isopio.
1101 4501 1225 4569 praem
1247 4502 1426 4566 occupabunt.

207 4573 288 4628 lertio
306 4571 419 4644 mespili
427 4572 544 4640 soriano
558 4582 719 4658 praestatur.
739 4579 785 4628 ubl
803 4577 865 4628 uide
883 4591 953 4644 quae
970 4575 1166 4626 adnotanimus.

280 4649 333 4698 tom
345 4650 470 4716 prompte
486 4645 617 4706 retulere)
637 4648 773 4700 lidebatur
796 4649 879 4717 uulgo
900 4643 995 4698 uam
1016 4649 1069 4698 taut
1083 4655 1152 4710 proc
1167 4657 1197 4695 sc
1217 4639 1321 4703 hiim,
1343 4647 1429 4693 musta

206 4731 304 4790 parum
321 4720 477 4784 commodo,
496 4735 557 4774 cum
574 4733 669 4774 omues
691 4719 811 4774 melioris
834 4721 917 4772 uotae
936 4719 1001 4772 iibri
1022 4715 1179 4771 nbibeteni
1199 4718 1254 4768 tn
1270 4716 1384 4783 propter
1398 4719 1429 4770 ts
