3409 5400
302 522 366 587 liu
625 514 685 585 ou
707 512 952 581 INSTITVTIS
978 512 1198 597 ANTIQVIS.

300 692 405 745 matos
434 678 555 755 hastis,
582 698 684 765 paruo
715 680 881 765 tegumine
903 678 1063 751 munitos,
1084 675 1191 742 ueloci
1214 674 1301 741 saltu
1322 676 1459 769 iungere
1482 696 1522 739 se

300 784 516 875 equitantibus
544 800 576 849 et
604 806 718 850 rursus
747 784 845 849 celeri
873 795 964 849 motu
993 783 1102 848 delabi
1130 784 1277 857 instituit,
1301 803 1369 868 quo
1388 780 1521 847 facilius

301 894 444 981 equestri
457 892 583 980 proelio
602 893 740 959 subiecti
755 891 882 977 pedites
898 892 990 955 uiros
1006 892 1128 976 pariter
1143 900 1241 977 atque
1257 910 1361 976 equos
1375 887 1522 953 hostium

299 998 371 1065 telis
395 1002 609 1076 incesserent,
633 1020 736 1086 eaque
759 1000 891 1063 nouitas
914 1018 1047 1085 pugnae
1063 998 1194 1061 unicum
1211 996 1405 1082 Campanae
1420 995 1519 1081 perii·

299 1107 373 1171 diae
407 1105 586 1171 debilitauit
622 1106 794 1181 auxilium,
825 1104 966 1191 ideoque
994 1104 1119 1171 auctori
1141 1105 1214 1167 eius
1238 1100 1349 1168 Nauio
1371 1100 1478 1166 honos
1499 1120 1546 1164 as

299 1212 382 1278 duce
406 1224 456 1277 est
478 1212 618 1281 habitus.

165 1312 234 1379 IllI.
258 1314 287 1379 l.
387 1318 560 1385 Proximus
598 1318 789 1385 militaribus
824 1317 976 1381 institutis
1012 1316 1055 1381 ad
1082 1318 1218 1404 urbana*
1244 1326 1369 1390 castra,
1401 1314 1437 1379 id
1469 1324 1521 1379 cst

299 1424 435 1501 tlreatra,
462 1426 590 1515 gradrm
621 1424 793 1491 faciendus
823 1435 890 1496 est,
911 1425 1067 1509 quoniam
1097 1422 1181 1489 haec
1204 1444 1333 1510 quoque
1356 1440 1519 1507 saepenu-

299 1554 390 1597 mero
414 1535 582 1599 auImosas
607 1533 696 1597 acies
724 1532 959 1604 instruxerunt,
982 1532 1232 1617 excogitataque
1255 1529 1360 1595 cultus
1384 1527 1520 1591 deorum

299 1651 331 1703 et
357 1638 527 1705 homInum
557 1638 780 1703 delectationis
809 1657 912 1700 causa
939 1657 1008 1701 non
1035 1638 1109 1700 siue
1137 1635 1247 1723 aliquo
1278 1638 1371 1722 pacis
1401 1633 1559 1699 roboreto

299 1746 500 1832 uoluptatem
523 1758 555 1808 et
576 1743 768 1831 religionem
790 1742 877 1807 ciuiIi
892 1744 1055 1829 sanguine
1077 1744 1282 1807 scenicorum
1297 1752 1519 1827 portcntorum

300 1853 406 1939 gratia
426 1851 638 1917 macularunt.

256 1950 287 2017 2.
388 1954 482 2037 Quae
504 1955 659 2021 inchoata
681 1954 813 2043 quidem
836 1964 913 2019 sunt
935 1976 957 2018 a
971 1953 1119 2021 Messala
1132 1966 1164 2019 et
1180 1957 1297 2021 Cassio
1313 1956 1519 2022 censoribus.

300 2063 451 2128 Ceterum
483 2075 614 2128 auctore
644 2062 682 2127 P.
712 2062 870 2147 Scipione
892 2060 1017 2125 Nasica
1039 2082 1171 2127 omnem
1194 2055 1384 2149 apparatum
1407 2063 1519 2148 operis

299 2190 410 2233 eorum
442 2168 624 2234 subiectum
651 2166 768 2234 hastae
798 2168 910 2231 uenire
938 2168 1070 2252 placuit.
1114 2168 1223 2255 Atque
1255 2170 1354 2235 etiam
1382 2178 1557 2234 senatusra

298 2274 447 2339 consulto
467 2286 600 2366 ‘cautum
624 2286 675 2341 est
697 2298 739 2341 ne
762 2277 837 2362 quis
860 2276 896 2338 in
906 2273 986 2338 urbe
1001 2276 1180 2361 propiusue
1197 2298 1319 2361 passus
1337 2275 1424 2340 mille
1439 2273 1518 2341 sub-

298 2381 391 2447 sellia
425 2383 578 2468 posuisse
608 2383 772 2447 sedensue
800 2380 897 2447 ludos
928 2394 1078 2467 spectaro
1106 2381 1219 2457 uellet,
1250 2394 1286 2445 ut
1315 2382 1440 2447 scilicet
1465 2404 1517 2446 re·

299 2540 321 2597 1.
339 2548 367 2593 te
397 2544 466 2593 mine
484 2538 571 2594 BCD
589 2546 615 2593 et
632 2556 701 2594 corr.
719 2540 750 2593 A.
769 2544 796 2593 ie
845 2543 853 2558 '
872 2558 888 2593 o
905 2540 933 2594 E
947 2541 1008 2595 Por.
1030 2540 1108 2593 Torr.
1124 2538 1181 2610 112.
1200 2541 1282 2592 dilabi
1299 2538 1455 2595 ABCDE.
1484 2537 1520 2593 Vr

295 2628 344 2666 soa
383 2626 423 2663 ar.
443 2608 489 2681 15.
515 2616 612 2664 nceuio
635 2610 801 2666 ABCDII'
814 2627 869 2664 orr.
887 2612 901 2682 ΙΙ
917 2629 935 2664 a
958 2612 1037 2681 duce]
1062 2614 1150 2663 adhuc
1167 2609 1283 2667 Altos
1304 2618 1331 2664 rt
1353 2615 1518 2664 astabores

296 2681 409 2737 DTcrr.
463 2681 487 2735 7.
506 2685 532 2750 S.
553 2683 576 2738 1.
595 2701 645 2736 out.
663 2682 695 2737 Γ.
711 2684 725 2752 ΙΙ
744 2678 784 2737 13.
809 2686 886 2745 Quae
903 2713 940 2722 -
957 2678 1025 2751 (iti.)
1043 2688 1149 2736 cautum
1168 2684 1222 2752 est}
1244 2686 1357 2736 Cautum
1376 2687 1419 2736 est
1436 2686 1518 2736 etiam

297 2770 320 2806 s.
339 2771 361 2810 c.
380 2751 491 2824 111115.
510 2756 602 2823 etiarn]
622 2753 685 2807 cdd
703 2757 798 2806 eodem
816 2753 851 2807 a.
862 2755 876 2822 ΙΙ
891 2751 931 2808 tt.
949 2757 1059 2820 propius
1077 2755 1182 2814 (oraim
1199 2762 1246 2816 ue)
1262 2753 1385 2810 Bora.
1405 2757 1517 2820 proplue

297 2841 346 2878 seu
363 2825 392 2878 ia
409 2841 505 2879 ruera
516 2825 553 2878 D.
568 2826 580 2892 ΙΙ
593 2841 694 2891 passos
705 2824 737 2880 A.
750 2825 763 2895 ΙΙ
777 2821 817 2878 11.
837 2826 971 2876 sedeusne
983 2823 1020 2876 D.
1032 2826 1047 2897 ΙΙ
1057 2828 1127 2878 uelle
1144 2823 1178 2878 Β.

296 2970 405 3034 Lipsius
424 2971 564 3022 concessit.
601 2971 690 3020 Minus
709 2971 833 3020 accurate
851 2983 918 3019 sane
936 2969 1007 3018 hanc
1025 2970 1246 3020 comisationem
1260 2971 1296 3020 ad
1312 2971 1397 3019 totam
1409 2970 1518 3020 baalam

295 3042 437 3094 transtulit.
474 3041 614 3105 Expressit
631 3042 720 3091 autem
737 3040 806 3090 Liuii
824 3042 909 3090 uerba
923 3038 1044 3108 praefica
1054 3038 1146 3106 sm.
1169 3040 1246 3107 qnae
1261 3038 1345 3092 aad·
1360 3035 1518 3090 aditm'idse

295 3112 370 3166 iacet.

361 3198 451 3252 pareo
469 3180 604 3249 ispaniae)
630 3183 746 3232 Velitum
763 3195 873 3246 parmas
890 3181 935 3231 his
953 3184 1045 3232 uerbis
1063 3184 1198 3241 denotari,
1226 3199 1310 3247 quac,
1338 3198 1392 3245 quo
1411 3183 1518 3246 expedi·

295 3258 377 3306 tiores
396 3257 489 3306 essent
506 3254 574 3304 leuis
593 3257 746 3303 sirmatnree
763 3253 870 3310 milltes,
889 3253 971 3304 multo
987 3255 1106 3304 minores
1124 3257 1201 3304 erant
1217 3269 1298 3317 quam
1311 3253 1519 3322 legionariorum

296 3330 380 3386 scuta,
400 3326 570 3391 perspicuum
589 3327 647 3372 erat
664 3323 791 3374 Romanis
804 3324 957 3381 lectoribus,
975 3326 1135 3389 pracsertim
1148 3341 1208 3375 cum
1218 3327 1345 3394 tegminis
1357 3325 1519 3374 uocabulum

296 3413 349 3450 non
365 3395 452 3447 semel
470 3409 503 3444 co
522 3393 673 3460 significatu
691 3397 718 3444 ei
735 3396 762 3443 in
779 3396 873 3458 primis
891 3411 910 3444 a
926 3398 1014 3460 poetis
1033 3397 1179 3446 adhibitum
1197 3397 1239 3447 sit.
1289 3397 1328 3448 CI.
1347 3396 1453 3446 Lucret.
1470 3393 1517 3452 III,

296 3463 355 3519 dii.
384 3459 846 3524 v21.r1acevr.5aet349‚a1.
889 3466 982 3529 ltaque
1000 3480 1054 3516 non
1071 3469 1230 3518 necesaria
1247 3469 1307 3519 erat
1324 3467 1410 3530 Lipsii
1427 3479 1518 3516 emen·

296 3539 367 3588 datio
380 3549 493 3604 pomae
511 3533 635 3602 teprae'aer
651 3537 764 3606 uulgata
781 3539 916 3602 scriptura
927 3539 1066 3588 Paridenai
1082 3553 1189 3601 quoque
1207 3540 1363 3602 compendio
1376 3537 1518 3588 stabilitur.

296 3610 417 3658 Ceterum
436 3609 505 3670 quod
525 3623 540 3657 e
560 3609 650 3657 codice
668 3609 746 3661 Rern.
765 3609 896 3659 edidimus
914 3607 1051 3675 cambe.
1070 3623 1124 3659 non
1141 3611 1230 3659 babeo
1248 3623 1318 3659 nunc
1335 3609 1408 3659 aliud
1426 3595 1518 3658 enim·

295 3680 368 3744 pium
386 3682 505 3730 retentae
522 3680 550 3729 in
568 3679 677 3730 casibus
696 3680 810 3742 obliquis
829 3681 933 3730 litterae
951 3695 976 3732 s.
1013 3680 1098 3742 Atque
1117 3679 1200 3730 etiarn
1216 3679 1341 3740 Tacitus,
1359 3681 1405 3742 qui
1422 3679 1435 3730 1
1453 3680 1517 3730 bisi.

297 3744 330 3799 19
348 3751 455 3813 scripslt
473 3747 596 3816 θερέω,
626 3751 690 3800 illud
708 3749 719 3800 i
736 3751 762 3800 in
781 3751 824 3800 bis
844 3752 953 3801 casibus
972 3753 1076 3809 reiecit,
1104 3753 1134 3799 ut
1151 3752 1339 3801 animaduertit
1355 3751 1517 3801 waltherus.

295 3820 388 3883 Neque
405 3824 496 3872 tamen
514 3823 574 3872 ideo
593 3821 761 3872 sollicitanda
779 3821 843 3872 mihi
861 3823 1002 3872 uidebatur
1018 3823 1245 3886 praestantissimi
1262 3823 1333 3872 iliius
1348 3821 1409 3872 libri
1426 3823 1517 3875 aucto·

295 3891 369 3944 ritas.

365 3960 446 4013 iosos
464 3976 480 4013 u
499 3959 574 4024 duce)
590 3963 665 4013 Libri
682 3975 776 4014 ornnes
795 3964 822 4012 et
840 3964 900 4014 edd.
917 3960 998 4013 bosca
1015 3959 1102 4014 adsue
1118 3968 1158 4014 eat
1178 3961 1289 4016 debitae.
1334 3962 1389 4014 Sed
1408 3964 1517 4027 quinam

295 4033 374 4083 luerit
391 4033 477 4084 honos
490 4033 590 4085 Valerii
608 4035 696 4084 acute
708 4034 794 4084 Nauio
812 4035 921 4084 habitus
940 4038 987 4083 aut
1004 4049 1050 4084 cur
1067 4035 1155 4085 bonos
1173 4037 1198 4085 ei
1221 4049 1306 4097 usque
1324 4036 1360 4084 ad
1381 4035 1429 4085 ilia
1451 4036 1518 4085 tem

294 4113 363 4168 pora
380 4105 488 4154 habitus
507 4117 579 4162 esse,
598 4118 651 4154 non
669 4105 823 4154 etiamtum
841 4105 1056 4177 baberidipatur
1078 4106 1179 4157 nescio.
1222 4105 1286 4156 Sine
1311 4107 1390 4156 dubio
1415 4108 1517 4156 rectum

295 4176 489 4238 perspexerunt
505 4176 613 4238 Lipsius
633 4177 660 4224 et
678 4175 840 4235 Peritonius,
859 4191 909 4240 pro
925 4171 1013 4226 adine
1030 4177 1199 4226 scribendum
1217 4190 1282 4227 esse
1301 4191 1318 4226 a
1335 4173 1411 4231 decc.
1429 4178 1519 4239 iisque

295 4247 385 4296 uerbis
410 4245 545 4296 Valerium
563 4247 712 4296 reddidisse
735 4246 805 4295 Liuii
823 4247 995 4307 sententiam,
1019 4252 1151 4298 sectorem
1175 4275 1210 4285 -
1229 4245 1261 4305 Q.
1280 4245 1396 4299 Nutu
1407 4246 1515 4313 serm.

294 4313 436 4386 morique
452 4313 484 4366 td
501 4313 526 4367 ei
544 4313 616 4384 apud
632 4313 816 4383 inperatorem
826 4315 924 4383 faisse.

366 4387 424 4448 1111,
443 4382 469 4440 T.
494 4388 532 4439 Gi.
551 4389 610 4439 Liu.
629 4389 691 4452 epit
710 4389 768 4440 libr.
786 4389 906 4440 XLVIII.
935 4389 1001 4440 Veli.
1021 4389 1040 4448 1,
1062 4385 1109 4443 15.
1133 4383 1159 4442 ³.
1187 4389 1252 4442 Tac.
1278 4405 1339 4443 aon.
1357 4389 1447 4448 XIIII,
1471 4385 1517 4441 20.

296 4459 363 4525 App.
383 4455 534 4517 ciu.1,28.
561 4458 716 4517 oronim,
735 4456 777 4510 Ti.
805 4459 919 4527 August.
938 4462 972 4509 de
996 4462 1047 4512 ciu.
1066 4462 1110 4512 dei
1127 4461 1153 4520 i,
1174 4455 1218 4512 31.
1246 4460 1356 4514 Tertuil.
1375 4463 1409 4510 de
1430 4463 1517 4524 spect

298 4527 338 4582 10.
365 4529 467 4581 Riiscbl
485 4531 596 4600 Parerg.
614 4529 635 4588 l,
656 4546 701 4594 pp.
719 4530 807 4582 XVIII
826 4533 852 4580 et
870 4523 931 4582 iti.

364 4605 394 4651 st
410 4598 512 4653 scilicet
527 4599 675 4652 remissioni
692 4603 719 4652 et
737 4617 762 4666 q.
782 4604 854 4665 sqq.)
892 4602 967 4652 ilaec
984 4605 1083 4661 uerba,
1110 4617 1189 4666 quem
1212 4605 1247 4653 ad
1264 4603 1374 4653 modum
1390 4617 1460 4654 nunc
1478 4603 1517 4654 ic·

294 4673 392 4741 gunbrr
409 4673 437 4722 in
454 4672 528 4722 libris
546 4685 613 4725 mss.
631 4687 728 4724 manca
745 4675 815 4726 sunt.
851 4673 1016 4724 Sententiam
1033 4675 1140 4737 quidem
1150 4675 1220 4724 bene
1236 4675 1350 4724 mattarii
1360 4675 1518 4724 Perizonius

295 4743 434 4794 scribendo
451 4741 604 4796 emisione
620 4745 665 4798 uei
681 4743 710 4796 ie
727 4743 887 4800 renem.
923 4744 1142 4798 sarracenae
1159 4746 1238 4796 huius
1256 4745 1372 4809 exempli
1389 4757 1517 4808 compen·
