3409 5400
629 439 714 509 LIB.
736 440 811 521 Vll,
834 440 872 507 Ο.
895 443 928 519 4,
949 449 980 521 ς.
1004 442 1036 507 2.
1388 448 1453 517 567

189 602 440 688 interceptum
468 601 549 667 illud
579 602 737 688 oppidum
765 603 919 667 Romano
953 602 1093 687 imperio
1127 602 1280 669 adiceret.
1336 606 1451 673 Subito

191 728 370 793 namque
392 730 430 773 se
453 709 495 772 ad
521 709 669 773 Gabinos
693 708 838 784 contulit,
862 720 1032 796 tamquam
1054 710 1201 795 parentis
1224 711 1398 777 saeuitiam
1421 726 1453 777 et

195 813 376 888 uerbera,
400 836 484 899 quae
501 814 665 879 uoluntate
681 838 745 880 sua
759 837 940 901 perpessus
961 824 1040 887 erat,
1064 815 1208 901 fugiam,
1232 839 1270 881 ac
1295 818 1452 901 paulatim

195 920 483 1007 uniuscuiusque
507 922 590 985 lictis
620 932 652 985 et
681 921 874 1007 compositis
907 920 1072 986 blanditiis
1102 920 1286 988 adliciendo
1314 922 1450 987 beniuo-

167 1027 358 1091 ⁵lentiarn
388 1040 424 1089 ut
453 1028 543 1112 apud
565 1050 681 1093 omnes
700 1028 874 1113 plurimum
899 1038 1013 1113 posset
1028 1039 1235 1103 consecutus,
1258 1028 1452 1093 familiarem

200 1154 322 1196 suum
352 1131 396 1196 ad
425 1144 550 1217 patrem
576 1135 682 1207 misit,
717 1133 935 1199 indicaturum
964 1133 1241 1219 quemadmodum
1270 1146 1387 1199 cuncta
1415 1135 1451 1199 in

201 1260 282 1303 sua
308 1256 411 1303 manu
434 1237 569 1304 haberet
592 1252 624 1304 et
647 1242 869 1327 quaesiturum
889 1240 1044 1326 quidnam
1068 1241 1138 1303 lieri
1161 1240 1267 1307 uellet.
1313 1240 1451 1307 lunenili

204 1344 394 1409 calliditati
417 1345 531 1409 senilis
556 1349 679 1411 astutia
701 1346 881 1431 respondit.
929 1345 1100 1433 Siquidem
1121 1367 1158 1408 re
1175 1348 1291 1411 eximie
1309 1346 1449 1411 delecta·

205 1462 269 1515 tus
299 1449 509 1537 Tarquinius,
533 1451 608 1517 fldei
624 1464 733 1517 autern
753 1454 858 1519 nuntii
874 1475 989 1539 parum
1005 1454 1143 1529 medens,
1167 1451 1248 1517 nihil
1271 1454 1448 1539 respondit,

162 1576 195 1621 so
207 1556 280 1621 sed
306 1556 444 1621 seducto
468 1576 507 1620 eo
530 1558 565 1621 in
580 1557 710 1623 hortum
726 1561 871 1624 maxima
893 1570 924 1623 et
939 1558 1102 1624 altissima
1116 1580 1318 1644 papauerum
1341 1562 1450 1646 capita

206 1662 341 1727 baculo
370 1662 525 1728 decussit.
584 1663 724 1751 Cognito
756 1666 953 1730 adulescens
982 1665 1111 1730 silentio
1146 1664 1246 1729 simul
1276 1688 1316 1731 ae
1345 1664 1448 1751 patris

208 1768 323 1842 facto,
348 1790 485 1833 causam
508 1769 654 1846 alterius,
677 1774 807 1837 altadus
829 1783 1059 1858 argumentum
1082 1770 1237 1856 peruidit,
1268 1792 1330 1835 nec
1352 1773 1449 1857 igno·

210 1876 308 1940 rauit
331 1876 476 1960 praecipi
502 1876 564 1941 sibi
588 1889 623 1940 ut
644 1878 952 1943 excellentissimum
980 1898 1142 1963 quemque
1167 1876 1369 1941 Gabinorum
1393 1886 1450 1942 aut

213 1980 320 2045 exilio
345 1994 568 2047 summoueret
590 1995 647 2047 aut
668 1995 771 2048 morte
789 1994 1006 2049 consumeret.
1053 1982 1142 2069 Ergo
1160 1983 1335 2069 spoliatam
1350 1982 1447 2049 bonis

173 2113 204 2158 ss
213 2087 521 2175 propugnatoribus
541 2090 706 2153 ciuitatem
728 2100 851 2154 tantum
873 2110 940 2154 non
956 2090 1075 2153 uinctis
1091 2088 1242 2153 manibus
1260 2091 1290 2153 ei
1305 2089 1446 2157 tradidit.

218 2242 244 2299 i.
265 2247 393 2311 oppidum
411 2261 460 2298 aaa
479 2244 511 2299 F.
527 2246 542 2314 ΙΙ
558 2245 584 2299 2.
603 2249 733 2314 Gabinos]
758 2246 851 2300 ultim
868 2245 969 2315 syllaba
981 2238 1009 2298 ia
1027 2262 1123 2299 rasura
1140 2244 1172 2301 A.
1198 2248 1323 2315 gabinios
1343 2244 1372 2299 0.
1398 2262 1447 2316 ga·

217 2320 247 2369 bi
262 2343 275 2371 0
289 2332 322 2368 os
340 2332 411 2369 corr.
430 2315 466 2368 D.
483 2316 497 2386 ΙΙ
512 2320 632 2385 contulit]
652 2318 744 2386 prima
766 2317 869 2386 syllam
889 2318 917 2371 ia
935 2332 1032 2371 rasura
1049 2317 1081 2372 A.
1098 2314 1152 2384 113.
1172 2331 1321 2381 propassus
1341 2313 1373 2368 F.
1390 2316 1448 2439 qvi.

219 2390 302 2439 factis
323 2385 408 2440 CDF
421 2392 446 2437 et
465 2402 510 2457 pr.
528 2387 561 2441 Α.
577 2390 591 2457 ΙΙ
609 2388 634 2442 5.
657 2393 736 2455 utque
753 2388 789 2442 D.
806 2389 819 2455 ΙΙ
836 2389 862 2443 i.
882 2405 962 2441 manu
981 2404 1032 2440 sua
1049 2387 1115 2440 DF.
1132 2387 1145 2455 ΙΙ
1162 2383 1187 2439 8.
1207 2388 1306 2437 eximia
1332 2385 1385 2440 eb
1423 2385 1449 2441 F

220 2464 247 2510 et
260 2473 307 2526 pr.
325 2456 359 2513 A.
381 2455 457 2511 Torr.
469 2458 483 2527 ΙΙ
495 2460 616 2510 delectus
637 2459 665 2513 C.
683 2458 738 2525 119.
758 2462 809 2511 dds
833 2458 1099 2528 CDE.{1credens]
1124 2472 1172 2510 om.
1198 2454 1281 2509 CEF
1302 2462 1328 2508 rt
1347 2472 1390 2524 pr.
1414 2456 1446 2512 A.

219 2528 359 2597 apparo
375 2543 445 2581 corr.
463 2528 487 2582 A
506 2546 520 2580 e
537 2529 600 2583 Por.
618 2532 705 2583 fidens
722 2529 759 2583 D.
770 2532 784 2598 ΙΙ
798 2529 838 2583 10.
858 2537 943 2581 ortum
956 2529 985 2583 F.
997 2530 1010 2597 ΙΙ
1024 2529 1066 2583 li.
1081 2532 1165 2594 patris
1184 2528 1263 2579 simul
1281 2544 1314 2578 ae
1329 2525 1405 2581 Torr.
1420 2528 1432 2594 ΙΙ

226 2597 267 2653 12.
286 2615 387 2651 causae
403 2605 474 2667 (pert
490 2603 611 2657 alterins)
629 2600 659 2657 F.
672 2602 686 2669 il
697 2604 816 2663 atterius,
835 2602 956 2669 ulterius]
980 2600 1060 2654 semel
1082 2605 1180 2651 tautum
1197 2600 1308 2650 atterius
1326 2595 1446 2651 Acus

223 2668 328 2724 FTerr.
346 2670 360 2740 ΙΙ
377 2674 526 2740 argumenti
548 2670 611 2726 Da
634 2678 660 2725 et
677 2686 746 2729 corr.
764 2670 805 2729 Α,
832 2672 911 2726 Tora
930 2672 942 2743 ΙΙ
961 2674 1092 2740 praeuidit
1109 2669 1146 2724 D.
1165 2669 1177 2742 ss
1198 2668 1240 2725 15.
1258 2672 1361 2722 tantum
1379 2670 1452 2738 nonlv

222 2749 359 2810 tamquam
374 2740 412 2796 D.
426 2741 440 2814 ΙΙ
455 2746 531 2795 uictis
551 2742 580 2799 0.

294 2899 324 2937 re
341 2884 434 2938 atate
451 2882 603 2948 delectatus)
620 2889 722 2938 Omnes
741 2889 847 2938 codices
867 2885 972 2942 arimin.
993 2889 1062 2954 quod
1075 2889 1209 2937 corrector
1227 2885 1286 2936 iibri
1298 2883 1445 2937 Beruensis

226 2961 254 3009 et
276 2959 334 3008 siris
356 2958 468 3025 ignarus
491 2959 573 3008 multo
599 2962 660 3022 post
684 2959 875 3009 Perizonius-s
904 2961 1055 3010 coniectura
1077 2955 1212 3007 mutarunt
1238 2957 1265 3006 iu
1288 2957 1444 3005 aduerbium

228 3025 323 3080 mimia
361 3028 509 3078 Senserunt
525 3044 640 3094 namque
659 3031 782 3080 homines
794 3031 950 3089 acutissimi,
970 3029 1039 3096 qnod
1053 3030 1148 3080 cuncta
1160 3027 1252 3078 Gabiis
1265 3028 1290 3078 in
1309 3029 1444 3090 potestate

229 3115 277 3150 sua
295 3101 434 3148 habuisset
451 3099 610 3164 Tarquinius
629 3101 709 3158 fliius,
729 3115 782 3151 noo
799 3115 883 3165 posse
902 3103 1009 3165 abipso
1028 3101 1157 3163 scriptore
1176 3113 1231 3150 rem
1245 3099 1296 3148 dici
1309 3099 1443 3150 eximiam.

228 3171 330 3219 Poterat
350 3170 454 3234 quidem
473 3184 489 3218 e
506 3171 581 3236 regis
597 3174 687 3221 mente
709 3186 755 3222 res
774 3187 843 3238 quae
867 3173 905 3222 iili
929 3173 1027 3223 eximia
1048 3172 1195 3222 uidebatur.
1236 3168 1290 3218 Sed
1314 3171 1365 3218 hoe
1383 3170 1442 3220 loeo

231 3240 364 3306 quominus
382 3239 418 3288 ad
436 3240 510 3305 regis
529 3242 679 3303 opinionem
696 3242 759 3291 iilud
773 3244 933 3293 adiectiuum
952 3243 1100 3293 referamus
1119 3241 1209 3291 obstat
1227 3239 1442 3302 simplicissimus

232 3313 365 3360 uerborum
383 3323 479 3359 uerus.
514 3310 595 3359 Error
612 3315 702 3362 antem
722 3312 846 3363 facillime
865 3313 1026 3363 commissus
1044 3312 1169 3362 iaciiiirns
1188 3310 1352 3362 emendetur.

297 3393 402 3430 cauma
419 3377 536 3436 merser,
555 3378 664 3431 etiarm
681 3385 868 3446 oruamentum)
892 3383 1045 3432 Deteriores
1068 3383 1127 3432 iibri
1152 3383 1179 3430 et
1201 3393 1295 3430 omnes
1314 3377 1370 3428 iere
1388 3379 1442 3426 edi·

234 3451 311 3501 tiones
330 3452 398 3500 baec
416 3451 454 3499 its
473 3451 641 3506 constituunt,
660 3465 766 3502 camara
784 3450 894 3501 atterius
905 3449 1050 3516 oryumeats'
1064 3447 1192 3518 persidit.
1228 3452 1346 3508 Quorum
1360 3448 1443 3510 expli·

234 3523 296 3572 cstio
313 3524 476 3587 quantopere
493 3522 602 3572 torserit
613 3525 782 3572 enarratores
800 3523 851 3570 dici
871 3523 914 3570 uix
927 3523 1024 3584 potest.
1060 3523 1153 3570 Liceat
1168 3520 1295 3568 antemio
1314 3533 1343 3569 re
1361 3519 1443 3582 plana

235 3597 307 3656 atque
325 3595 419 3656 speria
437 3591 541 3640 silentio
559 3593 704 3656 praeterire
723 3593 834 3642 aliorum
847 3593 1079 3655 interpretationes
1091 3591 1204 3642 traditae
1218 3605 1299 3651 quam
1318 3591 1444 3653 putarunt

235 3666 373 3727 scripturae
392 3675 486 3712 omncs
504 3677 590 3724 acque
608 3675 763 3728 perterrens,
781 3662 894 3713 aliorum
913 3663 1078 3714 coniecturas
1096 3675 1130 3712 ne
1148 3662 1239 3724 specis
1251 3661 1358 3722 quidem
1376 3660 1443 3712 ueri·

236 3735 401 3784 similitudinis
419 3735 629 3784 commendatas.
666 3733 845 3792 Sententiam,
869 3748 938 3798 quae
957 3734 1111 3784 necessario
1136 3732 1246 3796 exprimi
1266 3733 1382 3782 debebat
1399 3732 1442 3780 bis

237 3807 324 3863 uerbis
341 3806 366 3854 si
384 3805 535 3854 accuratius
553 3807 633 3870 paulo
646 3806 742 3854 animis
759 3807 925 3868 perpendere
938 3805 1086 3855 uoluissent
1096 3803 1273 3872 grammatici,
1289 3805 1344 3852 tam
1362 3804 1443 3869 longe

238 3892 283 3926 non
298 3878 469 3926 aberrassent
486 3892 504 3925 a
515 3892 587 3929 uero.
622 3877 719 3939 Liquet
730 3877 799 3926 enim
813 3878 881 3926 baec
900 3877 1012 3928 dicenda
1025 3876 1121 3925 inisse:
1141 3875 1316 3934 Adulescens,
1336 3873 1442 3941 cognito

239 3948 330 3998 silentio
348 3947 479 3997 simulac
498 3948 568 3997 iacto
588 3949 681 4012 putris,
706 3951 778 3998 recte
796 3949 925 3998 intellexit
943 3948 971 3998 et
987 3962 1034 3998 cur
1052 3949 1130 4010 pater
1147 3959 1306 4009 responsum
1324 3958 1378 3994 non
1397 3945 1442 3993 de·

239 4021 312 4068 tusci
328 4021 356 4069 st
373 4018 435 4079 qnid
457 4020 604 4069 indicarent
626 4020 743 4068 decussa
766 4019 977 4068 eminentissima
1002 4031 1166 4082 papauerum
1185 4018 1282 4082 capita.
1327 4015 1443 4065 Pernidit

240 4091 306 4157 igitur
322 4089 432 4139 alterius
450 4090 572 4154 (silentii)
590 4103 710 4147 sarisam,
729 4090 839 4139 alterius
858 4091 944 4155 (iacti)
964 4089 1184 4157 significationem
1197 4089 1240 4138 uel
1255 4089 1442 4156 argumentum

241 4163 299 4210 iacto
316 4161 471 4212 subiectum.
507 4161 563 4210 lam
581 4161 607 4210 in
626 4162 679 4210 hac
696 4161 828 4211 sententia
849 4161 1041 4211 conformanda
1059 4161 1172 4227 egregie
1190 4161 1347 4210 adiuuarnur
1364 4156 1442 4206 bonis

241 4231 369 4289 codicibus,
388 4232 575 4281 exhibentibus
585 4246 690 4282 camara
708 4228 818 4282 atterius
835 4235 1020 4296 arpumeatum.
1066 4231 1168 4280 Excidit
1191 4245 1256 4298 ergo
1275 4230 1333 4278 sine
1352 4225 1441 4282 dubio,

242 4301 427 4351 contarenus
446 4317 461 4353 e
479 4318 553 4352 more
571 4317 620 4352 sno
640 4304 837 4367 composuisset
855 4303 1013 4352 ‹iisiunotiua
1030 4303 1195 4367 pronomina,
1217 4303 1328 4350 alterum
1347 4299 1443 4346 horum

147 4427 151 4433 ,
242 4375 320 4424 eodem
337 4373 426 4430 modo,
445 4388 497 4434 que
518 4373 572 4433 Vll,
591 4369 618 4432 3,
640 4369 701 4425 liin
721 4375 809 4424 uerbis
826 4370 1018 4425 solidissimum
1041 4371 1164 4428 summ,
1190 4369 1299 4421 aderam
1322 4365 1444 4435 infirmis·

242 4442 326 4496 tiam.
346 4444 390 4492 ubi
411 4444 471 4495 uide
490 4459 559 4510 quas
577 4445 771 4496 adnotauimus.
807 4447 930 4496 Ceterum
949 4445 1090 4495 uerborum
1103 4443 1221 4494 ordinem
1234 4442 1260 4490 in
1278 4441 1322 4490 bis
1339 4435 1443 4489 silentio

243 4511 306 4566 mo
320 4526 351 4564 ac
364 4513 455 4581 patrie
465 4514 559 4582 sacto,
577 4517 702 4566 omnibus
721 4517 856 4567 codicibus
874 4517 912 4566 ita
929 4517 1054 4567 traditum
1077 4517 1212 4576 utsupra
1230 4511 1374 4569 edidimus,
1393 4509 1442 4560 scd

244 4587 390 4636 inmutatum
413 4587 467 4638 ium
488 4589 517 4639 ia
539 4588 663 4652 exemplo
687 4589 789 4640 Veneto
814 4604 841 4641 ιι.
867 4582 948 4648 itte,
978 4603 1040 4637 narn
1064 4587 1098 4636 de
1121 4583 1277 4650 Mogontino
1303 4596 1357 4633 non
1378 4580 1444 4632 milri

245 4656 338 4718 aaut
357 4656 484 4710 aueum
496 4659 600 4724 reliqui.
638 4659 681 4711 sit
698 4660 768 4712 entra
785 4659 926 4721 interdum,
945 4675 1004 4712 cum
1018 4659 1088 4710 duae
1100 4655 1222 4708 notiones
1233 4653 1342 4708 interes
1360 4668 1442 4722 oppo-
