3409 5400
278 431 342 501 566
709 410 1075 485 STRATEGEMATA.

277 588 507 659 bellationibus
539 594 669 669 torpere
700 602 823 667 passae
852 600 918 643 non
949 587 1025 643 sunt
1054 577 1261 662 finitimisque
1293 573 1463 659 tropaeis
1503 594 1549 633 ac

281 694 454 781 triumphis
484 692 595 756 alitam
626 691 776 753 uirtutem
806 688 875 751 eius
913 706 993 768 spos
1025 705 1106 748 suas
1142 684 1275 747 ulterius
1312 700 1548 767 promouere

283 806 473 875 docuerunt,
489 798 622 862 Mettius
637 794 796 867 Fufetius,
813 793 878 855 dux
895 790 1107 863 Albanorum,
1124 789 1255 853 dubiam
1272 799 1304 851 et
1318 798 1544 873 suspectam

284 930 415 995 semper
438 906 603 971 societatis
627 923 710 966 suae
734 900 832 963 tidem
855 908 988 983 repente
1012 898 1046 960 in
1074 897 1150 980 ipsa
1173 898 1243 960 acie
1267 894 1406 959 detexit.
1462 892 1543 955 De-

284 1027 370 1090 tecto,
397 1015 485 1078 enim
508 1010 651 1075 Romani
680 1007 839 1071 exercitus
868 1004 968 1068 latere
998 1003 1032 1066 in
1061 1002 1207 1089 proximo
1238 1002 1319 1065 colle
1351 1000 1567 1064 consedits

284 1145 345 1211 pro
370 1120 518 1184 adiutore
541 1114 727 1202 speculator
751 1130 883 1198 pugnae
908 1111 1051 1185 futurus,
1079 1119 1114 1171 ut
1144 1121 1199 1171 aut
1221 1108 1316 1171 uictis
1340 1107 1541 1171 insultaret

286 1238 344 1293 aut
365 1227 508 1289 uictores
531 1223 642 1285 fessos
667 1218 912 1306 adgrederetur.
960 1215 1035 1279 Non
1052 1225 1122 1278 erat
1138 1212 1272 1276 dubium
1297 1215 1375 1299 quin
1405 1234 1456 1277 ca
1474 1235 1538 1276 res

286 1333 423 1398 militum
438 1342 627 1395 nostrorum
643 1329 772 1391 animos
791 1324 994 1389 debilitatura
1018 1332 1116 1393 esset,
1141 1342 1216 1384 eum
1232 1321 1349 1385 codem
1368 1332 1537 1405 tempore

288 1449 320 1503 et
341 1438 456 1503 hostes
480 1436 658 1521 confligere
682 1443 714 1497 et
737 1431 859 1497 auxilia
882 1430 1022 1499 deiicere
1046 1439 1226 1492 cernerent.
1276 1425 1390 1512 ltaque
1419 1448 1469 1489 rre
1498 1424 1535 1489 id

288 1548 381 1611 tieret
403 1542 515 1607 Tullus
539 1540 688 1628 prouidit.
737 1538 908 1602 Concitato
934 1537 1020 1599 enim
1046 1554 1129 1621 equo
1155 1553 1270 1597 omnes
1293 1534 1572 1620 pugnandumn

289 1652 408 1741 globos
436 1648 652 1734 percucurrit,
687 1642 884 1730 praedicans
918 1663 978 1705 suo
1015 1643 1106 1705 iussu
1141 1644 1324 1709 secessisse
1354 1638 1535 1709 Mettium,

290 1778 440 1842 eumque,
463 1775 539 1817 cum
561 1754 633 1836 ipse
649 1752 781 1835 signum
795 1748 952 1819 dedisset,
976 1747 1169 1813 inuasurum
1186 1747 1391 1813 Fidenatium
1411 1758 1531 1831 terga.

291 1862 366 1942 Quo
390 1857 621 1943 imperatoriae
651 1856 730 1917 artis
763 1851 901 1919 consilio
926 1864 1046 1918 metum
1079 1854 1200 1919 fiducia
1228 1854 1363 1917 mutauit
1390 1871 1531 1939 proque

290 1964 506 2051 trepidatione
530 1960 696 2026 alacritate
720 1981 855 2023 suorum
880 1972 1014 2045 pectora
1035 1960 1183 2046 repleuit.

272 2121 279 2135 .
380 2070 423 2134 Et
444 2091 486 2133 ne
510 2068 663 2132 continuo
686 2088 708 2129 a
730 2067 851 2130 nostris
875 2066 1010 2151 regibus
1025 2066 1189 2140 recedam,
1201 1986 1290 2131 Meu.
1308 2063 1527 2150 Tarquinius,
1539 2078 1565 2123 is

293 2178 449 2265 Tarquini
478 2174 578 2249 iilius,
611 2173 747 2259 indigne
786 2174 896 2237 serens
932 2172 1020 2258 quod
1049 2174 1150 2258 patris
1179 2172 1303 2237 uiribus
1333 2170 1525 2257 expugnari

295 2285 392 2351 Gabii
419 2284 605 2369 nequirent,
633 2280 847 2345 ualentiorem
876 2280 977 2343 armis
1007 2280 1207 2365 excogitauit
1240 2280 1417 2351 rationem,
1454 2298 1523 2361 qua

297 2498 323 2552 i.
340 2500 473 2563 finitisque
496 2493 524 2547 F.
543 2492 555 2564 ΙΙ
575 2495 675 2558 tropeis
693 2491 726 2547 i.
743 2493 757 2561 ΙΙ
772 2495 816 2559 ac]
841 2498 869 2544 et
892 2490 923 2545 F.
944 2488 956 2563 ll
976 2490 1002 2545 3.
1021 2494 1117 2543 metius
1136 2489 1305 2545 DEFTorr.
1325 2488 1336 2553 ΙΙ
1355 2490 1469 2540 iniectus
1490 2485 1521 2539 C·

296 2572 413 2621 suffetius
431 2566 467 2620 Ε.
486 2569 609 2618 sutietius
627 2562 658 2617 Γ.
673 2562 685 2633 ll
700 2562 726 2616 e.
744 2568 873 2615 insultare
889 2578 934 2631 pr.
951 2562 984 2618 A.
999 2561 1010 2630 ΙΙ
1031 2564 1056 2616 i.
1076 2566 1182 2615 dubium
1202 2580 1254 2614 non
1272 2566 1331 2614 erat
1349 2560 1381 2613 F.
1392 2558 1442 2625 119.
1462 2574 1518 2609 cer·

296 2636 411 2691 neretA
431 2642 457 2688 ct
466 2651 515 2758 pr.
533 2635 568 2691 E.
587 2635 600 2706 ΙΙ
622 2633 662 2691 io,
679 2638 770 2687 tullius
789 2634 848 2688 DF
853 2633 878 2687 Γ
895 2640 920 2685 et
935 2649 977 2701 pr.
995 2634 1027 2687 A.
1048 2635 1061 2702 ΙΙ
1082 2630 1121 2687 11.
1141 2636 1268 2699 percurrit
1288 2631 1375 2687 ciiii
1382 2630 1407 2685 i·
1410 2629 1435 2684 Γ
1441 2628 1517 2681 Tere.

301 2708 363 2762 Vtri.
383 2707 419 2760 ud
436 2706 488 2763 11.
512 2708 536 2768 l,
557 2707 581 2762 l.
593 2709 606 2774 ΙΙ
618 2711 788 2759 successisse
805 2705 838 2760 F.
855 2706 868 2773 ΙΙ
885 2710 993 2758 mettum
1015 2706 1044 2760 C.
1067 2709 1174 2757 metium
1192 2703 1368 2759 DEFTorr.
1392 2704 1517 2754 mentium

296 2779 353 2844 itii
367 2777 408 2831 i2.
427 2779 487 2842 ipse
503 2794 552 2830 om.
571 2777 625 2846 Eli
638 2775 679 2831 13.
697 2795 746 2843 pro
765 2797 817 2844 quo
834 2793 879 2846 pr.
897 2776 929 2830 Α.
943 2777 956 2845 ΙΙ
975 2777 1016 2832 it.
1036 2780 1215 2841 trepiducione
1234 2793 1279 2845 pr.
1302 2775 1333 2829 Α.
1352 2776 1365 2843 ΙΙ
1382 2791 1431 2826 suo
1449 2772 1478 2826 F.
1490 2773 1503 2841 ΙΙ

299 2847 499 2973 ῗυὲἓῶ
510 2848 540 2902 Γ.
551 2847 566 2916 ΙΙ
579 2849 621 2915 iit]
641 2850 676 2900 At
692 2847 733 2909 (1)
740 2846 815 2901 Torr.
827 2849 841 2915 ΙΙ
854 2851 1011 2902 recedamus
1030 2845 1059 2900 F.
1073 2847 1085 2917 ΙΙ
1099 2851 1237 2912 tarquinus
1255 2846 1287 2903 F.
1298 2847 1312 2916 ΙΙ
1326 2845 1366 2900 itt.
1384 2847 1516 2909 Tarqrrinii

370 3075 480 3129 Mettius
496 3075 624 3144 litseti‘ee)
650 3081 779 3148 Magnam
804 3081 890 3130 fuisso
914 3082 940 3130 in
965 3081 1105 3131 scribendo
1132 3082 1182 3130 boc
1201 3083 1307 3130 nomine
1332 3080 1385 3129 iam
1405 3079 1513 3143 antiquis

299 3151 465 3215 temporibus
484 3151 687 3200 inconstantiam
707 3166 739 3201 eo
758 3154 939 3220 cognoscitur,
959 3153 1038 3213 quod,
1058 3167 1116 3202 curn
1138 3151 1269 3220 Vergilius
1288 3152 1314 3202 in
1334 3151 1392 3201 Vlll
1412 3151 1475 3200 Aen.
1490 3165 1513 3201 u.

300 3218 368 3277 bis.
393 3222 454 3271 licet
478 3223 563 3271 codex
581 3223 720 3272 Medicens
739 3221 847 3273 Mettum
872 3223 1010 3280 exhibeat,
1035 3224 1093 3273 sine
1117 3224 1204 3272 littera
1226 3221 1238 3272 i
1262 3237 1321 3272 cum
1345 3222 1513 3286 appellasset,

300 3293 411 3343 Seruius
431 3293 602 3358 trisyllabum
625 3296 805 3357 praenominis
829 3295 942 3344 formam
967 3295 1043 3344 metri
1067 3307 1150 3343 eausa
1174 3294 1321 3343 mutilatum
1346 3293 1513 3342 existimauit:

300 3364 385 3414 tuisse
404 3365 554 3414 enimcum
573 3365 692 3414 Mettium
712 3366 852 3415 Fufetium.
894 3366 972 3430 Atqui
997 3365 1133 3432 Vergilius
1159 3365 1217 3413 sine
1243 3363 1322 3413 dubio
1341 3365 1473 3425 antiquum
1490 3363 1515 3412 et
1604 3395 1605 3404 .

300 3437 377 3485 unice
396 3450 488 3486 ueram
507 3435 664 3499 scripturam
684 3440 825 3500 posuerat,
849 3452 867 3484 a
889 3436 1107 3486 Drakenborebio
1131 3437 1164 3484 ud
1185 3435 1242 3487 itin.
1268 3436 1293 3492 l,
1315 3431 1364 3489 23.
1387 3432 1405 3483 4
1429 3433 1513 3483 contir-

300 3509 400 3556 matam
419 3508 550 3556 similibus
568 3508 784 3571 praenominibus
808 3509 882 3564 Atto,
907 3506 998 3566 Tullo,
1023 3507 1112 3564 Staio,
1139 3507 1238 3562 liosto,
1258 3521 1328 3568 quae
1350 3506 1450 3554 inserta
1473 3505 1514 3554 itis

300 3577 417 3627 littemta
435 3579 571 3646 gentilicia
588 3580 695 3628 aomina
713 3579 871 3633 euaseruntr
898 3581 926 3628 et
949 3579 986 3626 itu
1010 3578 1088 3626 bodie
1114 3591 1218 3642 quoque
1236 3579 1262 3626 in
1286 3577 1363 3626 bonis
1385 3577 1512 3624 codicibus

302 3649 406 3711 passim
426 3650 519 3699 dicitur
536 3645 642 3700 Mettus.
680 3649 724 3698 Sic
737 3650 813 3698 Paris
832 3650 859 3698 in
876 3651 994 3711 reliquiis
1008 3648 1129 3712 opusculi
1148 3649 1181 3697 de
1194 3649 1352 3705 nominibus,
1371 3647 1439 3708 quod
1450 3647 1513 3695 laiso

301 3720 432 3767 decimum
450 3721 660 3770 memorabilium
681 3721 880 3769 Valerianornm
900 3724 1024 3785 putebat,
1049 3719 1159 3768 Mettum
1180 3719 1294 3767 Curtium
1315 3719 1417 3781 posuit.
1435 3731 1512 3782 neque
1604 3731 1605 3738 ¹

301 3789 380 3838 aliter
397 3789 423 3836 in
442 3791 525 3839 Metto
545 3790 647 3840 Fufetio
665 3791 758 3854 optimi
781 3792 888 3840 codices
915 3794 945 3842 A.
965 3791 1040 3842 Gellii
1058 3789 1126 3847 XX,
1153 3787 1181 3846 i.
1205 3787 1241 3840 ei
1262 3791 1369 3839 trudere
1394 3789 1513 3840 uidentur.

301 3856 356 3906 Sed
380 3858 408 3906 in
425 3859 569 3924 plerisque,
588 3875 698 3924 quorum
722 3862 748 3909 in
768 3862 819 3909 bac
842 3874 872 3909 re
891 3863 1035 3910 auctoritas
1060 3861 1140 3917 ualet,
1163 3861 1260 3909 Metius
1279 3863 1325 3908 aut
1344 3861 1450 3910 Mettius
1468 3863 1512 3916 est,

302 3928 331 3975 ut
348 3927 375 3975 ln
393 3928 527 3977 codicibus
548 3931 670 3979 Parisino
688 3935 715 3979 et
733 3933 854 3980 Mediceo
875 3929 942 3978 Liuii
966 3931 990 3986 l,
1009 3928 1058 3988 28,
1080 3932 1123 3995 ss.
1144 3928 1174 3988 l,
1192 3927 1224 3989 e,
1246 3925 1316 3988 7,11.
1341 3931 1361 3986 i.
1379 3927 1422 3987 Q,
1441 3927 1512 3994 §M

302 3997 330 4046 et
347 3992 372 4046 5.
391 3996 412 4053 i,
434 3993 479 4053 12,
499 3999 545 4060 SS.
563 3997 590 4058 8,
608 3995 634 4061 9,
655 3999 702 4055 itii
727 4002 754 4050 in
772 4001 924 4061 Quintiliani
944 4000 954 4047 1
973 4000 1034 4051 inst.
1054 4019 1090 4052 or.
1110 3999 1140 4056 5.
1165 3996 1208 4054 12.
1233 4001 1319 4063 quisi
1339 4002 1446 4050 lintrium
1465 4002 1512 4051 uitii

303 4066 483 4136 geminatione
501 4065 598 4119 Metieo
618 4068 736 4135 Fasciico
756 4073 886 4121 dicentem
906 4072 1009 4134 poetico
1029 4073 1084 4122 iure
1103 4073 1235 4130 defendit,
1254 4073 1371 4135 protecto
1392 4085 1441 4121 nnn
1458 4087 1510 4122 enm

303 4140 418 4189 litteram
437 4140 567 4201 respexit,
589 4141 623 4188 dc
642 4155 695 4204 qua
711 4155 762 4190 nos
781 4143 902 4209 agimus,
927 4141 952 4190 in
972 4157 1024 4207 qun
1043 4143 1167 4206 opinione
1185 4143 1420 4193 Drakenborcbius
1438 4143 1511 4193 luisse

305 4209 416 4260 uidetur.
452 4209 528 4258 Paris
547 4223 652 4274 qnoque
670 4214 697 4260 in
716 4212 804 4274 cupito
822 4214 855 4261 dc
869 4215 1085 4274 praenominibus
1100 4229 1183 4277 supra
1196 4216 1402 4264 commemorato
1416 4215 1510 4264 Mettum

303 4281 435 4331 Fufetium
454 4280 544 4334 babet,
563 4282 612 4328 sed
631 4282 658 4330 in
677 4284 833 4345 compendio
852 4283 931 4331 buius
951 4286 1065 4348 exempli
1085 4286 1194 4337 Motum.
1231 4285 1342 4337 Μέττιον
1359 4287 1404 4334 eut
1421 4285 1512 4344 Me'rree,

304 4354 466 4408 constanter,
485 4351 554 4416 quod
573 4352 667 4409 sciam,
686 4354 780 4403 Graeci
799 4355 943 4416 scriptores
963 4356 1140 4419 pronuntient.
1177 4359 1216 4408 ci.
1235 4357 1313 4407 ilion.
1332 4357 1391 4406 llel.
1411 4355 1457 4414 ili,
1472 4351 1511 4412 23,

303 4419 348 4475 2⁴.
365 4419 410 4480 26,
428 4418 554 4475 28-30.
581 4423 650 4476 Piut
668 4425 763 4488 parali.
782 4423 807 4477 1.
831 4425 881 4474 iiio
901 4429 977 4478 Cass.
997 4443 1054 4477 exe.
1074 4427 1133 4477 Vei.
1152 4423 1178 4479 5.
1197 4443 1223 4492 p.
1244 4425 1295 4478 138
1315 4428 1377 4478 Mai.
1409 4429 1512 4490 Apparet

303 4494 383 4560 igitur
402 4495 566 4545 retinendam
584 4510 647 4546 esse
667 4497 693 4545 b.
711 4496 728 4547 1.
741 4497 869 4546 bonorum
883 4497 1006 4548 librorum
1026 4499 1194 4560 scripturam,
1213 4501 1311 4564 quippe
1324 4511 1402 4560 quse,
1421 4498 1510 4548 etiamsi

305 4561 378 4615 tates
395 4566 439 4622 sit,
457 4567 573 4627 antiquis
591 4569 645 4617 ium
664 4567 826 4631 temporibus
845 4583 895 4620 usu
915 4572 1023 4634 recepte
1041 4569 1128 4620 fuerit.

375 4631 402 4686 2.
421 4636 460 4688 (tt.
478 4636 537 4686 Liu.
555 4637 575 4699 i,
594 4636 638 4691 54.
659 4639 735 4690 Dion.
753 4638 814 4692 lial.
831 4641 888 4699 illi,
907 4636 951 4700 55.
969 4635 1013 4694 56.
1037 4640 1126 4692 Front.
1146 4641 1222 4691 strat.
1240 4639 1260 4700 l,
1281 4637 1306 4702 l,
1325 4637 1349 4691 t.
1372 4638 1440 4694 rior.
1455 4639 1472 4698 i,
1489 4635 1509 4694 1.
