3409 5400
323 411 397 481 at,

326 591 432 660 neque
454 569 496 634 de
518 567 572 632 his
596 587 701 655 neque
726 565 766 630 de
789 561 1020 651 Xenophonte,
1049 561 1208 640 Philisto,
1233 562 1438 630 Anaximene
1463 565 1530 650 qui<

327 700 427 770 quam
454 676 653 763 exploratum
679 686 738 739 est.
790 672 877 739 Nam
910 671 998 760 quod
1020 670 1248 739 Anaximenen
1270 669 1351 746 Vll,
1382 672 1419 746 3,
1447 683 1509 736 ext.

327 801 358 854 et
382 783 604 852 Callisthenen
627 781 700 858 Vll,
724 784 755 858 2,
780 793 842 848 ext.
869 781 909 846 11
934 792 965 844 et
987 779 1051 854 IX,
1083 781 1114 856 3,
1146 791 1206 844 ext.
1233 782 1252 844 1
1276 780 1530 845 commemoraui

218 914 222 920 ’
328 896 371 963 ad
393 898 485 982 ipsos
508 892 678 978 homines,
701 911 770 955 non
793 889 837 954 ad
860 890 983 974 scripta
1006 909 1118 954 eorum
1141 889 1293 976 respexit.
1347 887 1421 969 Quo
1444 888 1530 973 magi

327 1007 417 1070 iuuat
441 999 529 1088 quod
552 999 586 1062 ln
611 999 802 1084 quaestione
827 1007 894 1061 tam
923 997 1055 1081 ancipiti
1077 1008 1205 1084 praeter
1227 993 1428 1061 Herodotum
1459 996 1530 1058 unic·

329 1109 446 1178 saltem
470 1107 638 1194 scriptoris
670 1105 787 1169 Graeci
818 1115 908 1170 certa
938 1104 1081 1190 uestigia
1109 1102 1401 1191 deprehendimus,
1432 1101 1530 1167 Tima·

329 1215 603 1288 Tauromenitani,
627 1214 720 1278 cuius
738 1213 958 1298 fragmentum
977 1210 1120 1297 propitia
1133 1213 1265 1276 fortuna
1281 1210 1377 1278 nobis
1402 1212 1530 1276 seruaui

329 1335 429 1390 totum
451 1324 486 1388 in
509 1319 572 1386 hos
595 1320 696 1387 libros
725 1323 770 1386 ita
800 1344 821 1386 a
842 1318 978 1386 Valerio
1007 1320 1183 1392 Insertum,
1214 1328 1249 1383 ut
1278 1319 1530 1384 consentientibt

330 1431 469 1519 singulis
489 1430 557 1492 fere
580 1429 701 1502 uerbis,
727 1450 810 1516 quae
823 1427 886 1497 hae
900 1428 1030 1514 quidem
1043 1427 1229 1491 narratione
1242 1427 1445 1491 contiuentnr
1468 1425 1530 1490 null

329 1543 398 1606 iure
424 1537 465 1602 ad
490 1535 590 1602 alium
613 1536 807 1599 referrentur
832 1546 973 1601 auctore.
1024 1533 1258 1622 Fragmentum
1281 1533 1360 1598 illud
1381 1533 1500 1622 legitur
1523 1535 1530 1596 i

330 1645 434 1714 schol.
452 1643 496 1710 ad
511 1642 633 1708 Aeseh.
658 1665 711 1730 ap.
727 1641 841 1708 Reisk.
866 1654 958 1708 oratt.
974 1641 1094 1706 Graeci
1116 1640 1162 1706 Ill
1183 1663 1216 1728 p.
1242 1641 1304 1706 751
1329 1652 1360 1705 et
1382 1643 1417 1706 in
1439 1641 1530 1704 Mure

329 1775 417 1820 narr.
439 1752 524 1816 leett.
537 1747 639 1824 XIIII,
666 1749 705 1815 15
718 1756 753 1832 ¹),
777 1749 902 1816 Valerii
916 1751 985 1814 eius
1008 1749 1181 1814 oonuersio
1205 1747 1229 1823 I,
1255 1751 1284 1823 7,
1309 1759 1370 1813 ext.
1385 1749 1415 1814 6.
1463 1746 1530 1827 Qua

331 1883 405 1926 curn
427 1861 474 1923 ita
497 1855 702 1932 sehabeant,
725 1857 791 1922 alia
814 1879 943 1944 quoque
954 1855 1111 1920 nonnulla
1123 1866 1155 1919 et
1169 1854 1266 1919 rebus
1282 1856 1365 1940 ipsis
1382 1854 1504 1920 similia
1527 1885 1530 1906 ·

331 1965 479 2034 similiter
501 1964 605 2029 relata
629 1984 668 2028 ex
692 1964 809 2028 eodem
831 1964 920 2029 fonte
943 1985 1101 2029 manasse
1126 1975 1381 2029 consentaneum
1405 1973 1464 2026 est.
1517 1961 1530 2025 l

331 2095 413 2140 sane
444 2091 527 2158 quae
554 2071 590 2134 in
614 2069 719 2134 Gellia
742 2072 812 2135 siue
833 2070 930 2136 Gillia
952 2069 1169 2157 Agrigentino
1194 2072 1332 2135 eximiae
1354 2070 1528 2136 liberalitat

331 2192 427 2268 atque
456 2177 668 2244 humanitatis
693 2179 876 2264 specImIna
897 2189 1107 2242 recensuerat
1137 2176 1289 2244 Timaeus
1320 2173 1354 2242 ἐν
1377 2179 1417 2265 τῇ
1442 2199 1530 2241 aava

330 2281 512 2374 καιδεκάτῃ
536 2294 617 2350 teste
641 2283 788 2350 Di0doro
813 2284 925 2350 Siculo
949 2284 1045 2360 XIII,
1069 2285 1112 2351 83
1136 2309 1167 2372 p.
1192 2286 1267 2362 608,
1297 2307 1339 2350 ea
1353 2282 1444 2350 'inde
1468 2282 1530 2346 hau

331 2393 427 2460 dubie
452 2393 625 2480 desumpta
646 2393 774 2479 repetiit
796 2390 873 2457 Val.
896 2391 971 2467 llll,
996 2395 1033 2469 8,
1062 2405 1123 2457 ext.
1155 2393 1187 2458 2.
1233 2391 1311 2458 Alia
1337 2393 1446 2457 minus
1471 2410 1530 2454 cert

331 2511 422 2576 sunt3
450 2501 532 2565 inter
557 2522 640 2587 quae
665 2511 774 2566 tamen
798 2500 949 2587 equidem
972 2523 1168 2587 persuasum
1189 2500 1297 2565 habeo
1321 2500 1364 2564 ad
1388 2499 1530 2564 TImaeut

330 2607 503 2671 referenda
526 2629 601 2672 esse
626 2630 709 2694 quae
732 2608 886 2675 Valerius
911 2610 969 2687 VI,
993 2610 1025 2685 2,
1048 2620 1109 2674 ext.
1132 2609 1153 2673 2
1177 2609 1217 2672 de
1240 2607 1387 2673 libertate
1409 2605 1530 2671 mulieri

332 2713 503 2779 cuiusdam
527 2714 759 2801 Syracusanae
781 2718 817 2781 in
839 2715 1034 2805 Dionysium
1062 2730 1183 2781 narrat.

418 2818 602 2886 Adnectam
624 2822 676 2887 his
702 2823 784 2889 duos
808 2820 1024 2913 γεωγράφους
1035 2825 1234 2890 obscurioris
1251 2826 1371 2898 famae,
1391 2844 1474 2911 quos
1498 2844 1530 2885 n<

327 2930 431 2993 minat
453 2925 607 2993 Valerius
632 2927 727 3005 VIII,
754 2933 812 3007 13,
837 2943 899 2997 ext.
926 2935 944 2995 7
974 2932 1115 2997 irridens
1137 2933 1312 2998 mendacia
1335 2951 1457 3003 eorum,
1481 2949 1530 2992 nu]

237 3120 241 3129 ⁸
327 3038 421 3123 ipsos
445 3038 623 3124 inspexerit
645 3040 769 3114 neseio,
800 3038 1062 3126 Xenophontem,
1086 3041 1142 3127 qui
1165 3034 1353 3128 περίπλουν
1381 3036 1530 3122 scripsise

327 3144 437 3217 fertur,
470 3154 501 3206 et
530 3142 765 3221 Alexandrum,
791 3149 845 3234 qui
868 3147 985 3213 llbrum
1009 3149 1049 3211 de
1079 3147 1207 3235 Illyrico
1231 3157 1335 3211 tractu
1363 3143 1530 3231 composui

329 3249 424 3317 Hune
451 3249 675 3318 Alexandrum
692 3252 818 3318 Plinius
842 3253 906 3318 Vll
927 3253 960 3318 h.
983 3277 1016 3319 n.
1040 3255 1084 3320 48
1103 3254 1288 3319 Cornelium
1311 3263 1417 3327 uocat,
1442 3272 1530 3338 quan

333 3380 432 3447 quam
454 3358 714 3447 reliquaomnia,
738 3362 881 3449 quaeibi
902 3371 1025 3436 narrat,
1049 3383 1089 3426 ex
1111 3360 1175 3425 hoe
1198 3360 1324 3427 Valerii
1352 3360 1457 3445 capite
1485 3362 1530 3423 n'u

330 3478 437 3533 tuatus
474 3478 534 3533 est.
591 3466 703 3555 Itaque
738 3466 829 3533 hand
863 3467 958 3533 dubie
992 3468 1083 3534 illum
1116 3467 1338 3533 Alexandrum
1371 3465 1530 3531 Corneliiu

330 3574 545 3662 significarit,
582 3597 678 3663 quem
708 3576 885 3641 Suetonius
922 3576 962 3639 de
1005 3576 1050 3641 ill.
1085 3595 1225 3663 gramm.
1265 3575 1308 3639 20
1338 3584 1468 3662 propter
1498 3595 1530 3637 ar

329 3682 485 3767 tiquitatis
510 3685 657 3749 notitiam
682 3707 703 3749 a
724 3682 833 3749 multis
845 3682 1097 3771 Polyhistorem,
1121 3706 1143 3747 a
1166 3681 1362 3769 quibusdam
1376 3680 1530 3745 Ilistoriar

329 3797 482 3852 uocatum
506 3809 580 3853 esse
604 3790 711 3855 tradit.
764 3792 872 3881 Atque
895 3795 930 3859 in
962 3791 1113 3879 catalogo
1139 3800 1316 3863 auctorum,
1348 3788 1465 3876 quibus
1496 3809 1530 3873 pr

329 3891 472 3957 fontibus
508 3914 589 3959 usus
626 3908 676 3959 est
704 3896 840 3975 Plinius,
879 3919 1116 3986 saepenumero
1148 3896 1334 3963 Alexander
1369 3894 1530 3982 Polyhistc

331 4012 613 4065 commemoratur.
659 3999 760 4069 Plura
771 4004 811 4069 de
824 4026 863 4070 eo
877 4006 1129 4071 communicauit
1140 4003 1262 4069 Suidas
1286 4028 1318 4069 u.
1336 3996 1530 4087 Ἀλέξανδρε

331 4100 349 4175 ὁ
366 4100 552 4194 Μιλήσιος.
586 4109 667 4175 Erat
681 4111 899 4200 paedagogus
913 4112 1054 4178 Cornelii
1064 4111 1203 4186 LentuII,
1221 4135 1241 4176 a
1256 4135 1319 4200 quo
1331 4110 1530 4176 manumisso

330 4214 459 4280 Romae
488 4216 567 4280 uixit
590 4216 701 4304 Syllae
733 4218 932 4306 temporibus
957 4231 988 4282 et
1010 4220 1199 4285 innumeros
1223 4240 1329 4306 paene
1352 4218 1452 4283 libros
1477 4237 1530 4280 cor

332 4322 473 4407 scripsit.
520 4320 708 4411 Xenophon
721 4337 829 4393 autem
847 4325 901 4391 ille
914 4325 1162 4413 Lampsacenus
1176 4346 1251 4391 esse
1272 4326 1410 4395 uidetur,
1421 4323 1530 4409 saepiu

397 4588 423 4657 ¹)
441 4593 561 4644 Muretus
581 4594 703 4660 exemplo
722 4607 780 4654 suo,
800 4596 829 4646 ut
846 4594 959 4655 addetur,
984 4595 1111 4661 deeeptus
1130 4596 1276 4649 'limoniam
1297 4595 1391 4649 neseio
1411 4607 1488 4663 quem
1504 4609 1530 4659 pr

330 4658 441 4715 Timaeo
458 4665 556 4731 potnit
591 4665 709 4720 Pertinet
726 4668 816 4721 autem
834 4666 886 4721 hac
903 4669 1083 4741 fragmentum
1100 4670 1136 4722 ad
1154 4666 1257 4723 limae!
1273 4669 1332 4723 libr.
1350 4666 1394 4720 vt
