3409 5400
320 494 386 563 560
633 491 784 557 VAFRE
806 488 938 556 DICTA
962 488 1053 555 AVT
1075 486 1228 555 FACTA.

280 655 311 723 3.
409 654 489 719 Bias
516 663 642 728 autem,
671 653 765 717 cuius
796 652 961 737 sapientia
990 649 1171 716 diuturnior
1198 650 1283 712 inter
1313 646 1492 711 homines
1531 669 1577 707 e.-

321 784 420 849 quam
443 761 549 846 patria
571 760 690 824 Priene
713 759 782 833 fuit,
807 758 969 844 siquidem
993 756 1076 821 haec
1102 758 1198 822 etiam
1215 776 1301 819 nunc
1320 754 1446 839 spirat,
1477 753 1578 815 illias

320 868 456 955 perinde
479 878 574 953 atque
599 867 758 930 extinctae
782 865 926 952 uestigia
954 863 1179 929 tantummodo
1209 872 1333 935 extant.
1364 862 1417 924 ita
1448 859 1576 923 aicius

321 986 470 1061 oportere
493 973 645 1037 homines
669 974 702 1036 in
725 995 789 1036 usu
813 972 975 1036 amicitiae
998 972 1136 1045 uersari,
1160 980 1194 1033 ut
1216 968 1463 1033 meminissent
1499 988 1575 1027 eam

321 1082 364 1147 ad
388 1081 606 1168 grauissimas
628 1080 817 1143 inimicitias
840 1098 942 1163 posse
966 1079 1122 1141 conuerti.
1168 1075 1265 1157 Quod
1291 1074 1434 1161 quidem
1461 1086 1593 1158 prae-¹

313 1198 448 1273 ceptum
464 1188 571 1271 prima
586 1186 696 1270 specie
714 1186 811 1250 nimis
828 1186 969 1248 fortasse
982 1182 1133 1247 callidum
1148 1183 1295 1247 uideatur
1306 1182 1575 1265 inimicumque·

321 1292 534 1377 simplicitati,
572 1312 637 1378 qua
665 1293 841 1378 praecipue
875 1290 1079 1355 familiaritas
1114 1288 1254 1376 gaudet;
1289 1288 1351 1351 sed
1388 1290 1424 1351 si
1458 1287 1574 1349 alliu<

321 1398 421 1462 animi
444 1399 599 1486 cogitatio
623 1398 771 1462 demissa
792 1398 899 1471 fuerit,
922 1418 1079 1483 perquam
1104 1396 1180 1461 utile
1203 1396 1422 1480 repperietur.

277 1506 309 1572 4.
408 1504 657 1591 Lampsacenae
680 1524 760 1567 uero
788 1503 880 1567 urbis
909 1505 1001 1569 salus
1030 1506 1127 1569 unius
1157 1502 1355 1566 uaframenti
1382 1500 1572 1564 benefici·

320 1612 471 1677 constitit.
517 1612 603 1677 Nam
627 1633 700 1675 cmn
724 1608 767 1675 ad
791 1610 951 1675 excidium
977 1613 1047 1676 eius
1072 1630 1200 1675 summo
1226 1606 1334 1672 studio
1353 1607 1598 1671 Alexander·

319 1720 463 1793 ferretur,
485 1736 763 1807 progressumque
780 1728 871 1781 extra
885 1720 1017 1782 moenia
1033 1718 1269 1791 Anaximenen
1293 1726 1567 1802 praeceptorem

320 1848 431 1900 suum,
455 1825 617 1901 uidisset,v
636 1826 713 1911 quia
735 1826 945 1889 manifestum
977 1835 1045 1889 erat
1075 1825 1216 1889 futurum
1249 1832 1283 1885 ut
1312 1842 1437 1907 preces
1471 1841 1564 1884 suas

319 1934 388 1995 irae
412 1933 483 1995 eins
499 1943 687 2017 opponeret,
711 1952 776 1995 non
789 1930 949 1995 facturum
966 1952 1002 1995 se
1019 1930 1107 2017 quod
1123 1933 1258 2017 petisset
1272 1928 1404 1993 iurauit.
1458 1926 1562 1990 Tune

322 2038 542 2103 Anaximenes
566 2037 677 2114 *Peto'‚
699 2038 813 2123 inquit,
840 2046 887 2100 ‘ut
910 2036 1130 2121 Lampsacum
1155 2035 1287 2101 diruas'.
1332 2033 1432 2098 Haec
1458 2032 1559 2096 uelo·

322 2178 346 2235 1.
365 2182 391 2247 S.
409 2176 434 2233 3.
453 2196 502 2235 om.
522 2178 551 2233 Γ.
565 2179 579 2249 ΙΙ
589 2179 642 2246 est]
663 2195 711 2232 om.
733 2177 761 2232 0.
781 2184 840 2230 aare
859 2182 926 2231 inter
942 2177 980 2231 D.
992 2178 1005 2247 ll
1016 2176 1042 2231 2.
1060 2180 1104 2229 hie
1121 2176 1179 2232 EF
1193 2183 1219 2229 et
1235 2192 1302 2229 corr.
1321 2175 1358 2230 D.
1374 2172 1389 2247 ll
1403 2174 1431 2229 4.
1454 2192 1509 2227 eas
1522 2172 1554 2225 F.
1603 2220 1604 2235 ,

330 2252 344 2321 ΙΙ
355 2250 380 2305 6.
399 2254 484 2317 prima
502 2268 550 2305 om.
568 2250 602 2303 E.
616 2250 628 2318 ΙΙ
643 2250 745 2317 specie]
765 2247 828 2303 edd.
851 2254 929 2301 tenus
947 2248 982 2302 E.
1009 2252 1076 2301 laria
1095 2248 1130 2303 D.
1150 2248 1163 2317 ΙΙ
1179 2249 1203 2301 l.
1223 2251 1336 2301 altiorib.
1350 2276 1363 2301 t
1389 2247 1457 2309 (litt.
1476 2252 1505 2299 b.
1524 2246 1552 2295 i·

318 2331 424 2386 rasura)
441 2322 474 2378 Α,
494 2328 571 2374 aurea
589 2324 708 2373 altiorius
719 2318 810 2387 sitisse
827 2318 939 2372 uidetur.
954 2319 1092 2372 altiorOE
1102 2320 1132 2373 F.
1152 2323 1238 2371 arcior
1250 2318 1286 2372 D.
1306 2322 1455 2371 altioribus
1471 2316 1551 2369 Terr.

329 2393 343 2461 ll
354 2394 380 2446 8.
399 2398 495 2446 animia
512 2393 573 2455 (tier.
592 2409 607 2444 a
626 2409 642 2444 a
661 2406 730 2445 corr.
750 2388 823 2452 odd.)
839 2390 872 2449 A.
894 2389 971 2442 Torr.
983 2390 996 2457 Η
1007 2388 1032 2444 9.
1053 2393 1238 2443 lamsacenae
1254 2388 1378 2443 AGDP.
1399 2392 1549 2441 lauceae
1603 2416 1604 2423 .

318 2464 353 2518 E.
372 2468 517 2518 lansecene
534 2462 566 2517 F.
584 2465 728 2529 Lampsaci
747 2462 808 2515 Por.
820 2461 833 2529 ΙΙ
846 2462 920 2529 itero]
937 2468 1001 2530 port
1017 2465 1090 2513 urbis
1108 2461 1140 2514 A.
1163 2476 1267 2529 quoqne
1286 2460 1316 2513 Γ.
1329 2461 1343 2525 ΙΙ
1359 2460 1546 2512 nnatramenti

318 2534 482 2603 Ellconstitit
491 2538 620 2587 beneflcio
632 2532 713 2604 ΜΗ
721 2532 906 2600 l0.exeidiuml
917 2533 980 2585 Par.
988 2538 1012 2584 et
1020 2533 1048 2585 in
1057 2533 1191 2586 reserari.
1202 2534 1308 2585 exltinm
1322 2530 1379 2585 OD
1386 2532 1419 2587 ιε’.
1429 2534 1545 2584 exicium

317 2604 381 2657 ΕΓ.
395 2603 456 2659 Vid.
466 2603 502 2657 ad
514 2603 545 2665 V.
557 2604 583 2661 2.
596 2605 619 2657 l.
630 2606 644 2672 ll
656 2608 801 2657 alexander
810 2620 913 2656 summo
924 2606 1010 2655 studio
1021 2602 1049 2656 F.
1060 2604 1074 2671 ll
1089 2604 1128 2657 ll.
1140 2606 1323 2655 anaximenem
1337 2600 1542 2656 enarrare.
1603 2596 1604 2677 l

328 2674 342 2743 ΙΙ
356 2672 396 2728 lt.
406 2678 494 2741 inquid
500 2692 544 2745 pr.
554 2676 585 2730 A.
601 2675 612 2749 ΙΙ
627 2679 774 2728 lamsacnm
787 2675 841 2730 AC
846 2673 876 2730 Γ.
890 2678 1071 2727 lamsacenam
1082 2674 1118 2728 D.
1132 2677 1267 2728 lassaeum
1278 2674 1313 2728 Ε.
1327 2677 1489 2727 lansacrnm
1500 2671 1526 2726 F.
1603 2678 1604 2687 ’

820 2765 1032 2778 2-

318 2801 405 2850 locum
423 2815 530 2852 cursum
549 2802 694 2868 dirigerent
715 2805 743 2853 et
764 2816 798 2852 eo
822 2802 882 2854 loco
907 2802 1018 2865 primum
1041 2802 1102 2868 eqni
1126 2803 1252 2852 hinnitum
1272 2805 1468 2866 expectarent.
1493 2815 1539 2850 uon

318 2871 396 2920 nimis
415 2873 501 2935 lepide
519 2873 675 2929 immutanit,
694 2887 781 2935 paene
800 2874 910 2922 dixerim
929 2873 1022 2923 inscite
1041 2875 1157 2938 corrupit
1174 2875 1242 2936 quod
1268 2875 1313 2924 ille
1335 2875 1369 2923 de
1389 2873 1468 2923 eerlo
1488 2875 1540 2922 low

318 2942 345 2992 et
363 2944 434 2992 certo
452 2945 573 3005 tempore
590 2943 616 2993 in
636 2957 669 2993 ea
688 2943 779 2992 labala
796 2945 910 2995 tradidit.

387 3005 412 3062 3.
432 3013 533 3133 01ξὲοηί
552 3013 717 3063 hecdicium
736 3013 825 3062 tribuit
843 3016 874 3064 Λ.
893 3015 959 3064 Geli.
978 3015 997 3073 Ι,
1017 3008 1042 3074 3,
1061 3009 1104 3066 30.
1124 3016 1171 3066 sed
1185 3015 1271 3066 simile
1285 3015 1344 3081 quid
1358 3014 1451 3065 Bianti
1465 3015 1539 3080 Diog.

316 3083 407 3134 Laert.
423 3083 443 3141 Ι.
496 3121 503 3135 .

387 3153 412 3204 ri
429 3153 509 3205 attiae
526 3152 608 3205 ommi
625 3151 748 3220 capitatio
766 3151 879 3207 demissa
888 3155 988 3222 sarrit)
1015 3157 1127 3208 Codices
1146 3159 1179 3208 ad
1200 3159 1313 3208 alteram
1332 3157 1465 3207 familiam
1486 3170 1541 3220 per·

316 3226 431 3277 tinentes
449 3228 549 3276 taniam
568 3242 620 3276 non
639 3241 733 3276 amnes
752 3223 833 3278 altior
850 3226 932 3277 animi
949 3225 1072 3293 capitatio
1091 3231 1211 3287 tradunt3
1232 3230 1299 3295 qnod
1320 3243 1354 3278 ne
1373 3229 1414 3277 ita
1434 3230 1538 3290 quiden

316 3298 378 3348 terri
396 3301 495 3363 potest.
515 3300 538 3348 si
557 3313 573 3349 e
591 3299 721 3349 Perizonii
739 3298 891 3348 coniectura
910 3297 1004 3350 opimis
1021 3300 1158 3364 posueris,
1184 3315 1242 3351 cum
1263 3301 1357 3350 Latine
1374 3313 1431 3348 non
1450 3299 1538 3367 magis

316 3370 394 3419 altior
412 3371 491 3420 animi
510 3371 637 3439 cogitatio
656 3371 779 3420 absolute
798 3371 898 3420 demitti
918 3371 1020 3421 dicatur
1037 3385 1116 3437 qnam
1137 3385 1181 3422 res
1201 3372 1300 3422 demitti
1316 3371 1394 3420 alicui
1416 3371 1479 3419 laco
1501 3369 1536 3419 uel

316 3442 405 3505 aliquo
424 3443 483 3492 loco
501 3457 549 3506 pro
569 3458 601 3493 eo
621 3442 688 3508 qnod
709 3443 790 3510 nnlgo
808 3444 851 3491 est
869 3442 895 3491 in
918 3443 1032 3505 aliquem
1052 3443 1146 3495 locum.
1183 3442 1236 3493 Sed
1257 3444 1336 3509 longe
1356 3442 1431 3491 aliud
1451 3443 1479 3490 in
1500 3457 1536 3490 ar·

315 3514 432 3578 ehelypo
450 3516 541 3564 codice
560 3514 644 3563 fuisse
663 3527 678 3562 c
697 3513 775 3562 litura
793 3513 938 3562 Bernoasls
958 3515 1016 3564 libri
1034 3515 1173 3581 colligitur.
1193 3516 1243 3564 sub
1258 3529 1310 3578 qua
1333 3527 1402 3561 nunc
1430 3514 1536 3577 quidem

315 3586 410 3634 eadem
428 3587 566 3648 prodente,
592 3599 661 3651 quae
685 3583 823 3650 hocusque
840 3585 931 3650 inepte
950 3597 1060 3649 prorsus
1079 3587 1239 3642 edebantur.
1264 3579 1404 3634 biberibus
1429 3582 1535 3634 onmis.

315 3655 399 3705 latere
417 3657 521 3706 uidetur
538 3653 667 3706 adierim.
708 3656 794 3720 Atque
818 3669 852 3705 ex
877 3657 928 3706 hac
953 3655 1092 3718 archetypi
1118 3656 1232 3718 exempli
1256 3656 1386 3716 scriptura
1409 3654 1536 3704 facillime

315 3737 382 3774 sane
400 3725 558 3791 reliquorum
578 3728 697 3776 codicum
716 3727 795 3775 inodo
814 3723 906 3784 autor,
926 3729 1004 3776 modo
1024 3723 1140 3784 altioris,
1160 3727 1237 3774 modo
1251 3721 1390 3775 altioribus
1405 3725 1538 3774 exhiben-

314 3794 378 3842 tium
398 3795 578 3859 discrepantia
596 3797 739 3847 derlnatnr.
784 3798 859 3856 Quod
885 3797 908 3844 si
929 3811 1019 3847 uerum
1038 3799 1088 3856 est,
1114 3798 1227 3860 apparet
1247 3796 1310 3844 illud
1330 3793 1456 3845 altioriroe
1474 3811 1535 3860 pro·

315 3863 411 3911 tectum
431 3877 494 3914 esse
513 3881 530 3915 a
551 3867 672 3924 librario,
698 3866 756 3931 qui.
781 3881 841 3915 enm
864 3879 1005 3928 perperam
1030 3871 1167 3918 exaratum
1192 3867 1268 3916 esset
1291 3863 1382 3922 altior.
1407 3866 1535 3916 uitiosum
1603 3905 1604 3910 ¹

314 3933 525 3984 terminationem
546 3937 736 3986 emcudauerat
759 3949 842 4000 supra
867 3936 910 3984 nel
934 3935 1007 3984 iuxta
1032 3939 1131 4002 scripta
1155 3936 1210 3994 ias.
1235 3939 1264 3986 ut
1288 3933 1367 3987 aliiae
1390 3937 1536 4004 legendum

314 4015 378 4053 esse
397 4003 534 4054 iudicaret.
569 4009 644 4065 Qirod
664 4008 723 4056 aine
741 4021 776 4056 ex
795 4005 942 4069 archetypo
961 4019 1010 4054 sno
1030 4008 1129 4059 Valerii
1148 4009 1270 4071 exemplo
1289 4008 1394 4070 petiuit.
1419 4009 1481 4056 sine
1503 4023 1536 4058 ex
1603 4013 1604 4016 ’

315 4073 367 4124 allo
386 4075 567 4124 emendatiore
586 4077 662 4135 libro,
681 4078 739 4126 stne
758 4077 901 4125 diuinando
921 4078 1048 4139 repperit,
1074 4081 1150 4130 unice
1175 4093 1266 4129 ueram
1288 4081 1367 4144 atque
1387 4079 1535 4146 genuinum

314 4146 469 4197 iudicamus.
507 4147 540 4194 Vt
558 4145 656 4194 similia
674 4147 798 4210 exempla
816 4161 923 4209 ponam,
943 4148 1055 4212 loquitur
1074 4152 1111 4200 ita
1125 4151 1243 4201 Iustinus
1263 4149 1329 4206 l'lll,
1349 4147 1374 4206 ὃ.
1399 4147 1437 4204 ΙΙ.
1456 4147 1536 4200 dolor
1603 4153 1604 4162 ¹

314 4217 362 4268 boe
380 4213 459 4266 ultim
470 4210 607 4268 demissae.
627 4228 676 4282 prro
695 4215 781 4267 minae
794 4213 918 4284 profiteri
935 4215 1003 4276 licet.
1023 4219 1132 4273 Sallust.
1152 4223 1209 4289 lug.
1230 4217 1270 4280 il,
1290 4218 1304 4270 7
1331 4215 1408 4278 Qaed
1424 4217 1534 4270 aeriam

314 4289 343 4341 ia
356 4292 449 4357 pectas
465 4283 605 4353 inpertitur
624 4284 703 4336 attiae
720 4301 796 4353 qaam
814 4285 950 4353 qaisquam
967 4289 1265 4344 rotuseratdcecendit.
1293 4292 1331 4344 Cf.
1345 4292 1398 4342 Cic.
1416 4293 1442 4340 in
1455 4293 1533 4343 Verr.
1603 4347 1604 4358 γ

315 4365 365 4412 act.
385 4361 405 4420 1,
423 4355 449 4418 9,
470 4355 510 4410 l'l.
538 4357 603 4408 Tae.
624 4371 684 4408 ann.
704 4358 723 4415 l,
743 4351 778 4408 32
796 4363 824 4408 et
841 4353 885 4409 69.
911 4359 947 4418 11,
966 4357 1010 4412 82.
1034 4358 1159 4417 1111.st
1191 4364 1315 4412 Mendnm
1338 4363 1418 4429 igitur
1436 4363 1532 4412 eodem

314 4434 393 4482 mode
412 4433 496 4481 ortum
515 4432 558 4481 eat
575 4430 656 4491 atque
675 4429 734 4486 illa,
758 4443 829 4492 quoe
853 4431 943 4480 notaui
963 4431 1013 4488 ΙΙΙ.
1033 4429 1059 4488 7.
1078 4427 1104 4491 9,
1124 4433 1168 4482 ubi
1187 4434 1214 4482 in
1233 4434 1368 4483 codicibus
1387 4446 1453 4498 quoe
1470 4437 1532 4482 aete

314 4503 495 4554 circumfertur
512 4519 561 4567 pro
579 4514 629 4568 quo
647 4494 675 4552 ti
692 4501 719 4551 el
737 4500 768 4558 V,
782 4497 807 4558 4,
826 4503 880 4550 ext.
892 4497 918 4556 5.
937 4503 990 4559 ubi,
1009 4517 1069 4552 eum
1082 4500 1199 4554 ultimum
1211 4505 1335 4554 librarius
1349 4505 1530 4568 suprascripto

313 4587 344 4622 er
361 4575 386 4621 in
405 4571 511 4624 attimar
528 4573 680 4624 mutandum
700 4585 763 4624 esse
781 4572 942 4633 indicasset,
969 4573 1067 4624 tactum
1086 4577 1129 4625 eet
1146 4573 1263 4626 eitimam
1281 4573 1364 4626 caera
1381 4571 1530 4626 solitudinis

311 4657 361 4708 pro
378 4640 495 4695 ultim
511 4642 565 4695 iam
581 4640 739 4696 aaudiat.

383 4708 409 4765 t.
428 4716 467 4766 ct.
485 4715 602 4766 Pansam
621 4717 665 4775 vi,
686 4712 727 4775 18,
745 4709 773 4775 2.
800 4714 874 4765 Suid.
892 4731 918 4768 u.
932 4712 1106 4785 Ἀναξιμένης.
