3409 5400
523 538 605 607 LlB.
630 536 703 615 Vll,
726 539 764 603 G.
786 540 819 614 2.
842 538 914 606 Exi.
939 548 967 616 s.
992 540 1069 609 9·-
1084 541 1134 606 ll.
1377 542 1441 610 547

307 697 503 763 Aristoteles
527 709 636 766 antem
660 696 884 765 Callisthenen
908 698 1089 765 auditorem
1113 720 1208 763 suum
1233 700 1277 764 ad
1300 699 1504 771 Alexan-ll.

218 804 314 869 drum
339 805 504 871 dimittens
527 806 654 869 monuit
683 828 756 886 curn
782 829 820 869 eo
844 813 899 871 ant
922 807 1086 869 rarissime
1115 817 1172 870 aut
1199 826 1297 893 quam
1328 808 1442 874 iucun-

218 910 355 975 dissime
379 911 573 997 loquerctur‚
599 934 663 997 quo
688 913 812 976 scilicet
841 913 928 999 apud
959 914 1070 993 regias
1103 936 1200 979 aures
1229 913 1283 977 uel
1315 914 1443 979 silentio

219 1020 317 1083 trrtior
349 1017 402 1083 uel
431 1040 583 1083 sermone
615 1032 705 1083 esset
734 1021 909 1104 acceptior.
961 1018 1004 1083 At
1032 1019 1095 1094 itte.
1121 1020 1199 1084 dum
1222 1018 1456 1104 Alexandrum,

85 1183 91 1213 ξ
192 1123 357 1189 sPcrsica
378 1123 595 1189 Macedonem
607 1124 808 1190 salutatione
826 1126 1024 1213 gaudentem
1042 1126 1196 1213 obiurgat
1219 1137 1251 1191 et
1273 1126 1316 1191 ad
1332 1126 1428 1191 Mace

220 1231 359 1295 donicus
398 1253 508 1295 nrorcs
538 1229 676 1295 inuitum
708 1255 866 1297 reiterare
899 1232 1052 1297 beniuole
1086 1242 1290 1317 perseuerat,
1328 1234 1443 1320 spiritu

219 1358 333 1403 carere
350 1338 473 1411 iussus.
497 1359 608 1401 soram
632 1337 771 1424 neglecti
796 1338 937 1403 salubris
963 1338 1091 1404 consilii
1109 1341 1341 1425 paenitentiam
1366 1343 1442 1427 egit.

309 1442 399 1507 Idem
425 1443 618 1508 Aristoteles
649 1444 690 1507 de
722 1457 827 1509 seruet
853 1446 927 1529 ipso
959 1447 992 1511 iu
1023 1457 1170 1511 neutram
1201 1458 1326 1531 praetem
1354 1446 1444 1534 loqui

220 1549 339 1613 debere
365 1549 593 1634 praedicabat,
622 1552 777 1636 ‹prouiam
800 1550 936 1615 laudare
960 1574 997 1617 se
1021 1554 1115 1627 rrani,
1142 1555 1328 1639 uituperare
1357 1553 1445 1619 stulti

83 1717 86 1736 ,
182 1672 211 1715 1⁰
221 1669 321 1723 esset.
351 1657 508 1723 Eiusrlern
525 1669 576 1721 cst
592 1657 800 1723 utilissimum
813 1669 1022 1743 praeceptum
1038 1671 1073 1725 nt
1089 1659 1273 1746 uoluptates
1287 1658 1443 1725 abeuntes

222 1870 247 1923 i.
266 1873 411 1922 aristotiles
430 1870 491 1924 EF.
506 1870 517 1940 ΙΙ
532 1872 690 1921 callistenen
698 1887 744 1939 pr.
759 1868 790 1925 A.
809 1874 959 1923 ullcslenen
977 1868 1005 1925 0.
1025 1872 1172 1937 calistenen
1184 1873 1220 1925 D.
1240 1874 1397 1925 calistenem
1409 1869 1444 1927 E.

221 1944 387 1993 collisionem
407 1940 467 1995 Fr.
487 1944 676 1994 Callisthenem
697 1940 774 1994 Torr.
803 1940 837 1993 Vt
854 1958 901 1994 nos
922 1942 985 1995 Par·
1003 1944 1016 2009 ΙΙ
1033 1940 1058 1995 2.
1083 1946 1189 1995 mittens
1217 1940 1335 1996 CDEF
1356 1949 1382 1995 et
1399 1958 1445 2011 pr.

220 2010 251 2065 A.
279 2010 313 2064 Vt
329 2028 377 2064 aas
395 2012 472 2063 etiam
490 2012 698 2079 halincurth]
719 2011 781 2065 add.
801 2021 829 2063 ut
846 2012 977 2067 DEPnr.
1004 2012 1080 2067 Torr.
1109 2014 1150 2081 Os.
1179 2012 1243 2071 Vll,
1268 2012 1302 2070 2.
1329 2020 1378 2069 ent.
1404 2008 1445 2068 ld.
1505 2050 1508 2055 -

236 2085 249 2153 ΙΙ
264 2091 311 2135 arrt
329 2084 477 2150 rarissime]
497 2100 546 2137 am.
561 2100 606 2153 pr.
623 2082 647 2135 Α
666 2092 693 2133 et
707 2090 753 2153 pr.
774 2084 803 2137 C.
821 2089 868 2135 aut
892 2102 972 2149 qnam
996 2086 1134 2138 rarissime
1156 2084 1184 2136 D
1203 2091 1228 2138 et
1252 2100 1322 2139 corr.
1346 2083 1374 2138 0.
1399 2087 1446 2137 arrt

222 2173 301 2223 qnam
333 2161 407 2206 rneto
435 2152 467 2206 F.
492 2158 504 2220 Ιι
527 2156 716 2204 iocundissima
746 2152 918 2207 CDEFP.
941 2154 954 2222 ΙΙ
975 2153 1000 2208 5.
1030 2157 1215 2223 Macedonem]
1247 2161 1306 2207 sale
1336 2157 1447 2207 Persica

222 2226 301 2279 Torr.
320 2229 495 2277 macedonum
515 2223 541 2276 Ε
559 2231 586 2275 et
603 2238 672 2276 corr.
690 2223 722 2275 Α.
744 2228 917 2277 macedonica
939 2224 996 2287 (scd
1009 2231 1074 2295 post
1089 2230 1261 2295 gaudentem)
1278 2223 1315 2279 D.
1331 2224 1345 2293 ΙΙ
1362 2223 1388 2279 li.
1406 2228 1446 2277 iu·

222 2300 304 2348 nitum
323 2313 373 2349 om.
391 2296 420 2349 F.
435 2295 447 2363 ΙΙ
467 2295 493 2349 8.
513 2296 596 2361 idern}
619 2293 708 2362 prima
726 2294 814 2347 littera
833 2296 861 2347 ia
878 2311 975 2347 rasura
992 2296 1023 2350 A.
1041 2298 1055 2365 Η
1071 2300 1215 2348 aristotiles
1237 2294 1323 2351 EFI'.
1340 2296 1354 2366 ΙΙ
1371 2298 1446 2361 ipsos

220 2370 283 2423 Par.
295 2370 309 2439 ss
325 2366 363 2422 tt).
383 2367 469 2434 esset]
488 2382 551 2418 esse
569 2365 630 2433 Fati
642 2366 696 2433 est]
716 2369 801 2418 eciam
820 2366 855 2419 Ε.
875 2384 938 2419 csse
957 2366 987 2421 F.
1002 2366 1014 2435 ΙΙ
1030 2370 1180 2419 noluntates
1200 2365 1227 2422 0.

222 2566 378 2631 praecepto.
399 2566 426 2613 nt
445 2565 504 2628 ipse
517 2564 640 2614 vorstius
660 2564 757 2613 inanit:
777 2566 844 2628 qnod
865 2564 971 2615 minime
985 2565 1066 2614 noluit
1079 2564 1179 2623 auctor,
1198 2580 1257 2613 curn
1277 2564 1346 2615 aliud
1366 2564 1446 2628 plane

223 2640 259 2687 sit
278 2638 391 2702 populos
411 2639 462 2685 sub
475 2636 604 2685 dicionem
618 2649 695 2685 snam
709 2636 849 2702 relegisse
863 2636 976 2699 pecunia
989 2638 1091 2700 captos.
1112 2639 1191 2699 atque
1204 2636 1315 2691 amicos.
1334 2650 1446 2697 quornm

224 2713 390 2759 constantem
411 2709 489 2758 tidem
509 2709 647 2758 desideres
668 2713 694 2756 et
716 2708 811 2772 quibus
831 2709 947 2772 qnotidIe
967 2710 1003 2756 nti
1023 2710 1134 2763 debeas.
1154 2709 1268 2771 pecnnia
1286 2721 1392 2772 parare.
1410 2733 1446 2748 -

223 2779 303 2831 Pater
321 2794 387 2829 auus
405 2778 461 2829 rias
479 2781 522 2828 cst
541 2781 565 2827 in
585 2779 765 2841 nrannscripto
785 2780 937 2840 Copesiano
962 2779 1033 2828 band
1053 2781 1132 2830 dubie
1152 2793 1185 2828 ex
1205 2779 1313 2828 diuersa
1325 2779 1446 2830 lectione.

223 2850 298 2902 Solet
316 2853 385 2902 eninr
406 2852 497 2901 uarias
517 2851 646 2900 lectiones
664 2852 691 2898 in
714 2851 787 2898 textu
810 2863 895 2914 saepe
919 2852 1046 2912 utrasque
1071 2849 1189 2913 ponere!
1226 2851 1265 2898 lta
1284 2849 1447 2901 Perizonius.

224 2924 259 2973 At
271 2923 314 2972 uis
328 2921 484 2972 crediderim
498 2922 689 2970 humanitatem
710 2921 791 2980 illam,
811 2921 968 2983 obsequium
989 2924 1014 2971 el
1029 2921 1124 2976 olllcia.
1145 2922 1240 2983 quibus
1253 2921 1393 2984 Philippus
1412 2919 1447 2970 ad

224 3009 340 3044 amorem
361 2993 484 3043 homines
504 2993 627 3055 compelli
645 2994 758 3059 putasse
778 2993 888 3050 dicitur,
909 2993 1027 3042 caritatis
1048 2993 1178 3042 uocabula
1197 2991 1223 3042 in
1242 2992 1293 3041 hoc
1312 3007 1381 3041 nexu
1401 3005 1447 3041 nx·

222 3067 300 3130 primi
318 3079 411 3128 posse.
433 3066 504 3126 qnod
524 3068 670 3114 certarem
695 3063 874 3112 desideratam
901 3079 995 3127 purum
1015 3067 1139 3113 accurate
1165 3063 1299 3115 describit.
1335 3063 1447 3120 Deinde,

224 3153 269 3186 cur
289 3138 397 3186 tandem
416 3138 450 3185 ad
470 3135 583 3198 Philippi
601 3149 698 3184 nomen
718 3136 804 3184 denuo
828 3135 941 3185 adicitur
956 3139 1036 3202 pater
1055 3129 1133 3184 das?
1155 3149 1288 3196 quaenam
1308 3133 1447 3198 emphasis

225 3208 250 3256 in
275 3209 326 3257 eoi
351 3221 420 3272 qnae
444 3209 516 3254 tccbc
539 3206 689 3255 sententiat
724 3206 792 3256 Nam
817 3209 920 3270 patrem
947 3207 1031 3256 inisse
1061 3205 1204 3256 Alexandri
1228 3204 1378 3267 Philippum
1403 3203 1449 3265 qui

224 3279 358 3328 nescierat
376 3293 411 3326 cx
429 3277 489 3339 ipsa
508 3277 559 3324 hac
577 3278 730 3327 narratione
754 3276 798 3325 ucl
823 3293 876 3326 nou
900 3277 1011 3326 rrriiectis
1036 3277 1088 3325 iilis
1112 3277 1201 3326 uerbis
1225 3275 1370 3324 didicisset.
1402 3274 1446 3328 En

224 3361 324 3396 carreas
343 3363 389 3396 cur
408 3362 440 3395 ue
454 3348 523 3396 hanc
541 3347 647 3406 quidem
663 3347 793 3398 Perizonii
811 3349 990 3396 coniecturam
1004 3348 1170 3408 probandam
1184 3359 1247 3394 csse
1261 3343 1447 3407 praedixerim.

225 3419 317 3482 Neque
339 3420 430 3467 tamen
454 3431 523 3482 quae
542 3417 675 3478 proferam
694 3432 763 3466 nrrnc
788 3417 877 3465 habeo
903 3416 1092 3480 probabiliora.
1135 3418 1228 3482 Longe
1248 3415 1364 3463 omnium
1385 3425 1447 3476 pes·

225 3490 320 3538 simum
340 3491 383 3538 cst
400 3489 470 3550 qnod
490 3489 572 3553 rrrrigo
586 3488 724 3543 edebatur.
743 3483 780 3535 ad
791 3500 904 3534 amorem
918 3484 956 3535 tui
971 3481 1160 3551 compulisses?
1186 3483 1209 3534 A
1228 3480 1356 3534 claritate
1373 3479 1446 3534 aad

221 3563 385 3626 praestatur.
420 3556 455 3608 At
472 3571 535 3608 sero
555 3561 615 3608 ante
632 3553 771 3622 Philippus
792 3555 893 3606 maiore
916 3569 947 3606 ea
966 3561 1045 3621 parte
1069 3559 1200 3606 mercator
1219 3552 1348 3605 Graeciae
1367 3569 1444 3621 quara

225 3629 318 3682 uictor.
355 3631 447 3694 ltaque
466 3628 552 3678 altiori
571 3628 734 3689 felicioriqne
753 3626 861 3694 ingenio
887 3626 938 3676 loci
957 3627 1169 3690 desperatissimi
1189 3625 1336 3691 relinquam
1354 3639 1444 3678 emen·

225 3703 366 3753 dationem.

299 3770 340 3826 ll.
358 3772 398 3826 Ci.
415 3772 494 3838 Diog.
513 3769 604 3820 Laert-
623 3771 654 3829 Υ,
674 3766 698 3821 4.
769 3771 773 3783 '

297 3848 344 3895 aret
360 3840 498 3894 rarissime
516 3845 561 3892 ast
578 3855 655 3908 mam
672 3835 869 3899 iucundissime)
896 3839 1033 3890 Lacunam
1058 3837 1156 3890 codicis
1178 3839 1332 3904 archetypi.
1358 3841 1443 3892 ortam

227 3915 295 3982 qnod
315 3916 437 3965 librarius
462 3931 479 3962 a
501 3913 589 3977 priore
614 3917 660 3962 aut
677 3911 765 3960 statim
786 3913 818 3959 ad
839 3912 951 3960 alterum
970 3911 1102 3968 transiliit,
1121 3911 1219 3960 librarii
1239 3911 1284 3960 alii
1303 3912 1379 3962 aliter
1397 3926 1442 3963 ex·

225 3988 371 4051 plencruut.
408 3986 539 4035 blniorem
557 3985 636 4034 etiarn
656 3998 736 4045 quam
749 3982 833 4032 nostri
844 3983 1052 4046 discrepantiam
1065 3981 1219 4031 'l‘orrenianl
1233 3983 1290 4031 libri
1303 3984 1441 4046 praebent.

227 4060 294 4109 inter
312 4071 381 4120 qnos
399 4061 462 4106 sunt
478 4057 524 4118 qni
542 4056 642 4106 babeat
659 4068 717 4104 cara
736 4067 766 4104 eo
783 4057 813 4102 ut
832 4056 899 4112 (aret)
917 4067 1053 4120 numquam
1078 4057 1124 4104 ast
1147 4066 1223 4119 qaam
1246 4051 1382 4104 rarissime
1405 4051 1442 4104 la·

226 4133 356 4196 queretur.
377 4132 402 4178 el
428 4129 467 4177 sic
493 4127 548 4176 lore
567 4127 681 4176 loannes
700 4125 916 4174 saresberiensis
937 4125 1030 4174 Policr.
1050 4123 1124 4180 i'ill.
1151 4120 1183 4174 14
1205 4137 1231 4187 p.
1252 4120 1316 4182 ibe.
1338 4129 1368 4175 st
1385 4139 1443 4176 cam

227 4215 256 4252 eo
273 4213 411 4266 anaqam
428 4203 475 4248 aut
492 4194 676 4248 iucundissime
694 4193 849 4262 loqueretar.
886 4195 962 4258 Apud
986 4195 1149 4244 vincentium
1168 4193 1269 4258 Bellon.
1288 4207 1360 4257 spec.
1380 4195 1443 4245 hist.

227 4270 258 4328 V.
271 4266 306 4320 db
320 4274 361 4322 cd.
374 4270 482 4322 uenter.
502 4273 594 4318 contra
607 4267 705 4334 iegitur
716 4271 746 4318 st
756 4279 813 4316 cam
826 4280 856 4316 ea
869 4280 1022 4332 quamquam
1035 4262 1226 4316 iucundissime.
1264 4266 1293 4315 ln
1307 4266 1442 4328 utriusqus

227 4344 359 4405 excerptis
384 4342 464 4392 etiarn
488 4338 593 4390 mittens
615 4339 742 4402 seriptum
765 4341 808 4386 est
832 4339 927 4388 mendo
956 4352 990 4386 ea·
1015 4337 1162 4401 archetypo
1191 4337 1259 4386 libro
1284 4336 1310 4385 ln
1335 4339 1443 4384 nostros

228 4428 331 4478 qnoque
350 4414 457 4462 codices
475 4413 627 4478 propagato
646 4425 694 4473 pro
713 4404 853 4460 dimittens.
887 4409 969 4460 Recte
989 4407 1120 4458 el'uridis
1134 4405 1290 4468 compendio
1309 4407 1444 4455 corrector

227 4484 284 4536 libri
303 4484 433 4534 Danielini
452 4479 583 4532 dimittens
601 4481 714 4545 reecpit.
740 4480 907 4542 indidemque
932 4480 1055 4530 lacernam
1077 4475 1194 4540 expleuit
1218 4477 1318 4526 inserto
1337 4479 1383 4527 ast
1399 4489 1443 4526 ra·

226 4553 337 4607 rissirne.
374 4549 622 4617 capescendi.

296 4624 393 4692 spirita
412 4639 504 4676 carere
521 4622 619 4685 iussas)
642 4623 682 4674 De
705 4623 826 4688 supplicii
851 4636 951 4690 genero
974 4621 1125 4674 notabiliter
1148 4619 1217 4668 inter
1241 4631 1272 4668 se
1291 4618 1444 4683 discrepent

227 4701 332 4750 ueteres
351 4697 506 4761 scriptores.
543 4695 581 4746 Cl.
600 4695 767 4746 l'rcinshem.
785 4697 820 4744 ad
838 4695 909 4744 curt.
928 4693 996 4749 v111.
1016 4690 1041 4750 8.
1061 4687 1104 4742 21.
1142 4691 1260 4754 Eamque
1279 4692 1313 4742 ob
1332 4704 1443 4742 causam

227 4770 338 4822 conutto
357 4769 493 4822 Valerium
510 4769 567 4818 tarn
584 4766 719 4818 indefinite
735 4765 852 4818 locutura
872 4777 935 4816 esse
954 4763 1089 4816 existimat
1107 4760 1260 4813 Torrenins.

1187 4847 1256 4916 35*
