3409 5400
554 1482 779 1602 innunt
809 1475 1029 1600 Mllllll

183 1748 187 1755 -
268 1698 537 1777 FAGTORVM
562 1699 626 1773 ET
653 1697 910 1787 DICTORVM
934 1694 1307 1819 mostomii
1394 1737 1398 1750 ·

489 1830 723 1975 'nunu
745 1871 1065 1983 ⁴turono.

411 2167 470 2232 os
497 2162 789 2249 HVMANITATE
818 2162 874 2229 nr
901 2117 1162 2230 onnunnnn.

147 2314 413 2419 eIsibernlitatis
444 2366 528 2431 quas
560 2345 703 2429 aptiores
732 2343 870 2407 comites
897 2362 996 2429 quem
1023 2342 1260 2409 humanitatem
1282 2358 1316 2406 et
1337 2342 1401 2409 cle·
1410 2340 1435 2406 Ι.

176 2454 333 2519 tuentium
349 2452 506 2525 dederim,
525 2451 679 2537 quoniam
698 2448 785 2515 idem
802 2470 910 2537 genus
923 2448 1031 2513 laudis
1051 2448 1224 2535 expetunt?
1252 2447 1400 2530 Quarum

135 2604 139 2609 -
177 2561 285 2647 prims
306 2560 431 2645 inopis,
454 2558 603 2643 proxima
626 2557 852 2642 occupatione,
875 2557 971 2621 tertie
994 2556 1125 2641 ancipiti
1153 2556 1284 2621 fortune
1305 2577 1400 2642 prae·

179 2719 203 2772 I.
223 2719 352 2771 vALEltt
369 2747 404 2758 -
416 2713 467 2783 (³.)
480 2717 643 2784 QVINTVS]
665 2717 791 2768 vehunt
810 2719 922 2782 (vetent
942 2715 976 2782 0)
995 2716 1128 2768 ΜΛΧΙΜΙ
1145 2716 1335 2770 FACTORVM
1354 2720 1400 2769 ET

176 2791 357 2842 DICTORVM
377 2789 651 2841 MEMORABILIVM
677 2789 738 2846 1215
754 2787 802 2840 IIII
825 2789 916 2847 EXFL
933 2789 1060 2839 INCIPIT
1077 2789 1182 2840 LIBER
1206 2790 1237 2842 V.
1260 2788 1322 2842 AC.
1348 2791 1400 2842 lix·

177 2863 252 2926 plieit
269 2863 337 2913 liber
354 2865 466 2925 quartus
484 2861 574 2925 incipit
592 2862 637 2913 lib.
655 2859 764 2923 quintus
781 2857 843 2911 DF.
863 2860 963 2910 velerit
974 2861 1085 2910 nissimi
1102 2861 1152 2911 uiri
1168 2861 1310 2912 clarissim!
1328 2863 1399 2927 expl.

177 2935 224 2983 tib.
241 2933 290 2984 IIII
308 2933 399 2997 Ineipli
417 2933 523 2999 qulnlus
541 2929 574 2984 F.
592 2947 641 2983 om.
662 2929 692 2983 Γ.
706 2927 757 2998 112.
775 2931 822 2980 ΕΤ
840 2931 1033 2997 ch'rottvnt]
1052 2931 1302 2994 DICTORVMQVII
1322 2929 1399 2985 Torr.

188 3003 202 3071 ΙΙ
214 3001 239 3056 4.
258 3003 315 3072 li'l’]
335 3004 405 3056 AVT
423 3000 485 3056 AF,
496 3002 510 3072 ΙΙ
521 2999 546 3056 5.
560 3003 727 3054 LibereIItstl
741 3028 753 3055 e
767 2999 800 3055 A.
819 2998 1352 3070 LiberatusuDE.ubquontam1quta
1361 3001 1399 3057 D.

249 3145 269 3194 l.
287 3141 472 3196 liberalitatis
488 3159 554 3214 quos
571 3144 689 3214 aptiores
706 3143 822 3206 comites)
840 3146 977 3196 Edebstur
994 3149 1057 3196 suto
1074 3159 1126 3196 noe
1143 3142 1322 3196 werslitsti
1358 3147 1400 3196 lis

180 3215 301 3283 gepitiuo
319 3215 365 3265 illo
383 3217 496 3266 dubitari
514 3231 598 3280 posse
616 3219 747 3272 concedet
765 3217 830 3267 reici
842 3218 950 3281 optimis
962 3218 1112 3282 quibusque
1129 3217 1203 3267 libris
1215 3216 1398 3266 eoutlrmstum

178 3301 232 3336 nou
255 3285 353 3336 licebit.
400 3287 507 3336 Poisrst
535 3287 604 3337 euim
629 3291 656 3338 et
679 3287 824 3338 coniunctis
848 3289 1025 3338 substantiale
1055 3289 1124 3336 boec
1147 3287 1245 3336 efferre
1266 3286 1400 3340 veterius.

178 3357 401 3422 quemedmodotu
419 3357 511 3407 Cicero
529 3359 637 3421 scripsit
655 3359 677 3408 ll
697 3359 730 3406 de
749 3357 793 3408 fln-
811 3353 837 3413 il.
856 3355 890 3408 21
911 3355 1005 3416 Qualis
1021 3355 1074 3406 istu
1087 3353 1257 3423 philosophia
1268 3360 1315 3409 est,
1335 3369 1402 3421 osse

178 3441 232 3477 sos
249 3425 382 3477 interiisse
400 3423 509 3492 adseret
520 3424 689 3493 prauitatis?
711 3427 756 3477 uel
779 3429 1002 3491 quemadmodum
1027 3428 1148 3476 dixerunt
1168 3423 1307 3493 imperius
1324 3423 1401 3477 atre

158 3511 243 3568 ¹ytres
261 3495 382 3552 absolun
402 3491 559 3562 praesertim
580 3513 639 3548 curn
658 3499 739 3548 dsudt
758 3499 868 3548 uerbum
886 3499 1017 3548 interdum
1035 3497 1287 3559 absolutepostturu
1299 3498 1335 3546 sit
1351 3511 1400 3561 pro

142 3616 145 3622 ,
177 3569 288 3626 referre,
307 3570 398 3626 silere,
417 3569 562 3621 nomiutue.
599 3569 638 3618 Cf.
657 3569 709 3619 Cic.
728 3567 859 3626 vesulii,
878 3567 921 3627 li,
943 3563 1001 3619 180.
1036 3568 1241 3617 Coniunctoruru
1257 3569 1401 3622 nominum„

160 3655 290 3703 ,quorum
309 3641 420 3690 silerum
440 3640 528 3690 dsudi
543 3653 609 3689 essu
628 3641 712 3688 uerbo
734 3637 825 3706 polius
848 3639 958 3705 adiungi
975 3640 1149 3700 expectares,
1174 3639 1257 3688 mtttts
1277 3639 1403 3703 exempla

179 3711 318 3776 congessit
336 3712 489 3778 Medoigius
508 3713 542 3760 sd
561 3710 696 3760 Ciceronis
715 3710 738 3760 11
757 3711 790 3758 do
809 3709 854 3761 flu.
874 3711 890 3761 l
910 3726 932 3762 c.
951 3725 978 3773 p.
998 3703 1058 3759 tsi.
1102 3710 1204 3768 Quibus
1225 3710 1315 3760 durius
1336 3723 1400 3761 esse

179 3783 241 3840 boc.
260 3782 294 3831 de
314 3797 365 3846 quo
378 3782 493 3848 egimus.
513 3781 593 3832 nolim
612 3779 731 3834 infitiari:
751 3781 799 3830 sed
824 3781 946 3831 uidentur
961 3781 1013 3830 sibi
1033 3781 1100 3830 telle
1118 3781 1276 3844 permisisse
1293 3785 1400 3833 ueteres

179 3852 324 3915 scriptores
348 3849 521 3920 neglegentia
545 3853 660 3917 qusdnru
685 3855 712 3902 et
735 3853 872 3903 celeritate
895 3852 1036 3902 scribendi.
1081 3851 1165 3902 Aliter
1185 3853 1258 3902 certe
1280 3867 1314 3902 ne
1335 3854 1400 3904 titud

180 3923 286 3987 quidem
306 3923 412 3974 delendi
430 3923 541 3986 poterit,
567 3924 636 3988 quod
659 3923 752 3973 liuius
772 3923 820 3982 111,
845 3918 894 3982 bt,
922 3921 933 3974 1
956 3926 1113 3986 composuit.
1131 3920 1242 3974 inlidito
1258 3921 1401 3976 saurim

178 3989 255 4044 mdo
272 3991 370 4043 nimiae
384 3991 532 4059 potestatis,
552 4007 612 4044 otuu
632 3998 738 4059 proprio
754 3996 898 4058 potestatis
915 3997 1012 4045 modus
1030 4009 1084 4044 uon
1101 3995 1261 4054 lubibestnr‚
1282 3997 1310 4044 ot
1327 3999 1400 4048 reete

178 4065 366 4115 animaduertit
384 4065 547 4132 Muduigius.
582 4066 676 4128 linque
695 4067 789 4117 retinui
808 4068 879 4130 quod
896 4067 1022 4116 traditum
1040 4068 1084 4116 est
1101 4067 1245 4118 codicibus.
1291 4129 1295 4132 ἡ

244 4132 336 4202 prims
352 4133 453 4202 inopia,
468 4134 594 4202 prosimu
612 4135 791 4204 occupatione)
816 4138 875 4187 Nou
893 4138 988 4188 iniuria
1006 4136 1116 4187 sbistiui
1133 4137 1172 4188 lili
1188 4138 1400 4196 insolentissimi.

178 4203 285 4273 irtops'tto
306 4203 488 4272 occupatione.
513 4204 624 4275 anmpiti
638 4206 754 4273 fortune
777 4209 966 4259 dubitationem
990 4209 1139 4259 excitarunt
1156 4209 1262 4274 Guyeto
1284 4211 1311 4258 et
1329 4208 1400 4257 Peri·

178 4279 269 4334 eonio.
293 4278 336 4342 qui
355 4279 445 4327 temen
465 4279 545 4328 dandi
570 4293 662 4330 cesum
682 4279 894 4330 substituendum
917 4293 983 4331 esse
1005 4295 1099 4343 purum
1120 4280 1295 4344 probsbttiter
1312 4278 1399 4326 conte·

178 4351 283 4405 cerunt;
303 4347 430 4398 'lorreuio
450 4363 544 4412 perum
563 4351 661 4417 negotii
684 4353 875 4413 praebuerunt,
898 4353 1013 4402 monenti
1036 4352 1262 4415 praepositionem
1285 4347 1314 4397 s's
1336 4349 1399 4396 sub·

177 4420 297 4487 iuletlsgi
314 4433 397 4483 posse
417 4423 444 4470 et
462 4421 553 4470 cilenti
572 4421 592 4480 1,
610 4415 636 4478 5.
656 4422 709 4472 esl-
728 4419 745 4472 2
764 4417 882 4472 omnibus
888 4419 1002 4489 proeliis
1019 4423 1100 4472 stibi
1119 4422 1139 4479 i,
1158 4415 1184 4478 5,
1203 4419 1217 4470 l
1237 4415 1401 4484 Petimus·

178 4488 235 4541 ueie
253 4494 281 4541 et
298 4489 355 4549 1111,
375 4487 401 4550 2,
422 4488 436 4540 l
456 4487 572 4548 iudicio,
599 4493 669 4552 quod
693 4491 749 4541 uult
773 4505 835 4543 esse
859 4505 908 4556 pro
925 4491 955 4543 is
971 4489 1088 4547 iudicio,
1114 4505 1174 4541 curn
1197 4491 1233 4539 sit
1255 4489 1399 4538 mentiente

177 4561 270 4612 tertius
289 4573 380 4619 cesus,
400 4576 450 4612 nee
468 4563 492 4612 si
512 4563 587 4612 esset
605 4564 708 4621 sextus,
728 4563 851 4613 adhunc
870 4577 927 4614 rem
938 4566 1091 4629 pertineret.
1127 4560 1206 4622 ntqut
1218 4560 1261 4609 uel
1279 4560 1399 4623 puerulis

176 4645 246 4682 nuuc
263 4634 354 4683 uotum
374 4634 417 4683 est
434 4634 563 4696 tempor-ts
583 4634 767 4684 denotationes
786 4635 917 4684 sdieetluo
936 4637 983 4685 sut
1000 4634 1155 4698 pronomine
1179 4631 1297 4688 sileno,
1321 4645 1398 4695 prse-

177 4704 268 4756 sertim
293 4705 318 4756 si
342 4718 374 4754 eo
394 4707 494 4756 certum
519 4705 624 4769 ternpus
644 4705 819 4764 describente
844 4706 962 4755 wlsius
986 4718 1052 4754 essu
1077 4703 1135 4753 rins
1153 4701 1354 4770 praepositione
1369 4700 1398 4754 is
