3409 5400
1409 507 1453 575 21

223 664 302 728 huic
331 661 423 748 operi
451 661 558 726 fontes
589 661 733 726 extitisse
767 662 928 728 uidentur.
990 661 1166 753 Insigniter
1201 679 1309 734 autem
1343 673 1454 759 opinio

222 783 340 838 nostra
363 771 572 834 confirmatur
595 789 645 844 eo,
671 769 758 857 quod
780 771 814 836 in
837 772 936 836 rebus
960 774 1170 850 enarrandis,
1194 777 1224 841 si
1248 779 1380 864 quando
1410 779 1453 846 ab

222 880 298 946 aliis
323 877 510 944 auctoribus
533 889 661 942 uctcrcs
693 879 830 943 citantur
861 889 977 955 testes,
1007 879 1160 947 Valerius
1186 903 1203 946 e
1228 884 1307 949 solis
1338 907 1451 952 recen·

222 987 372 1060 tioribus,
396 985 557 1072 aquibus
581 985 627 1050 illi
640 988 788 1062 citantur,
813 986 925 1052 hausit
946 990 1045 1077 inque
1069 989 1122 1054 his
1136 994 1308 1079 acquieuit.
1354 993 1451 1072 Nam,

220 1107 256 1161 ut
280 1094 484 1160 documentis
514 1115 615 1180 supra
644 1093 746 1158 obiter
778 1098 1042 1162 commemoratis
1073 1120 1181 1185 pauca
1211 1100 1348 1177 addam,
1377 1123 1451 1169 eum

220 1206 288 1270 sint
312 1206 493 1276 innumera,
518 1201 648 1266 fabulae
671 1201 757 1266 illius
783 1203 822 1266 de
846 1203 937 1267 libris
969 1203 1096 1270 Numae
1125 1206 1279 1294 Pompilii
1306 1210 1340 1275 in
1372 1206 1468 1276 arca‘

218 1310 354 1398 lapidea
381 1311 536 1396 repertis,
572 1331 708 1397 quorum
741 1322 867 1398 septem
895 1313 946 1377 ius
976 1313 1192 1399 pontificium,
1228 1314 1283 1385 elii
1316 1317 1450 1384 totidem

219 1418 429 1505 disciplinam
455 1418 635 1503 sapientiae
659 1419 860 1483 continuisse
885 1420 1074 1485 dicebantur
1103 1421 1146 1500 (l,
1173 1425 1207 1496 1,
1234 1424 1305 1503 12),
1335 1423 1449 1490 Liuius

218 1525 290 1601 XL,
319 1523 362 1592 29
387 1536 418 1588 et
439 1523 635 1589 Plutarchus
659 1523 756 1589 Num.
786 1526 829 1591 22
858 1539 1025 1592 auctorem
1049 1530 1257 1595 nominarunt
1278 1529 1449 1598 Valerium

218 1634 396 1706 Antiatem,
420 1631 476 1696 alli
498 1631 598 1706 alios3
632 1630 786 1697 Valerius
807 1633 971 1699 Maximus
984 1637 1175 1722 primarium
1187 1638 1309 1703 fontem
1332 1661 1449 1726 parum

218 1763 341 1807 curans
366 1741 462 1806 tacite
487 1737 591 1803 solum
604 1739 733 1805 Liuimn
759 1744 914 1829 sequitur.
959 1742 1086 1807 Eodem
1108 1744 1207 1813 modo
1232 1745 1320 1832 quod
1333 1745 1447 1812 Cicero

217 1847 232 1914 l
257 1847 298 1912 de
323 1847 389 1912 diu.
414 1847 456 1913 33
480 1849 515 1912 in
538 1846 650 1935 Syllae
672 1845 811 1914 historia
835 1851 991 1937 scripturn
1013 1851 1113 1914 refert
1134 1849 1288 1916 Valerius
1311 1851 1341 1927 I,
1366 1854 1402 1927 b,
1426 1855 1448 1919 4

217 1975 285 2022 non
310 1955 352 2019 ab
375 1957 449 2042 ipso
462 1955 564 2042 Sylla,
589 1954 658 2031 sed,
681 1967 716 2018 ut
740 1956 831 2028 solet,
856 1979 876 2022 a
897 1957 1056 2022 Cicerone
1079 1958 1249 2023 transtulit.
1292 1958 1446 2048 Quapro-

216 2075 288 2151 pter
312 2085 385 2128 cum
409 2062 497 2128 idem
521 2061 772 2127 existimandum
797 2065 839 2128 sit
862 2065 903 2128 de
930 2064 969 2128 L.
995 2066 1187 2152 Calpurnio,
1218 2065 1368 2132 Cornelio
1393 2069 1446 2132 Si·

216 2193 338 2244 senna,
369 2169 505 2234 Claudio
536 2167 774 2257 Quadrigarm,
808 2169 935 2236 Licinio
964 2170 1078 2237 Macro
1111 2172 1249 2261 aliisque
1277 2175 1445 2261 permultis

216 2301 330 2368 corum
356 2289 536 2363 temporum
561 2277 783 2363 scriptoribus,
803 2299 942 2366 cumque
960 2280 994 2342 in
1012 2281 1166 2368 negando
1191 2281 1298 2345 solum
1319 2305 1383 2347 usu
1406 2305 1446 2348 ex

215 2385 269 2452 his
299 2407 321 2450 a
351 2382 485 2449 Valerio
515 2395 666 2471 percepto
696 2406 881 2459 uersemur,
920 2388 1055 2451 nomina
1084 2386 1251 2451 indicasse
1281 2387 1363 2454 satis
1393 2390 1445 2454 sit

214 2493 392 2580 Propiores
416 2515 494 2558 uero
509 2515 530 2558 a
553 2515 615 2568 sua
638 2501 742 2556 aetate
766 2504 976 2579 praetereoa
1001 2515 1083 2581 quos
1096 2495 1331 2570 recensuimus,
1355 2495 1446 2562 baud

214 2601 312 2666 dubie
338 2599 421 2665 alios
445 2602 543 2664 ctiam
566 2601 727 2665 interdum
748 2599 848 2665 duces
872 2599 996 2676 habuit,
1020 2600 1175 2679 Caesaris
1189 2601 1331 2691 Augusti
1354 2627 1443 2670 com·

212 2710 404 2783 menterios,
428 2709 577 2796 Pompeii
589 2708 689 2796 Trogi
706 2706 862 2773 historias
887 2710 1090 2797 quibuscum,
1115 2722 1270 2798 quantum
1294 2710 1445 2778 elustini

215 2816 375 2903 excerptis
400 2816 511 2904 colligi
533 2816 617 2891 licet,
642 2816 838 2903 saepissime
864 2816 1058 2904 congruit¹),
1091 2818 1162 2883 Iulii
1184 2817 1308 2907 Hygini
1332 2842 1442 2907 opera,

214 2927 356 2989 sortasse
381 2923 479 2988 etiam
502 2922 539 2988 L.
564 2924 767 2989 Fenestellae
792 2925 939 2989 annales.
992 2923 1115 2990 Verum
1147 2928 1280 2991 omissis
1306 2949 1443 3014 quorum

214 3042 372 3120 quantum
395 3030 533 3095 uoluerit
555 3032 589 3096 in
611 3030 675 3096 hoc
699 3053 797 3119 opere
827 3034 1002 3098 auctoritas
1031 3045 1063 3095 et
1093 3034 1210 3120 quibus
1234 3036 1443 3121 potissimum

212 3140 306 3214 locis,
331 3139 395 3202 nisi
412 3138 479 3203 alia
495 3150 526 3202 et
536 3161 625 3204 noua
638 3141 797 3206 accedant
809 3140 968 3216 subsidia,
993 3129 1175 3228 significari
1191 3142 1311 3229 nequit,
1334 3153 1441 3207 trans·

215 3246 405 3335 gradiamur
428 3244 471 3311 ad
495 3247 671 3333 scriptores
696 3246 822 3313 Graeco
847 3269 999 3313 sermone
1021 3270 1113 3314 usos.

304 3354 452 3435 Quorum
479 3356 619 3440 primum
656 3356 710 3441 qui
738 3354 962 3421 Romanorum
989 3377 1043 3421 res
1078 3368 1191 3445 gestas
1223 3370 1442 3446 exposuerunt

213 3462 347 3527 breuius
372 3464 470 3529 etiam
495 3460 665 3526 absoluere
689 3463 886 3548 poterimuS,
910 3486 984 3529 cum
1007 3465 1123 3550 paucis
1146 3476 1269 3529 tantum
1291 3464 1374 3530 locis
1398 3464 1442 3531 ad

215 3570 362 3634 Graecos
391 3570 497 3635 sontes
529 3569 720 3643 statuendos
749 3572 845 3633 certis
880 3592 1035 3635 uocemur
1067 3570 1216 3643 indiciis,
1245 3581 1279 3635 et
1306 3573 1440 3636 omnino

214 3674 385 3752 Valerius,
420 3698 620 3765 quamquam
651 3677 794 3764 utrisque
824 3676 937 3740 litteris
967 3676 1110 3741 eruditus
1141 3688 1226 3757 erat,
1255 3677 1442 3765 patentibus

213 3794 259 3849 tot
283 3784 357 3849 aliis
382 3784 594 3871 scriptoribus
619 3804 676 3847 eos
699 3784 807 3871 potius
832 3782 1002 3850 considere
1032 3783 1190 3849 maluisse
1221 3784 1377 3861 rddeatur,
1406 3788 1441 3854 in

212 3890 332 3978 quibus
356 3891 565 3957 describendi
589 3911 687 3978 quam
710 3890 857 3968 uertendi
872 3890 999 3956 facilior
1023 3900 1092 3956 erat
1115 3884 1226 3979 opera.
1271 3891 1383 3982 Itaque
1406 3897 1441 3960 in

211 3998 390 4064 reddendis
414 4000 523 4073 rebus,
551 4018 633 4086 quas
657 4020 724 4063 una
745 3998 859 4063 Liuius
884 4011 915 4061 et
938 3996 1093 4085 Polybius
1121 4002 1300 4067 memoriae
1329 4001 1441 4088 prodi«

211 4105 340 4179 derunt,
364 4104 517 4171 Valerius
541 4115 716 4193 perpetuus
732 4103 817 4170 Liuii
841 4106 974 4171 assecla
995 4108 1153 4182 cernitur3
1177 4106 1347 4194 ePolybio
1362 4107 1441 4196 quid

211 4214 341 4278 duxerit
364 4234 526 4300 nusquam
551 4222 695 4300 apparet,
723 4224 758 4275 ut
780 4212 866 4278 bunc
889 4215 1021 4302 quidem
1045 4210 1440 4299 scriptorem·adbibimm

210 4340 289 4385 esse
313 4322 447 4386 omnino
479 4322 667 4409 negandum
700 4342 872 4395 censeam,
903 4343 977 4386 cum
1005 4322 1132 4385 interim
1162 4322 1197 4385 in
1224 4318 1278 4385 his
1307 4343 1390 4409 quae
1419 4344 1441 4387 a

208 4426 307 4491 Liuio
330 4430 565 4513 praetermissa
588 4439 664 4493 sunt
679 4450 746 4493 non
769 4431 815 4494 ita
833 4429 1013 4517 neglexerit
1027 4428 1178 4514 Dionysii
1193 4426 1441 4493 Halicarnassei

277 4696 303 4763 ¹)
323 4698 362 4751 Cf.
383 4698 442 4749 Vel.
462 4698 547 4759 vnn,
570 4694 593 4760 l,
613 4696 863 4756 exticumlust.
889 4696 1045 4759 xxxvia,
1067 4693 1108 4751 1⁰.
1139 4696 1199 4749 Vel.
1222 4694 1275 4755 IX,
1297 4690 1325 4755 l,
1351 4693 1440 4752 extb

209 4770 356 4823 mmlust.
373 4768 522 4831 XXXVIII,
541 4766 567 4824 8-
659 4843 663 4853 Ι
