3409 5400
429 526 512 595 me.
534 526 593 605 vr,
618 528 654 596 o.
677 530 710 607 e,
732 475 811 595 exe]
827 538 860 607 c.
882 530 1020 598 a-c.
1043 532 1075 607 a,
1097 542 1127 611 r.
1153 536 1183 602 1.
1351 538 1416 604 tes

1611 421 1612 456 l

288 688 425 753 Camillo
449 689 585 754 consule
608 688 755 755 Falerios
787 691 1046 756 circumsedente
1076 693 1235 779 magister
1256 694 1325 759 ludi
1346 695 1461 783 plu-l.
1554 730 1557 737 ·

194 794 300 861 rimos
325 806 357 859 et
371 795 596 863 nobilissimos
612 796 690 861 iude
714 818 835 883 pueros
850 794 941 863 uelut
960 796 1146 863 ambulandi
1161 801 1269 886 gratia
1283 800 1419 868 eductos

192 903 230 966 iu
260 912 371 968 castra
401 902 626 968 Romanorum
656 903 815 990 perduxit.
875 904 1003 985 Quibus
1036 906 1224 992 interceptis
1254 928 1322 971 non
1352 918 1421 973 erat

194 1006 332 1073 dubium
356 1011 433 1095 quin
461 1010 580 1075 Falisci
609 1010 761 1095 deposita
790 1010 867 1074 belli
898 1011 1035 1098 gerendi
1062 1013 1244 1098 pertinacia
1273 1012 1419 1077 audituri

87 1136 89 1145 ¹
168 1127 235 1178 tsc
260 1126 373 1179 nostro
402 1116 592 1203 imperatori
622 1128 744 1181 essent.
794 1114 845 1182 Ea
873 1140 909 1181 re
940 1130 1076 1183 senatus
1106 1120 1234 1185 censuit
1263 1130 1299 1184 ut
1327 1122 1419 1206 pueri

195 1220 342 1285 uinctum
371 1225 565 1311 magistrum
596 1224 702 1309 uirgis
737 1222 912 1287 caedentes
943 1225 977 1288 in
1004 1224 1144 1310 patriam
1171 1227 1418 1293 remitterentur.

196 1324 274 1406 Qua
297 1328 418 1393 iustitia
441 1330 542 1395 animi
565 1350 678 1394 eorum
702 1341 778 1393 sunt
801 1332 898 1415 capti,
922 1352 1060 1417 quorum
1082 1335 1216 1397 moenia
1238 1334 1420 1420 expugnari

87 1514 88 1519 η
195 1456 265 1498 nou
288 1448 446 1520 poterant.
493 1434 643 1524 Namque
659 1435 778 1500 Falisci
793 1436 954 1502 beneficio
976 1438 1086 1525 magis
1104 1460 1203 1525 quam
1227 1441 1327 1503 armis
1342 1439 1420 1503 uicti
1614 1450 1617 1566 Ι

194 1554 309 1629 portas
333 1542 493 1609 Romanis
516 1553 723 1629 aperuerunt.
1615 1581 1616 1600 .

157 1663 186 1710 to
286 1649 412 1715 Eadem
444 1650 560 1715 ciuitas
593 1650 787 1737 aliquotiens
819 1648 1008 1715 rebellando
1041 1671 1236 1738 semperque
1267 1651 1419 1717 aduersis

196 1768 337 1821 contusa
359 1756 492 1842 proeliis
516 1755 647 1822 tandem
671 1777 707 1819 se
725 1754 765 1836 Q.
783 1754 913 1823 Lutatio
934 1756 1062 1822 consuli
1077 1756 1198 1821 dedere
1222 1769 1338 1825 coacta
1360 1766 1418 1824 est.

197 1861 385 1927 Aduersum
415 1884 513 1951 quam
539 1864 670 1929 saeuire
699 1864 834 1949 cupiens
865 1864 1005 1952 populus
1029 1865 1217 1940 Romanus,
1243 1876 1420 1952 postquam

197 1990 219 2034 a
241 1967 389 2054 Papirio,
417 1971 511 2035 cuius
534 1992 636 2037 mauu
658 1970 785 2034 iubente
810 1970 945 2035 consule
968 1971 1072 2035 uerba
1100 1970 1274 2036 deditionis
1299 1974 1422 2057 scripta

198 2086 301 2151 erant,
327 2075 440 2151 doctus
466 2086 516 2141 cst
531 2076 679 2141 Faliscos
692 2098 758 2140 non
773 2078 937 2161 potestati,
958 2076 1018 2141 sed
1042 2076 1119 2142 tldei
1142 2097 1178 2141 se
1194 2077 1420 2145 Romanorum

160 2183 407 2257 tsconmisisse.
431 2204 562 2247 omnem
584 2184 668 2247 iram
692 2180 824 2267 placida
844 2193 952 2246 mente
981 2182 1147 2268 deposuit,
1173 2186 1361 2270 pariterque
1390 2196 1422 2248 et

198 2288 323 2354 uiribus
348 2288 416 2353 odii
438 2306 505 2353 non
530 2310 611 2353 sane
635 2287 731 2353 facile
754 2288 842 2369 uinci
866 2288 1012 2352 adsuetis
1030 2299 1061 2351 et
1075 2290 1232 2352 uictoriae
1249 2288 1419 2377 obsequio.

87 2480 88 2489 ἵ
198 2417 285 2482 quae
307 2394 553 2481 promptissime
575 2393 740 2459 licentiam
765 2393 999 2469 subministrat,
1026 2415 1068 2459 ne
1090 2394 1234 2459 iustitiae
1257 2416 1339 2461 suae
1363 2395 1420 2460 de·

87 2560 88 2595 .
199 2510 288 2567 esset
311 2500 443 2566 obstitit.
1116 2515 1121 2523 ·
1184 2556 1187 2561 .

287 2606 394 2681 Idem.
423 2628 498 2673 etun
529 2605 566 2671 P.
601 2604 757 2669 Claudius
788 2606 982 2671 Camerinos
1009 2606 1106 2671 ductu
1136 2616 1233 2694 atquo
1261 2609 1419 2695 auspiciis

202 2766 226 2822 1.
246 2769 370 2820 inimicos
388 2765 423 2820 Ε.
442 2768 553 2818 faliscos
571 2763 666 2818 ΜΓ.
686 2765 699 2828 ΙΙ
719 2769 930 2818 circumsedente
948 2792 962 2819 ι
976 2781 1022 2834 pr.
1043 2764 1077 2819 A.
1099 2769 1303 2822 circumsidente
1321 2794 1335 2822 a
1348 2783 1419 2825 cerr.

200 2839 232 2893 A.
243 2836 293 2908 ΙΙῖ.
311 2843 339 2891 et
356 2839 539 2890 nobilissimos
558 2852 607 2890 ms.
625 2835 662 2890 D.
674 2835 688 2904 Η
700 2839 778 2889 uelud
796 2836 829 2890 A.
841 2839 975 2905 llsmnndi
991 2836 1050 2892 AC.
1070 2840 1205 2891 animandi
1222 2839 1366 2894 iterumn
1380 2837 1419 2894 D.

201 2912 317 2980 teugaudi
335 2909 369 2962 E.
380 2906 432 2994 lli.
451 2906 711 3028 belligerandi⁷ER
722 2906 735 2976 ΙΙ
748 2911 891 2974 pertinatia
907 2907 941 2960 A.
956 2908 968 2976 ΙΙ
982 2905 1009 2960 5.
1027 2909 1066 2974 rel
1086 2906 1149 2963 odd.
1170 2913 1278 2994 cognita
1294 2925 1365 2997 corr.
1379 2909 1419 2970 D.

203 2979 468 3119 lif'iillldall‘ll
481 2977 1121 3117 isitiu'bffililridrbrilllblal13i
1130 2981 1419 3119 qq'spaeqqqifieoqq

200 3139 248 3178 unt.
268 3121 488 3190 F.llconscriptn
504 3118 534 3173 F.
550 3122 564 3190 Η
583 3118 624 3173 14.
644 3122 749 3188 doctus]
775 3125 846 3172 totus
868 3118 900 3173 F.
916 3121 931 3188 ΙΙ
946 3138 1117 3173 romanorum
1141 3135 1173 3173 se
1195 3121 1418 3191 Ε.1115.ἰηω]

202 3191 300 3315 remdl'
317 3199 399 3314 etFpp.
418 3191 450 3243 A.
468 3197 588 3244 nostram
606 3189 660 3261 ΕΙΙ
672 3194 804 3257 disposuit
821 3191 852 3244 Γ.
864 3190 878 3259 ΙΙ
892 3189 934 3245 iti.
952 3195 1087 3244 amerinus
1106 3191 1168 3246 Pur.
1187 3198 1213 3243 et
1229 3208 1300 3248 cerr.
1318 3194 1350 3247 A.
1375 3211 1419 3244 cs·

202 3279 244 3314 mu
269 3277 317 3314 nos
390 3277 444 3314 err.

703 3349 918 3364 *ἡ-

274 3402 297 3458 l.
316 3404 355 3455 Gt.
373 3404 432 3454 Liu.
452 3403 483 3460 V.
504 3399 527 3454 7.
553 3403 631 3454 Dion.
650 3403 709 3454 llal.
728 3417 786 3454 exc.
807 3405 866 3456 Vat.
885 3405 969 3466 (xiil.
990 3401 1026 3467 l.)
1044 3420 1071 3467 p.
1089 3400 1140 3454 tit
1159 3405 1224 3455 Mai.
1236 3405 1326 3456 Frout.
1344 3407 1420 3456 strat.

203 3477 259 3533 llll.
278 3473 304 3529 t.
325 3471 350 3526 1.
373 3475 442 3524 Plut.
461 3475 534 3526 Cum.
556 3470 598 3526 10.
617 3474 745 3538 Polyaen.
765 3475 842 3525 strat.
862 3475 931 3532 Vlll.
951 3472 975 3523 7.
994 3475 1070 3526 duct.
1089 3476 1122 3522 de
1140 3476 1189 3524 uir.
1206 3474 1244 3524 ill.
1261 3471 1305 3526 23.
1324 3475 1420 3528 Zonsr.

250 3581 384 3668 ’emim
403 3613 517 3676 amau)
536 3615 648 3665 sunem
667 3613 805 3673 vacuus.
826 3613 855 3664 ut
871 3614 941 3664 att..
960 3616 1071 3678 saepius
1088 3614 1116 3664 u
1134 3615 1318 3681 egeramus
1336 3617 1421 3683 atger-

203 3690 300 3740 tstibus
318 3687 417 3752 (praei.
436 3703 463 3751 p.
481 3682 546 3751 aa).
571 3687 611 3735 sic
629 3685 681 3734 boc
700 3699 805 3750 quoqne
830 3685 904 3744 loen.
928 3687 999 3748 qarod
1022 3685 1161 3738 Camillum
1185 3686 1323 3736 consulem
1346 3688 1419 3748 dixit,

204 3763 245 3826 qui
257 3773 402 3823 numquam
415 3759 581 3810 consulatum
595 3757 715 3807 obtinuit.
752 3755 816 3806 lirul
828 3758 891 3807 tunc
902 3758 1029 3822 temporis
1042 3757 1165 3820 quartum
1177 3757 1298 3808 tribuam
1309 3758 1420 3810 militum

205 3831 335 3883 cousulurl
353 3831 497 3896 potestate.

271 3901 316 3954 Ec
333 3915 364 3952 rc
380 3905 487 3952 senetur
508 3896 618 3960 enuit)
641 3899 777 3950 Editioues
800 3899 862 3950 inde
885 3915 904 3948 a
926 3899 1035 3950 Venetis
1059 3913 1145 3964 usque
1168 3901 1203 3949 nd
1227 3899 1419 3952 Tomenianem

204 3976 264 4038 post
280 3987 311 4025 rc
329 3974 430 4026 addunt
447 3969 564 4038 capuita.
590 3972 660 4038 quod
681 3970 859 4021 eburonibus
882 3971 1001 4021 melioris
1028 3974 1109 4020 noue
1138 3971 1274 4023 codicibus
1302 3973 1420 4024 alienum

205 4047 253 4096 est.
288 4045 400 4112 Pighius
419 4039 451 4094 de
469 4057 501 4094 ca
517 4056 548 4094 re
565 4043 667 4094 maluit.
703 4040 756 4092 Sed
776 4042 910 4104 ablatione
934 4056 966 4092 ea
984 4055 1014 4091 re
1037 4044 1080 4092 net
1102 4039 1153 4092 tec
1173 4055 1204 4093 re
1226 4044 1322 4092 eodem
1340 4046 1419 4094 medo

205 4132 250 4180 pre
270 4120 415 4183 propterea
439 4115 490 4164 diei
514 4117 594 4178 utque
618 4127 699 4180 quare
723 4117 796 4163 recte
819 4113 1007 4162 artimsducrtit
1030 4114 1191 4164 Perizonius.
1227 4113 1333 4164 emeat
1353 4115 1418 4164 Tor·

206 4189 291 4237 renius
306 4189 485 4236 Burmsuuum
499 4187 535 4236 ud
549 4187 664 4236 Pbeedr.
676 4184 733 4241 1111.
752 4179 769 4234 9
789 4185 821 4233 de
834 4199 869 4234 es
881 4199 910 4234 re
923 4185 1111 4247 disputantem.
1130 4187 1179 4236 sed
1191 4187 1281 4236 umen
1299 4186 1419 4248 spuriam

206 4273 295 4309 uocem
315 4258 418 4314 retinet.
438 4270 517 4323 quam
534 4258 637 4321 primus
655 4256 732 4305 eiecit
744 4256 873 4319 Keppins.
901 4257 940 4307 ct.
958 4256 1017 4305 Vel.
1036 4256 1090 4313 Vll.
1111 4253 1137 4312 8.
1155 4253 1182 4306 2.
1200 4257 1306 4306 Lucret.
1317 4257 1338 4310 l.
1360 4250 1419 4306 172

206 4331 256 4380 Cic.
274 4329 351 4380 acad.
370 4333 476 4390 quaest.
494 4329 551 4386 llll.
569 4323 614 4386 it.
637 4322 696 4377 ill.
714 4327 749 4378 id.
768 4327 801 4376 de
819 4327 864 4377 eli.
884 4327 927 4384 lll.
948 4319 989 4384 ld.
1010 4324 1022 4377 l
1043 4333 1072 4376 et
1088 4327 1169 4377 Tuse.
1188 4326 1246 4382 llll.
1264 4322 1308 4382 38.
1327 4319 1372 4375 83.

272 4395 376 4452 Eadm
400 4397 498 4451 deitas
521 4395 685 4466 aliquotiml
714 4397 789 4448 llaec
811 4412 883 4448 unua
910 4399 993 4449 behet
1016 4401 1118 4450 sudor.
1145 4397 1184 4447 Cf.
1204 4397 1262 4444 Liu.
1279 4396 1342 4458 epit.
1360 4396 1419 4446 libr.

206 4470 275 4524 xtx.
296 4465 618 4534 liutmp.11‚28.0r0s.
637 4468 694 4527 llll.
713 4464 738 4520 b·
757 4469 853 4520 zonae.
874 4470 941 4527 Vlll.
959 4464 1003 4521 28.

273 4557 291 4593 a
308 4539 431 4610 Papirio)
457 4542 508 4592 ilie
529 4543 575 4593 ille
593 4543 621 4592 G.
640 4540 762 4603 Papirius
782 4541 860 4590 Maso
883 4555 947 4591 esse
971 4542 1088 4600 uidetur.
1112 4541 1157 4602 qui
1175 4537 1267 4589 Corsis
1291 4537 1326 4586 ad
1347 4537 1420 4587 dedi·

206 4617 301 4668 mum
318 4614 425 4664 adactis
442 4615 551 4678 primus·
561 4613 588 4663 in
605 4612 695 4662 monte
714 4611 818 4661 Albano
836 4612 1017 4675 triumphauit.
1036 4612 1130 4660 consul
1147 4627 1173 4661 a.
1191 4626 1217 4662 u.
1236 4625 1259 4661 c.
1278 4603 1341 4660 52³.

273 4699 331 4738 m
348 4683 379 4739 P.
400 4681 527 4738 Claudius
546 4681 707 4743 emim)
725 4683 819 4734 Omnis
838 4683 907 4733 baec
919 4683 1036 4732 namatio
1048 4683 1082 4730 do
1093 4681 1291 4732 camerinorum
1304 4679 1419 4738 fortune.

208 4772 285 4823 quam
302 4759 379 4810 wius
402 4758 549 4812 aremoricae
572 4755 679 4810 tradidit
696 4755 834 4814 Valerius.
858 4755 1001 4804 admodum
1024 4753 1141 4803 obscura
1162 4754 1206 4802 est
1226 4753 1308 4816 atque
1329 4752 1425 4807 dubis.

1137 4838 1205 4906 32·
