3409 5400
337 476 379 543 78

425 635 653 702 Pcrscrutatus
677 636 891 723 plurimarum
903 648 1074 721 praeterea
1085 631 1354 699 bibliothecarum
1377 633 1540 721 catalogos,

337 766 521 831 perpaucos
534 745 644 809 inueni
660 742 803 817 codices,
829 744 883 829 qui
902 742 1036 807 saeculo
1056 740 1133 805 XIII
1155 744 1278 805 exarati
1301 763 1376 807 esse
1394 741 1541 817 dicuntum

337 854 537 938 antiquiores
561 850 624 915 hae
656 861 761 915 aetate
793 849 888 925 nulli,
922 849 1010 935 quod
1038 850 1158 923 sciam,
1188 860 1297 913 extant
1325 862 1447 936 praeter
1471 848 1542 912 Ber-

337 981 474 1025 ncnscm
496 978 617 1031 meum,
641 958 867 1021 abbreuiatum
892 955 1197 1043 Guelferbytauum,
1221 955 1419 1023 Vaticanam
1439 968 1466 1019 et
1486 956 1544 1021 Pa·

336 1068 511 1131 risiensem
536 1064 749 1149 anthologian
772 1062 1134 1137 Valerio-Gellianam,
1163 1086 1265 1127 unum
1294 1085 1311 1125 e
1340 1064 1546 1151 quadraginta

338 1174 478 1259 amplius
503 1170 688 1244 codicibus,
715 1193 799 1255 quos
823 1192 882 1255 per
906 1170 1057 1233 diuersas
1086 1181 1190 1233 terras
1221 1170 1390 1256 dispersos
1418 1191 1546 1235 comme-

336 1281 479 1345 morauit
500 1276 625 1341 Haenel
654 1278 686 1340 in
710 1277 851 1363 catalog.
869 1276 958 1339 librr.
982 1298 1062 1341 mss.
1088 1288 1147 1339 etc.
1176 1300 1223 1362 p..
1239 1278 1318 1350 957,
1347 1276 1548 1343 bibliothecae

337 1390 373 1453 S.
396 1387 563 1451 Laurentii
585 1383 839 1456 EseurialenSIs,
865 1385 920 1469 qui
933 1382 1119 1467 perhibetur
1130 1386 1290 1467 pertinere
1316 1385 1360 1449 ad
1384 1408 1467 1450 saec.
1482 1383 1548 1447 XII.

337 1496 387 1559 Ac
410 1516 451 1558 ne
475 1492 604 1557 mediae
629 1491 761 1577 quidem
788 1491 903 1555 aetatis
932 1491 1124 1575 scriptores,
1156 1490 1341 1555 Fulbertum
1370 1494 1550 1577 episcopum

338 1604 584 1673 Garnotensem,
607 1597 767 1665 Ioannem
779 1597 1078 1671 Saresberiensem,
1101 1596 1235 1662 Petrum
1251 1597 1452 1672 Blesensem,
1473 1596 1551 1660 Vin-

339 1710 480 1773 centium
503 1706 786 1777 Bellouacensem,
806 1703 997 1769 melioribus
1021 1715 1077 1767 aut
1105 1704 1336 1791 integrioribus
1360 1705 1551 1770 membranis

339 1838 419 1880 usos
444 1836 519 1877 esse
545 1834 643 1898 quam
667 1812 764 1875 nobis
786 1810 884 1874 bodie
908 1810 1130 1895 suppeditent,
1161 1812 1333 1899 diligenter
1362 1813 1553 1897 comparatis

340 1943 452 1985 eorum
482 1918 640 2003 excerptis
670 1938 746 1981 cum
773 1928 960 2005 nostrarum
988 1917 1138 1981 codicum
1168 1920 1325 1983 uarietate
1353 1919 1474 2005 liquido
1502 1940 1555 1980 ro-

340 2029 451 2115 gnoui¹
1278 2090 1284 2097 .

426 2130 586 2218 Exempla
607 2132 716 2217 igitur,
740 2153 879 2218 quorum
897 2135 1093 2207 ,uarietatem
1116 2132 1192 2197 huic
1215 2133 1306 2220 opcri
1328 2134 1488 2219 Integram
1510 2132 1557 2195 iu·

340 2244 514 2315 seruImus,
537 2237 621 2303 haec
645 2251 734 2302 sunt:

426 2350 468 2412 Α.
493 2345 592 2413 COD.
615 2345 863 2411 BERNENSIS
891 2369 924 2410 n.
949 2348 1012 2413 tte
1036 2350 1068 2413 in
1093 2350 1224 2413 Sinner.
1252 2348 1346 2415 catal.
1376 2368 1457 2412 mss.
1483 2344 1560 2409 Ber-

338 2478 450 2521 nenss
474 2454 538 2521 uol.
563 2452 588 2527 l,
611 2476 643 2537 p.
660 2453 736 2527 620,
759 2453 1048 2529 membranaceus,
1077 2456 1184 2521 forma
1208 2456 1431 2543 quaternaria,
1455 2451 1563 2517 iudice

256 2547 259 2553 ¹
338 2564 478 2627 Sinnero
503 2582 591 2625 saec.
608 2558 640 2621 X
664 2571 827 2623 exaratus.
874 2558 975 2646 Atqui
996 2560 1175 2627 litterarum
1200 2563 1316 2627 ductus
1333 2559 1563 2644 scribendique

338 2670 422 2734 ratio
457 2668 623 2753 aliquanto
657 2666 756 2731 etiam
788 2667 1007 2754 antiquiorem
1041 2680 1180 2734 aetatem
1216 2669 1362 2734 indicare
1402 2666 1563 2732 uidentur.

340 2776 546 2860 Quapropter
559 2773 711 2860 equidem
724 2775 1000 2851 consentientibus
1009 2774 1224 2842 Lachmanno
1238 2790 1269 2840 et
1280 2777 1417 2862 Pertzip,
1432 2775 1563 2838 aeribus

339 2885 374 2947 in
396 2882 511 2967 primis
534 2901 648 2944 earum
669 2901 778 2944 rerum
802 2881 942 2956 arbitrie,
968 2882 1085 2967 quibus
1109 2885 1268 2969 proposui
1292 2881 1461 2968 complura
1485 2881 1563 2946 scri·

339 3000 454 3078 pturae
478 2986 661 3072 specimina
683 3008 706 3049 a
726 2989 837 3051 mein
860 2988 1028 3073 perlucida
1051 2988 1166 3054 ebarta
1190 3013 1229 3055 ex
1253 3013 1292 3054 eo
1316 2990 1563 3055 accuratissime

341 3097 485 3182 depicta,
521 3092 563 3157 ad
591 3090 714 3156 nonum
743 3093 913 3158 saeculum
946 3117 1020 3160 eum
1053 3099 1213 3182 pertinere
1248 3098 1357 3161 eredo.
1415 3096 1563 3160 Continet

341 3215 449 3269 autem
472 3200 552 3264 folia
576 3199 673 3272 CLX,
695 3201 781 3264 binis
806 3201 968 3266 columnis
994 3202 1116 3278 diuisa,
1149 3226 1287 3290 quarum
1315 3225 1383 3268 una
1413 3223 1563 3289 quaeque

339 3310 440 3374 babet
460 3305 586 3372 XXIIII
608 3327 740 3380 uersuS,
764 3329 882 3372 uersus
907 3310 1032 3372 circiter
1054 3309 1152 3374 XXX
1174 3311 1298 3375 litteras
1323 3308 1506 3395 acqualiter
1532 3331 1563 3370 a<

341 3416 441 3481 nitide
469 3426 631 3479 exaratae.
684 3412 779 3477 Tituli
810 3414 967 3480 librorum
996 3426 1093 3501 atque
1124 3419 1266 3503 capitum
1295 3415 1506 3502 singulorum
1544 3434 1562 3475 c

341 3524 598 3610 subscriptiones
621 3520 734 3585 litteris
759 3520 928 3608 quadratis
951 3522 1142 3610 plerumque
1167 3523 1379 3609 capitalibus,
1407 3545 1487 3588 raro
1519 3543 1563 3583 ro

341 3631 546 3695 tundioribus
569 3628 650 3705 iilis,
680 3651 763 3715 quas
787 3628 934 3693 unciales
964 3651 1085 3695 uocare
1110 3631 1215 3694 solent
1243 3629 1462 3716 diplomatici,
1495 3631 1563 3692 iten

343 3737 481 3811 Graeca,
506 3757 590 3824 quae
601 3736 754 3823 leguntur
765 3735 819 3809 Ill,
834 3737 864 3809 7,
882 3746 944 3799 ext.
957 3737 988 3810 3,
1012 3738 1044 3811 4,
1068 3737 1155 3810 alibi,
1173 3738 1232 3802 sed
1249 3757 1290 3801 ea
1304 3759 1372 3801 non
1394 3735 1563 3800 intellecti

342 3843 482 3927 ideoque
511 3844 591 3904 mire
619 3843 781 3906 interdum
810 3843 946 3908 turbatis
976 3844 1141 3918 ductibus,
1177 3843 1304 3930 reliqua
1336 3841 1560 3908 minutioribu

343 3949 466 4032 scripta
487 3956 571 4009 sunt.
617 3946 704 4012 Inter
725 3947 830 4013 lineas
855 3961 886 4010 et
907 3951 942 4014 in
954 3951 1104 4036 margine
1128 3949 1180 4014 bic
1196 3949 1260 4014 illic
1279 3949 1445 4016 adduntur
1460 3969 1563 4012 emen

343 4054 494 4119 dationes
523 4065 555 4114 et
579 4051 773 4117 lacunarum
806 4056 1033 4140 supplementa
1061 4068 1116 4122 aut
1144 4058 1257 4122 uariae
1286 4057 1472 4142 scripturae
1511 4055 1563 4118 ali

343 4171 524 4228 atramento
547 4170 579 4221 et
600 4181 701 4222 manu
723 4160 821 4245 paulo
844 4165 1034 4238 recentiore,
1059 4185 1143 4250 quae
1168 4175 1278 4228 tamen
1302 4175 1332 4226 et
1355 4164 1432 4249 ipsa
1445 4160 1563 4226 saecu]

340 4269 389 4336 IX
412 4281 468 4334 aut
490 4267 523 4331 X
545 4288 611 4328 non
638 4265 735 4329 ualde
764 4267 873 4332 differt
901 4293 921 4334 a
949 4272 1115 4355 primaria.
1167 4269 1408 4358 Marginalibus
1441 4267 1563 4332 addita

340 4376 459 4445 mentis
488 4373 597 4461 petitis
631 4383 755 4436 tantum
788 4399 856 4440 non
889 4377 1041 4442 omnibus
1076 4397 1094 4438 e
1122 4374 1195 4441 Iulii
1223 4375 1354 4442 Paridis
1388 4374 1563 4460 epitome

412 4577 433 4641 ¹)
451 4577 523 4626 Raro
542 4577 569 4625 et
586 4576 680 4626 leuiter
697 4576 799 4624 tentum
818 4574 886 4624 haec
905 4573 1086 4624 additamenta
1106 4588 1121 4623 e
1140 4573 1236 4624 Paride
1256 4573 1375 4638 ascripta
1398 4587 1418 4622 a
1439 4571 1563 4621 vatican

342 4649 665 4712 huiusepitomeeeodice
678 4648 837 4710 discrepent,
858 4647 885 4694 ut
903 4645 958 4704 llll,
977 4641 1003 4702 2,
1023 4641 1047 4702 6,
1068 4646 1113 4694 ubi
1130 4659 1225 4712 margo
1245 4641 1379 4694 codicisrl
1397 4644 1491 4692 hebet
1512 4639 1536 4692 I.
1556 4639 1563 4692 l

343 4733 365 4769 c.
384 4719 478 4769 anaim
494 4717 589 4785 yellus.
610 4721 659 4769 sed
678 4719 734 4768 cod.
755 4718 838 4768 Vatia
858 4719 929 4768 recte
948 4718 976 4766 ut
994 4717 1078 4768 nostri
1097 4713 1323 4780 contempnitur.
