3409 5400
320 486 341 552 8

320 645 471 716 susem
495 653 527 710 a
548 642 640 708 rufio
665 625 783 722 cossi)
808 663 829 708 a
851 637 988 706 vareso
1010 639 1069 717 VI,
1103 643 1132 718 1,
1162 644 1231 708 inre.
1262 645 1309 709 ita
1334 647 1452 711 menso
1477 647 1531 711 inr-

322 757 413 830 citur,
438 763 474 818 ut
497 773 560 840 quo
584 761 731 837 tempore
753 748 835 814 liber
866 758 977 815 sextus
1009 750 1149 834 scriptus
1181 751 1225 816 sit
1255 773 1329 816 eam
1360 753 1533 819 etiamtum

321 868 406 930 inter
428 863 524 926 uiuos
547 859 650 924 fuisse
673 859 806 945 liqueat.
859 857 972 944 Itaque
1004 876 1078 920 cum
1108 855 1292 924 Asiaticum
1321 860 1382 925 iter
1405 883 1533 926 comme·

322 981 484 1038 moratum
507 966 548 1045 11,
572 968 603 1044 6,
632 967 653 1032 8
676 987 743 1032 non
767 973 841 1030 ante
866 986 989 1031 annum
1020 966 1101 1039 780,
1133 969 1296 1033 execratio
1327 969 1440 1034 Seiani
1472 968 1535 1050 (IX,

324 1081 377 1154 11,
401 1089 463 1144 ext.
495 1077 541 1158 4.)
573 1097 640 1140 non
670 1084 745 1159 post
776 1094 899 1140 annum
930 1073 992 1140 785
1024 1072 1143 1138 cadere
1173 1077 1328 1160 potuerit,
1358 1078 1536 1142 necessario

324 1185 486 1272 colligitur
508 1184 635 1270 priores
668 1203 727 1246 sex
758 1181 859 1246 libros
890 1182 974 1247 inter
1000 1201 1124 1246 annum
1149 1182 1214 1247 780
1237 1194 1270 1247 ct
1294 1184 1375 1261 782,
1405 1184 1537 1272 reliquos

294 1363 298 1370 ,
325 1303 391 1358 tres
415 1294 498 1356 inter
523 1291 587 1356 782
611 1299 643 1353 et
667 1288 730 1356 785
756 1311 830 1354 esse
856 1293 1067 1377 compositos

414 1397 512 1480 Quod
538 1421 559 1462 a
585 1395 728 1462 Baehrio
765 1398 874 1478 (Rem.
909 1396 1003 1463 litter.
1028 1400 1143 1486 gesch.
1173 1399 1213 1477 Π,
1247 1422 1280 1487 p.
1312 1401 1385 1466 126.
1421 1398 1468 1463 ed.
1499 1400 1540 1479 3.)

325 1506 493 1572 traduntur
516 1505 620 1569 fuisse
645 1505 701 1592 qui
723 1503 894 1570 Valerium
916 1508 1009 1572 tertio
1040 1529 1073 1594 p.
1098 1507 1175 1572 Ghr.
1198 1530 1231 1571 n.
1263 1506 1396 1572 saeculo
1426 1509 1541 1570 uixisse

327 1615 549 1679 existimarent
572 1612 776 1700 eundemque
800 1625 978 1679 statuerent
1007 1613 1105 1680 huius
1132 1615 1206 1680 libri
1229 1626 1395 1680 auctorem
1419 1624 1449 1676 et
1471 1636 1543 1676 con·

327 1721 431 1788 sulem
455 1722 533 1785 anni
559 1720 643 1785 1006
668 1743 698 1784 a.
721 1743 753 1784 u.
778 1743 807 1784 c.
831 1721 910 1800 (253
932 1744 966 1808 p.
991 1722 1067 1788 Chr.
1075 1720 1117 1805 ²),
1144 1720 1319 1787 Volusiani
1345 1722 1545 1806 imperatoris

328 1827 509 1914 collegam„
527 1826 630 1890 obiter
653 1837 777 1893 tantum
802 1827 841 1890 G.
864 1826 889 1892 l.
913 1826 1057 1894 Vossius
1080 1829 1122 1894 de
1144 1828 1221 1894 hist.
1236 1828 1309 1894 Lat.
1332 1828 1357 1903 Ι,
1380 1829 1423 1894 24
1446 1829 1547 1915 attigit

327 1956 428 2022 posse
460 1933 557 1998 alicui
587 1931 633 1996 in*
653 1935 841 2020 opinionem
878 1937 1009 2012 uenire,
1044 1939 1123 2025 quia
1152 1937 1283 2003 dicendi
1320 1957 1425 2024 genus
1454 1932 1547 1998 huius

328 2042 496 2127 scriptoris
520 2040 575 2104 uix
598 2041 706 2128 sapiat
730 2040 849 2106 Tiberii
872 2065 1008 2119 acuum,
1032 2046 1193 2131 pertinere
1217 2065 1291 2108 eum
1315 2043 1359 2109 ad
1380 2044 1478 2130 longe
1500 2043 1548 2106 in·

327 2149 481 2213 seriorem
512 2161 652 2216 aetatem
682 2159 713 2215 et
744 2170 820 2212 esse
851 2149 995 2214 fortasse
1023 2152 1164 2216 eundem
1193 2151 1283 2217 illum
1310 2150 1356 2215 M.
1384 2149 1551 2215 Valerium

328 2255 518 2333 Maxirmrm,
550 2279 648 2345 quem
670 2254 846 2321 Volusiani
877 2257 1039 2345 collegam
1068 2258 1302 2346 praediximus.
1355 2256 1455 2345 Atqui
1481 2257 1552 2341 ipsc

328 2361 473 2430 Vossius
498 2367 608 2430 statim
636 2365 748 2428 reiecit
779 2366 1003 2451 suspicionem
1032 2368 1131 2431 istam
1154 2385 1333 2453 numquam
1363 2365 1449 2429 serio
1478 2384 1553 2449 pro-

230 2533 234 2541 .
327 2469 440 2538 latam.
486 2471 555 2538 Nec
580 2482 689 2536 tamen
714 2471 851 2537 deerant
873 2475 930 2560 qui
952 2495 993 2538 ca
1016 2472 1282 2561 deciperentur').

416 2577 467 2643 De
492 2591 600 2644 cetera
614 2575 742 2644 Valerii
763 2579 901 2646 Maximi
922 2581 1000 2654 uita,
1024 2581 1064 2645 de
1087 2592 1185 2657 statu,
1208 2580 1414 2654 condicione,
1437 2577 1556 2644 studiis

332 2687 401 2751 eius
421 2684 501 2751 nihil
519 2687 651 2752 omnino
674 2699 875 2773 compertum
892 2685 1064 2753 habemus.
1110 2690 1148 2754 Si
1160 2700 1271 2754 tamen
1281 2689 1504 2753 coniecturam
1519 2708 1556 2749 ex

331 2795 441 2881 operis
469 2793 578 2859 indole
608 2806 705 2882 atque
727 2794 864 2860 consilio
885 2795 1006 2861 factam
1022 2796 1209 2870 admiseris,
1233 2805 1338 2861 artem
1359 2792 1556 2857 rhetoricam

332 2913 363 2965 et
392 2904 464 2987 ipse
496 2901 683 2966 adfectabat
714 2912 745 2965 et
774 2902 917 2967 fortasse
948 2902 1059 2969 docuit
1087 2902 1183 2969 alios.
1238 2901 1443 2965 Persuasum
1471 2901 1556 2963 enim

330 3008 438 3073 habeo
461 3007 563 3073 libros
585 3010 746 3073 factorum
770 3020 801 3073 et
824 3009 983 3075 dictorum
1002 3008 1263 3075 memorabilium
1284 3010 1320 3073 in
1341 3029 1441 3072 usum
1463 3029 1556 3093 pero·

298 3177 300 3181 .
331 3118 473 3181 rentium
498 3124 528 3179 et
552 3116 804 3181 declamantium
825 3119 968 3183 maxime
982 3140 1059 3183 esse
1081 3120 1297 3206 conscriptos,
1320 3128 1356 3181 ut
1378 3127 1435 3181 aut
1458 3116 1556 3181 disci-

331 3222 399 3311 puli
430 3224 500 3287 eius
532 3234 587 3287 aut
618 3223 672 3287 alii
704 3223 851 3289 eiusdem
881 3228 960 3291 artis
991 3225 1149 3299 studiosi,
1192 3226 1222 3290 si
1257 3246 1356 3312 quam
1385 3225 1556 3289 materian·

335 3332 536 3417 argumentis
562 3332 783 3419 exemplisque
807 3355 847 3397 ex
870 3331 1009 3398 historia
1030 3334 1157 3419 petitis,
1188 3354 1273 3419 quae
1297 3344 1390 3396 erant
1412 3333 1449 3396 in
1473 3353 1555 3395 omn

333 3459 455 3525 genere
480 3458 653 3503 causarum
684 3436 930 3525 potentissima,
965 3442 1096 3505 firmare
1126 3439 1260 3513 uellent,
1294 3437 1407 3504 labore
1439 3438 1556 3524 longa<

333 3546 552 3632 inquisitionis
583 3546 618 3609 in
648 3556 794 3611 ueterum
826 3549 1020 3634 scriptorum
1049 3549 1222 3635 operibus,
1255 3546 1311 3611 ubi
1345 3546 1444 3613 latius
1479 3565 1556 3630 quat

335 3664 567 3740 quaererentur
596 3663 707 3717 essent
735 3653 869 3729 diffusa,
900 3655 1117 3742 supersedere
1147 3666 1293 3743 possent.
1345 3652 1450 3718 Aliter·
1483 3672 1556 3716 san·

336 3757 498 3845 explicare
528 3782 656 3847 nequeo
688 3783 773 3849 quae
801 3762 952 3849 leguntur
980 3764 1015 3828 in
1042 3765 1245 3850 praefatione
1275 3760 1349 3825 libri
1377 3759 1498 3844 primi,
1537 3779 1556 3820 a

335 3867 515 3931 docammta
536 3887 657 3931 samem
675 3870 847 3935 uolentibus
870 3880 901 3933 et
913 3891 944 3957 q.
957 3892 1008 3957 sq.
1036 3868 1116 3935 Inde
1129 3872 1226 3933 etiam
1247 3867 1303 3955 qui
1324 3866 1428 3930 mirus
1454 3864 1553 3928 multi

335 3974 428 4038 uisus
444 3971 673 4051 esthistoriae,
696 3987 731 4041 ut
742 3988 904 4063 putarunt,
928 3976 1176 4064 componendae
1189 3973 1269 4039 ordo
1288 3996 1328 4038 ac
1346 3971 1556 4058 dispositi0⁴j

337 4103 403 4169 qua
433 4080 582 4166 exempla
612 4102 652 4147 ex
680 4082 858 4149 illustribus
883 4084 1069 4149 auctoribus
1094 4084 1198 4149 electa
1232 4086 1268 4149 in
1298 4081 1433 4169 singula
1458 4081 1555 4166 capit

337 4187 518 4253 secundum
542 4198 649 4254 certas
672 4192 835 4266 notiones,
858 4192 1004 4267 uirtutes,
1027 4192 1117 4266 uitia,
1142 4212 1291 4280 quaeque
1315 4200 1391 4256 sunt
1414 4188 1498 4263 alia,
1524 4186 1556 4248 di

402 4457 429 4525 ¹)
450 4459 487 4510 ct
507 4458 570 4511 Tac.
591 4461 702 4520 conv,
724 4456 736 4512 l
758 4460 785 4512 et
802 4460 869 4513 Vell.
889 4461 921 4520 11,
942 4456 1001 4521 1³0,
1021 4456 1046 4519 5,
1066 4462 1110 4527 qui
1127 4461 1208 4526 paulo
1226 4462 1372 4526 posthunc
1390 4471 1498 4510 cunum
1518 4458 1556 4506 fin

336 4532 375 4583 ult
391 4532 533 4583 histor-iam
551 4546 636 4583 susm.

402 4600 429 4667 ⁸)
447 4603 489 4653 Ita
507 4604 576 4651 euim
594 4603 739 4670 legendum
757 4605 800 4655 est
817 4576 967 4655 emendatis
986 4605 1089 4655 duobus
1108 4617 1250 4669 operarum
1269 4605 1411 4656 erroribus.

402 4670 429 4737 ⁸)
450 4674 487 4724 cf.
506 4674 597 4724 Revuc
616 4674 649 4725 de
666 4674 758 4739 philol.
776 4676 797 4735 Ι,
818 4692 845 4741 p.
867 4672 926 4727 142.

402 4741 430 4811 ⁴)
449 4744 487 4796 Cf.
508 4744 631 4797 Glarean.
650 4746 679 4798 in
695 4748 780 4813 praet
801 4748 862 4799 edit
881 4761 956 4801 suae.
