3409 5400
563 490 647 557 [ΑΒ.
670 490 744 569 Vll,
767 492 805 556 G.
828 493 913 568 (1.1.
938 494 969 559 2.
1319 497 1383 563 tiit

149 648 319 723 confudit.
342 660 378 713 ut
399 648 443 716 M.
459 648 552 715 lunio
577 651 664 717 Pera
685 652 846 717 dictatura
867 652 1117 736 rempublicam
1138 652 1384 721 administrante

151 755 271 841 spolia
293 755 437 821 hostium
461 756 570 821 adfixa
591 758 719 842 templis
744 758 879 822 deorum
903 760 1027 823 numiui
1052 772 1245 825 consecrata
1267 763 1385 825 instru-

151 873 273 927 mento
295 862 427 929 militiae
451 863 560 927 futura
583 863 851 939 comederentur,
882 886 920 928 ac
949 868 1140 949 praetextati
1171 868 1263 951 pueri
1294 888 1387 930 arma

151 968 344 1044 induerent,
367 968 571 1034 addictorum
595 972 693 1035 otiam
717 981 749 1032 et
771 970 901 1055 capitali
918 973 1053 1035 crimine
1077 972 1305 1037 damnatorum
1329 994 1388 1035 sex

126 1074 254 1139 sinilia
277 1075 568 1141 conscriberentur.
615 1076 709 1156 Quae
738 1078 767 1141 si
796 1098 856 1162 per
879 1098 915 1139 se
939 1080 1154 1163 aspiciantur,
1184 1078 1306 1163 aliquid
1334 1099 1387 1140 ru·

154 1182 253 1244 boris
277 1180 431 1255 babeant,
454 1184 484 1246 si
508 1194 616 1247 autem
632 1183 775 1247 admotis
793 1184 998 1247 necessitatis
1018 1186 1141 1249 uiribus
1158 1184 1403 1271 ponderentur,⁴

156 1288 324 1351 saeuitiae
348 1290 503 1373 temporis
527 1290 757 1353 conuenientia
780 1289 947 1374 praesidia
969 1290 1149 1357 uideantur.

253 1392 391 1477 Propter
413 1394 554 1458 eandem
577 1394 705 1459 cladem
729 1407 865 1459 senatus
883 1395 1032 1468 Otacilio,
1057 1400 1111 1483 qui
1127 1398 1283 1469 siciliam.
1309 1396 1387 1459 Cor·

158 1499 251 1563 nelio
285 1498 501 1574 Mammulae,
535 1502 591 1586 qui
622 1500 811 1565 Sardiniam
850 1524 909 1585 pru
950 1504 1154 1586 praetoribus
1190 1502 1387 1573 obtinebant,

116 1624 149 1667 ro
159 1605 375 1693 querentibus
400 1606 488 1692 quod
517 1628 624 1693 neque
648 1608 843 1691 stipendium
877 1630 981 1693 neque
1005 1610 1200 1671 frumentum
1225 1608 1387 1672 classibus

159 1733 280 1775 eorum
307 1724 339 1773 et
367 1712 558 1777 exercitibus
591 1715 674 1778 socii
705 1712 914 1799 praeberent,
944 1714 1190 1779 adlirmantibus
1222 1716 1320 1778 etiam
1347 1735 1388 1776 ne

160 1817 288 1883 habere
311 1816 444 1903 quidem
460 1840 518 1882 eos
535 1818 622 1884 unde
637 1820 672 1883 id
688 1831 856 1904 praestare
872 1832 1019 1905 possent..
1043 1821 1212 1906 rescripsit
1228 1822 1389 1885 aerarium

160 1924 355 2011 longinquis
378 1924 527 2009 inpensis
550 1947 619 1989 nou
641 1927 810 1997 sufficere,
835 1923 971 2008 proinde
997 1947 1060 2013 quo
1085 1938 1180 2011 pacto
1210 1936 1318 1991 tantae
1341 1926 1389 1989 in·

675 2064 888 2077 Ἥ

168 2136 193 2189 1.
203 2138 323 2188 contudit
333 2134 368 2189 Β.
382 2134 395 2205 ΙΙ
408 2137 463 2187 iuni
474 2135 627 2201 operaAC.
646 2140 709 2187 iunii
722 2152 805 2203 opera
818 2134 1020 2191 DEFl'Torr.
1033 2138 1047 2205 ΙΙ
1058 2141 1216 2189 dictaturam
1229 2133 1355 2187 DEFl'.
1366 2136 1380 2204 ΙΙ

168 2210 208 2259 rei
226 2210 350 2273 publicae
368 2205 464 2260 Dar.
482 2221 532 2258 oar.
550 2205 579 2260 F.
591 2207 604 2274 ΙΙ
616 2205 830 2272 administrante]
849 2206 890 2258 ric
910 2206 938 2260 0.
958 2211 1174 2259 administrantes
1190 2222 1233 2273 pr.
1251 2205 1282 2257 A.
1309 2210 1390 2257 arimi-

166 2280 307 2331 nistrantis
326 2275 448 2331 DBFi’
464 2283 490 2328 et
507 2291 577 2331 corr.
595 2277 627 2337 A.
648 2276 726 2333 Torr.
740 2277 752 2347 ΙΙ
766 2275 793 2329 2.
811 2280 909 2328 adilian
929 2278 951 2331 C
968 2284 992 2329 rt
1009 2294 1054 2346 pr.
1072 2278 1103 2332 A.
1115 2278 1129 2344 ΙΙ
1142 2282 1192 2329 deo
1211 2276 1241 2330 Γ.
1257 2274 1269 2345 ΙΙ
1288 2272 1312 2329 3.
1332 2294 1392 2339 pro·

168 2346 335 2402 iuturaDl'.
346 2347 359 2415 ΙΙ
372 2350 520 2414 praetexati
531 2346 566 2400 D.
585 2351 741 2412 praetectati
760 2347 791 2401 F.
803 2345 817 2413 ΙΙ
829 2345 855 2399 ⁴l.
873 2350 1012 2399 induerunt
1029 2346 1058 2401 F.
1070 2348 1084 2415 ΙΙ
1100 2351 1272 2399 adductorum
1293 2345 1323 2399 0.
1346 2350 1392 2397 ab·

169 2424 300 2473 dictorum
317 2418 354 2473 E.
372 2422 520 2471 additarum
539 2416 571 2471 F.
582 2421 596 2487 ΙΙ
608 2421 689 2470 etiarn
707 2434 757 2471 aar.
776 2417 807 2471 Γ.
822 2417 834 2485 ΙΙ
849 2422 897 2469 sed
917 2421 989 2469 mitia
1003 2432 1048 2485 pr.
1066 2417 1098 2471 A.
1123 2422 1170 2471 sed
1190 2435 1250 2469 eum
1270 2418 1343 2469 milia
1362 2414 1392 2471 0.

169 2492 307 2542 sexdecim
325 2505 416 2557 rnarpo
436 2489 465 2543 0.
485 2490 531 2540 Vii
550 2506 585 2541 ru.
603 2488 640 2543 D.
660 2492 795 2542 sexdecim
815 2492 889 2541 milla
906 2488 941 2541 Ε.
963 2492 995 2539 ad
1016 2503 1065 2539 serr
1085 2492 1157 2541 milia
1176 2488 1207 2542 F.
1222 2489 1233 2556 ΙΙ
1248 2487 1273 2543 5.
1293 2491 1392 2539 scribe-

170 2567 262 2613 rentur
278 2576 325 2628 pr.
344 2557 381 2613 D.
394 2562 407 2628 ΙΙ
419 2562 521 2611 roboris
540 2562 640 2611 babent
657 2558 686 2613 F.
707 2559 719 2627 ΙΙ
739 2558 764 2614 8.
783 2562 947 2625 Propter-
965 2564 1003 2626 lp.
1022 2557 1087 2617 578.
1113 2558 1151 2627 5.)
1177 2562 1276 2611 dimisit
1292 2574 1341 2611 ont.
1361 2556 1392 2611 Γ.

181 2632 195 2700 ΙΙ
208 2631 330 2699 senatus]
356 2628 458 2683 Neaera
479 2636 559 2700 caput
575 2630 730 2700 inscriptam
753 2633 799 2681 Dii
819 2630 1055 2682 NECESSITATE
1079 2629 1128 2683 troc
1145 2630 1201 2683 loco
1220 2630 1314 2699 incipit
1330 2629 1393 2682 Par.

181 2701 805 2770 1101111110οΒΕ11Ρ1.Α.ΙΙΘ10011111110
823 2699 936 2755 DTorn
965 2699 998 2754 Vt
1020 2718 1069 2754 aar
1092 2702 1170 2755 etiam
1188 2703 1249 2756 Por.
1280 2696 1339 2756 Vid.
1358 2696 1395 2752 od

177 2773 251 2829 Vlil.
271 2773 309 2897 11ἁὶ
317 2771 344 2826 2.
354 2774 369 2843 ΙΙ
384 2772 423 2827 to.
442 2775 577 2825 classibus
595 2789 683 2838 neque
702 2775 863 2826 exercitibus
882 2789 974 2826 eorum
991 2770 1021 2825 F.
1037 2775 1051 2843 Η
1070 2771 1111 2828 ii.
1131 2790 1181 2826 nec
1201 2770 1238 2828 D.
1257 2773 1270 2842 ΙΙ
1289 2769 1329 2826 tt.
1349 2787 1394 2824 ex·

171 2861 264 2912 pensis
305 2860 360 2898 orr.

244 3010 275 3057 111
292 3003 332 3056 Μ.
350 3001 427 3054 lanio
444 3003 515 3055 Pera
532 3001 667 3056 dictatura
684 3019 739 3056 reni
754 3003 889 3072 pellicani
908 3001 1117 3065 administrante)
1144 3006 1256 3056 Codices
1275 3006 1395 3070 plerique

176 3080 202 3127 et
219 3077 349 3127 editiones
367 3090 462 3126 omnes
481 3078 549 3125 hacc
568 3077 605 3125 ita
623 3078 753 3128 mendoso
772 3079 941 3134 constituunt.
966 3079 996 3125 at
1012 3071 1051 3126 M.
1071 3071 1142 3125 lanii
1159 3089 1241 3142 opero
1259 3071 1393 3126 dictatura

175 3161 229 3197 reni
242 3143 454 3212 polliceremini
471 3143 630 3197 dictaturam
641 3145 683 3198 rei
695 3145 830 3214 publicae)
848 3143 1067 3198 administrantis.
1104 3149 1172 3207 Quid
1186 3149 1255 3198 enim
1269 3147 1330 3196 iliud
1350 3147 1395 3196 est

176 3218 245 3278 quod
269 3218 406 3266 dictatoris
429 3231 548 3278 opera
570 3219 740 3280 potissimum
763 3219 852 3282 spotia
876 3218 991 3267 bostium
1017 3232 1034 3263 o
1058 3219 1164 3280 templis
1189 3219 1310 3266 detracta
1331 3229 1395 3263 esse

178 3287 314 3337 dicuutur?
339 3285 458 3353 Egregie
476 3288 556 3352 igitur
574 3289 723 3337 Grononirrs
742 3289 776 3337 ad
795 3288 853 3339 1.111.
874 3288 971 3343 xxiii.
994 3282 1034 3340 14.
1056 3280 1073 3333 2
1094 3288 1217 3336 uitiosum
1236 3286 1395 3346 scriptorem

179 3357 328 3407 emendauit
352 3357 506 3405 conicienda
529 3353 613 3407 111Μ.
632 3355 709 3406 lanio
726 3356 796 3408 Pera
814 3354 947 3406 dictatura
966 3353 1169 3421 rempublicam
1188 3351 1396 3405 administrante.

179 3429 325 3478 Probarunt
341 3426 466 3476 Grououii
485 3426 582 3474 iactum
601 3426 746 3476 Torrenios
765 3429 793 3476 ot
811 3429 946 3489 Keppius.
967 3425 1123 3476 confirmant
1142 3429 1251 3475 duorum
1270 3424 1396 3473 librorum
1500 3452 1511 3469 .

180 3499 344 3562 optimorum.
356 3497 502 3546 tiernensis
515 3498 542 3544 ct
554 3497 664 3546 alterius
674 3497 855 3546 Berotinensis
867 3493 910 3552 (01
920 3495 1067 3556 scripturae
1077 3493 1134 3546 iani
1143 3499 1169 3546 et
1182 3491 1395 3550 administrantes

180 3583 240 3618 nom
257 3569 346 3618 littera
363 3580 377 3616 1
395 3567 457 3616 huic
468 3566 599 3616 uocabulo
612 3567 639 3615 111
651 3567 742 3616 codice
755 3566 885 3616 ticinensi
898 3579 913 3614 e
926 3566 1047 3628 sequenti
1058 3563 1144 3630 rpoiia
1157 3566 1289 3616 adhaesit.
1321 3566 1395 3614 i'nua

182 3642 271 3690 contra
289 3639 379 3688 iacere
397 3637 501 3686 uidetur
518 3637 601 3687 iulius
619 3636 711 3693 Paris.
729 3637 756 3685 in
779 3636 855 3685 cuius
879 3636 1035 3698 compendio
1060 3651 1119 3684 cum
1149 3637 1306 3686 exhibeatur
1330 3632 1395 3685 Cori·

182 3707 251 3760 1111111Ι
268 3705 344 3760 cia&
361 3706 457 3758 territa
473 3703 539 3758 arde
556 3702 617 3757 lani
633 3720 716 3773 opero
734 3703 874 3756 dictatorir
890 3703 976 3772 rpoiia
999 3703 1105 3756 institia
1129 3704 1230 3773 templis
1251 3703 1338 3773 odfira
1356 3705 1395 3756 ia·

182 3785 343 3831 1111111111111111
367 3775 478 3829 miiitiae
493 3776 592 3844 sotera
616 3775 741 3828 mitada
763 3781 839 3830 mni.
871 3779 983 3840 apparot
1011 3777 1064 3825 iam
1092 3778 1117 3826 in
1142 3779 1326 3838 antiquissimo
1350 3778 1394 3827 illo

185 3853 278 3902 Valerii
296 3850 396 3908 codice,
415 3865 468 3915 quo
486 3863 553 3898 usus
572 3851 614 3900 est
626 3850 793 3912 epitomator.
807 3848 892 3898 tuisse
906 3844 965 3897 111111Ι
981 3861 1069 3914 opera.
1107 3849 1222 3898 Pertinet
1234 3849 1315 3915 igitur
1327 3849 1396 3898 iiaec

185 3921 332 3986 corruptela
349 3923 383 3970 ad
402 3935 437 3970 ea
454 3922 565 3977 manda.
591 3935 624 3970 ex
644 3921 737 3970 eodem
756 3920 906 3982 archetypo
924 3918 1048 3981 exemplo
1071 3920 1097 3968 in
1116 3919 1236 3986 integros
1256 3922 1283 3970 et
1301 3922 1395 3969 abbre·

186 3995 268 4042 uiator
287 3992 386 4042 Valerii
404 3992 487 4041 libros
505 3991 646 4047 1111111111,
665 3991 814 4051 dequibus
833 3991 888 4040 dixi
906 3990 932 4038 in
949 3989 1034 4052 praei.
1053 4005 1079 4052 p.
1098 3983 1141 4040 91.

250 4059 361 4128 capitoli
384 4059 493 4112 cristine
517 4057 697 4112 damnatorem
721 4075 767 4111 sea
787 4057 872 4118 mitia)
900 4059 928 4108 in
948 4060 1036 4108 multis
1056 4061 1153 4110 Valerii
1172 4060 1307 4109 codicibus
1326 4063 1352 4110 et
1371 4061 1397 4110 in

187 4135 302 4200 margine
320 4133 420 4183 codicis
439 4133 559 4181 Vaticani
578 4133 650 4189 eius.
672 4133 718 4196 qui
736 4132 871 4194 epitomen
889 4130 945 4178 lolii
964 4129 1068 4179 Paridis
1093 4132 1221 4188 continet.
1247 4131 1344 4198 iegitur
1360 4145 1398 4178 rr·

188 4201 263 4254 11111111
281 4201 372 4261 111111“11,·
394 4217 445 4253 nec
468 4203 539 4252 aliud
564 4203 699 4270 siguificat
720 4202 831 4252 alterius
856 4201 953 4250 codicis
972 4201 1153 4251 iteroiinensis
1179 4203 1330 4264 corruptela
1352 4195 1401 4248 red

189 4289 239 4326 eunt
254 4272 337 4327 mitio.
380 4275 497 4323 Causam
524 4273 721 4336 discrepantiae
746 4273 866 4322 declarat
890 4271 947 4320 iibri
970 4271 1101 4322 iioniciini
1124 4273 1251 4335 primaria
1270 4271 1402 4333 scriptura

188 4343 231 4396 red
245 4343 328 4400 nitio.
349 4358 419 4411 quae
437 4349 497 4393 orta
514 4345 558 4392 est
576 4357 592 4392 e
609 4357 656 4396 aea
673 4341 756 4402 milio,
778 4343 897 4393 contusis
916 4344 1079 4406 compendiis
1098 4343 1211 4405 copulae
1230 4343 1254 4390 et
1273 4355 1304 4388 ac
1323 4352 1400 4402 prae·

190 4419 322 4484 positionis
341 4430 381 4475 a,
399 4415 468 4464 adeo
487 4415 555 4464 iuter
573 4427 604 4464 se
622 4415 763 4468 similibus.
782 4418 812 4463 ut
822 4425 906 4476 saepe
920 4413 963 4461 uix
976 4415 1168 4463 discernentur.
1207 4410 1293 4458 ilabel
1311 4411 1400 4459 mrtem

190 4489 335 4553 supradicta
352 4488 468 4551 epitome
485 4485 554 4534 iuter
571 4485 633 4549 ipsa
651 4487 736 4534 uerba
757 4479 893 4534 11111111.
930 4484 1017 4544 Atque
1035 4488 1074 4532 tot
1091 4483 1176 4530 irrisae
1196 4482 1239 4544 qui
1259 4481 1401 4544 capitalem

191 4562 300 4611 iraudem
325 4559 385 4608 ausi
409 4558 456 4608 11111
477 4555 608 4618 pecual·
632 4555 739 4605 iudicati
762 4570 810 4619 pro
833 4555 960 4604 militibus
984 4568 1015 4604 aa
1039 4554 1200 4602 obtulissent
1223 4551 1297 4600 iunio
1317 4551 1401 4601 Perae

191 4633 303 4682 dictatori
321 4631 414 4681 auctor
432 4630 476 4678 ost
493 4626 586 4675 Liuius
604 4625 622 4676 t
641 4642 664 4677 c.

251 4702 365 4770 Propter
381 4694 489 4751 eandem
507 4692 619 4752 1111111111)
636 4697 676 4749 ct.
693 4695 753 4750 Lia.
770 4694 870 4756 xxiii,
888 4690 932 4748 21.

1188 4781 1230 4846 si
