3409 5400
524 428 1032 512 1.16.166.1,1.1-·66.
1058 436 1088 529 1„
1350 438 1416 509 616
1503 435 1508 445 ·

82 591 83 642 f
188 595 348 651 senatore
375 608 419 651 ne
441 610 575 675 sperare
604 593 741 677 quidem·
766 595 862 659 nobis
877 590 1234 663 ‘ciuitatem'licuisset’.
1290 599 1417 665 Tenero

188 714 276 780 ergo
300 696 410 758 animo
435 696 515 759 Cato
538 700 635 762 totius
660 701 769 763 curiae
794 703 988 786 grauitatem
1012 698 1170 791 percepit,
1200 700 1417 788 perseueran-

188 801 304 886 tiaque
327 822 390 864 sua
406 799 543 867 Latinos
565 806 639 870 iura
660 818 794 872 nostrae
818 809 959 872 ciuitatis
983 806 1227 894 adprehendere
1251 813 1417 897 cupientes

187 906 344 991 reppulit.
452 942 457 949 ·
918 912 920 917 ’

162 1036 178 1079 6
283 1012 374 1078 Idem
397 1036 472 1079 eum
495 1016 660 1082 salutandi
683 1021 789 1106 gratia
816 1018 1033 1105 praetextatus
1058 1024 1101 1088 ad
1125 1018 1249 1109 Syllam
1272 1024 1419 1090 uenisset

187 1132 224 1181 et
249 1120 359 1204 capita
378 1122 634 1207 proscriptorum
657 1127 692 1188 in
716 1129 834 1191 atrium
857 1128 967 1193 adlata
988 1122 1141 1205 uidisset,
1171 1132 1338 1195 atrocitate
1368 1130 1417 1195 rei

187 1238 377 1289 commotus
405 1227 638 1316 paedagogum
668 1252 764 1296 suum
792 1236 923 1297 nomine
947 1232 1175 1321 Sarpedonem
1204 1239 1418 1324 interrogauit

189 1344 394 1417 quapropter
415 1356 513 1400 nemo
535 1339 752 1411 inueniretur,
775 1341 831 1425 qui
854 1334 920 1403 tam
945 1338 1109 1404 crudelem
1134 1352 1306 1426 tyrannum
1330 1344 1416 1406 occi·

188 1437 296 1511 deret,
312 1459 450 1524 cumque
464 1443 494 1505 is
510 1464 577 1505 non
590 1443 789 1506 uoluntatem
804 1443 991 1507 hominibus
1008 1439 1068 1508 sed
1083 1446 1270 1512 facultatem
1287 1447 1417 1521 deesse,

149 1542 286 1627 toquod
313 1544 406 1607 salus
434 1548 505 1610 eius
533 1570 657 1634 magno
680 1549 845 1634 praesidio
869 1549 1006 1623 militum
1029 1552 1256 1625 custodiretur,
1279 1572 1416 1637 respon·

190 1648 314 1721 disset,
336 1660 373 1713 ut
392 1652 515 1717 ferrum
537 1654 601 1717 sibi
624 1654 717 1717 daret
738 1650 949 1730 obsecrauit,
963 1650 1167 1721 adfirmando
1194 1657 1349 1742 perfacile
1379 1678 1416 1722 se

191 1776 271 1819 eum
293 1758 543 1834 interfecturum,
568 1759 656 1846 quod
671 1761 706 1824 in
728 1761 811 1825 lecto
833 1762 919 1826 illius
937 1764 1107 1827 considere
1123 1762 1252 1827 soleret.
1287 1762 1416 1828 Paeda·

192 1882 306 1947 gogus
330 1874 361 1926 et
383 1866 530 1929 animum
546 1864 680 1929 Catonis
704 1869 841 1953 agnouit
864 1878 895 1931 ei
916 1868 1120 1956 propositum
1137 1866 1303 1933 exhorruit
1326 1890 1417 1933 eum-

194 1988 260 2051 que
287 1980 405 2061 postea
437 1971 480 2034 ad
508 1970 634 2056 Syllam
670 1992 845 2037 excussum
880 1996 1010 2060 semper
1044 1974 1188 2040 adduxit.
1238 1972 1327 2038 Nihil
1341 1972 1418 2037 .hoc

153 2097 183 2141 66
193 2072 430 2139 admirabilius.
469 2076 555 2139 Puer
577 2078 612 2138 in
636 2078 769 2141 officina
791 2079 987 2143 crudelitatis
1012 2078 1236 2165 deprehensus
1260 2080 1419 2143 uictorem

193 2201 261 2243 non
285 2181 440 2254 extimuit,
463 2192 530 2245 tum
555 2184 694 2247 maxime
719 2184 888 2258 consules,
912 2186 1106 2272 municipia,
1129 2183 1295 2269 legiones,
1318 2202 1417 2268 eque-

196 2288 270 2349 stris
299 2286 423 2352 ordinis
451 2290 610 2353 maiorem
640 2301 765 2372 partem
789 2290 1011 2353 trucidantem.
1056 2289 1167 2375 Ipsum
1196 2287 1335 2351 Marium
1362 2286 1417 2349 illo

195 2392 260 2455 loci
282 2396 465 2470 statuisses,
489 2395 626 2460 celerius
649 2394 770 2479 aliquid
787 2396 827 2457 de
851 2419 914 2461 sua
935 2398 1016 2481 fuga
1032 2416 1130 2481 quam
1146 2394 1187 2458 de
1203 2393 1314 2479 Syllae
1337 2411 1418 2455 nece

197 2499 388 2583 cogitasset.

156 2626 188 2669 66
286 2605 386 2667 Cuius
416 2605 515 2669 lilium
543 2607 699 2671 Faustum
729 2608 765 2670 G.
796 2608 933 2671 Cassius
966 2592 1224 2692 condiscipulum
1258 2624 1355 2667 suum
1383 2604 1418 2667 in
1427 2604 1458 2672 3.

197 2708 314 2773 schola
335 2713 607 2796 proscriptionem
630 2725 798 2801 paternam
822 2713 1026 2790 laudantem,
1049 2716 1238 2800 ipsumque,
1263 2733 1337 2777 6616
1359 2733 1418 2798 per

197 2825 339 2880 aetatem
361 2820 539 2902 potuisset,
561 2819 649 2882 idem
673 2821 834 2884 facturum
856 2821 1058 2884 minitantem
1082 2817 1220 2904 colapho
1244 2819 1416 2904 percussit.

195 2919 343 3005 Dignam
364 2945 509 2999 manum,
533 2946 618 3010 quae
640 2925 778 3011 publico
793 2924 968 3010 parricidio
993 2947 1030 2989 se
1053 2945 1121 2988 non
1144 2924 1391 2988 contaminaret.

286 3027 328 3090 Et
349 3040 384 3092 ut
406 3052 427 3094 a
443 3029 579 3095 Graecis
601 3031 733 3117 aliquid,
756 3028 946 3094 Alcibiades
969 3031 1034 3104 ille,
1057 3032 1150 3094 cuius
1173 3031 1287 3096 nescio
1310 3040 1417 3094 utrum
1426 3020 1498 3099 Exi.
1522 3023 1553 3096 1.

702 3155 915 3166 ——-

200 3201 225 3254 l.
244 3205 431 3259 senatorem.
443 3204 457 3273 ΙΙ
468 3210 537 3257 nede
548 3228 564 3258 a
576 3222 687 3271 sperare
696 3205 728 3258 Α.
750 3223 801 3258 666
820 3221 932 3271 sperare
951 3204 979 3258 D
998 3205 1146 3260 61666610.
1164 3205 1177 3274 ΙΙ
1194 3207 1298 3258 Tenere
1316 3232 1351 3244 -
1369 3199 1419 3271 (1.)

198 3277 314 3339 reppulit
330 3292 379 3328 om.
398 3275 429 3327 Γ.
440 3273 492 3344 ΙΙ2.
511 3278 590 3346 ergo]
609 3280 689 3345 igitur
709 3275 738 3329 C.
752 3275 765 3344 ΙΙ
779 3281 899 3340 percepit
917 3293 965 3329 om.
984 3275 1019 3330 E.
1036 3277 1049 3345 ΙΙ
1070 3275 1093 3326 l.
1113 3278 1296 3342 Sarpedonem
1314 3279 1420 3328 nomine

200 3345 279 3397 Totr.
297 3363 345 3400 661.
364 3347 396 3399 Γ.
411 3351 423 3412 ΙΙ
437 3346 463 3399 8.
482 3347 652 3413 qui-(10.)
671 3348 848 3398 custodiretur
866 3363 915 3396 661.
934 3345 967 3398 Β.
980 3346 993 3413 ΙΙ
1008 3349 1150 3413 occideret]
1170 3349 1329 3400 interficeret
1347 3345 1378 3400 Γ.
1401 3347 1406 3412 Ι

199 3415 243 3468 10.
261 3418 383 3483 quodque
401 3415 552 3538 D-Esalus
572 3420 641 3485 eius]
661 3420 734 3484 sylla
751 3436 766 3467 6
785 3416 814 3466 in
831 3432 928 3468 rasura
944 3414 976 3468 A.
989 3417 1001 3483 ΙΙ
1020 3420 1129 3468 rnilitum
1147 3420 1281 3480 praesidio
1303 3416 1379 3470 Torr.
1401 3415 1406 3483 Ι

200 3481 242 3538 13.
261 3493 288 3539 61
307 3491 423 3539 animum
470 3486 561 3558 Ι.ΙΜ.
580 3491 703 3539 1111111-
723 3492 731 3549 Ι
738 3481 789 3550 iil.)
815 3490 963 3554 cogitasset
986 3503 1033 3539 661.
1054 3486 1084 3539 Γ.
1105 3487 1116 3556 ΙΙ
1140 3485 1180 3538 15.
1198 3503 1281 3551 puero
1301 3502 1370 3540 6616.
1387 3485 1420 3538 Α.

212 3557 225 3626 ΙΙ
243 3555 283 3611 tt.
303 3575 364 3608 runi
381 3556 468 3609 ABE
488 3566 513 3611 et
525 3575 570 3626 pr.
590 3557 696 3626 61111.
715 3561 805 3622 ipsum
825 3558 951 3622 Marium]
976 3559 1003 3606 Si
1027 3561 1085 3623 quis
1109 3561 1197 3622 ipsum
1216 3559 1331 3609 Marium
1349 3556 1377 3609 D
1396 3562 1421 3608 et

198 3643 268 3682 6666.
288 3627 316 3682 C.
342 3633 369 3680 ci
387 3631 431 3695 qui
449 3631 538 3737 Ipsum
556 3631 670 3679 Marium
688 3628 723 3680 Ε.
748 3628 841 3690 Ipsum
859 3629 973 3677 Marium
999 3629 1022 3676 si
1041 3630 1100 3693 quis
1122 3625 1197 3680 Torr.
1211 3627 1224 3698 ΙΙ
1242 3630 1287 3678 1116
1305 3632 1364 3678 1666
1383 3625 1420 3678 D.

200 3702 303 3752 coloci
324 3697 401 3750 Torr.
412 3699 427 3765 ΙΙ
441 3697 481 3751 i..
499 3701 641 3750 statuisset
659 3695 894 3750 sacoaras.
915 3695 1019 3747 6111161
1037 3712 1107 3748 66661
1126 3697 1157 3750 Α.
1169 3697 1182 3764 ΙΙ
1195 3701 1260 3768 iuga
1278 3709 1329 3748 sua
1343 3697 1421 3750 Τοπ.

213 3767 227 3839 ΙΙ
239 3767 282 3820 21).
301 3773 383 3820 Cuius
401 3772 482 3820 fllium
501 3769 640 3835 li'airstum]
661 3771 789 3821 Faustum
802 3769 868 3820 Sille
887 3769 969 3818 fllium
980 3767 1012 3819 Γ.
1024 3767 1038 3833 ΙΙ
1050 3769 1205 3818 Faustulum
1218 3767 1332 3834 61111.
1346 3769 1422 3819 scola

199 3843 233 3892 Δ.
246 3838 258 3910 ΙΙ
271 3838 314 3892 22.
334 3842 479 3890 minantem
496 3840 560 3892 Par.
579 3846 606 3890 et
623 3855 692 3893 corr.
713 3837 743 3890 C.
757 3836 770 3907 ΙΙ
783 3835 826 3891 23.
846 3853 953 3889 manum
974 3839 1054 3904 quae]
1075 3854 1234 3904 manumque
1253 3842 1276 3888 si
1296 3853 1364 3891 corr.
1382 3837 1420 3889 D.

199 3913 301 3962 incerta
313 3924 359 3979 pr.
378 3909 415 3962 D·
429 3908 442 3980 ΙΙ
456 3926 527 3972 quae
544 3910 662 3976 publico]
681 3909 710 3960 iu
726 3924 825 3967 666666
843 3908 874 3960 Α.
889 3906 901 3978 ΙΙ
917 3911 1128 3960 contaminasset
1145 3908 1180 3962 D.
1207 3911 1371 3962 continuaret
1391 3907 1421 3961 0.

210 3981 407 4048 ΙΙ“24.61166111Ι
427 3979 489 4034 aad.
509 3997 681 4032 assumamus
700 3979 732 4034 Γ.

271 4137 343 4192 Idem
362 4137 724 4202 Μ66161666ϋο1Ρ161.
744 4143 800 4191 Cat.
819 4142 880 4192 min.
900 4135 925 4192 3.
1006 4165 1009 4172 1

270 4211 318 4262 tito
335 4210 388 4262 1666Ι
404 4211 551 4272 statuisses)
583 4213 647 4262 cod.
665 4214 828 4276 archetypus
851 4209 998 4267 6161616661,
1023 4211 1091 4260 unde
1116 4211 1274 4262 deteriorum
1300 4211 1421 4260 codicum

203 4285 310 4341 librarii,
329 4284 358 4332 61
374 4282 489 4333 Berolin.
506 4280 535 4333 D
554 4286 582 4332 et
599 4283 733 4334 Guelferb.
750 4281 785 4340 E,
809 4283 836 4330 in
860 4285 951 4332 1161166
977 4285 1144 4332 coniecturas
1169 4283 1300 4338 abierunt,
1327 4281 1422 4346 quibus

201 4358 281 4404 etiam
293 4355 424 4404 debentur
435 4367 505 4419 quoe
517 4356 569 4418 1166
581 4367 666 4418 usque
678 4354 837 4420 legebantur
848 4355 874 4402 in
888 4353 1005 4422 uiiigatts
1019 4355 1118 4404 Valerii
1131 4353 1268 4415 exemplis.
1304 4350 1422 4418 Egregie

202 4427 310 4488 Lipsius
329 4427 483 4474 emendauit
501 4420 649 4479 6161616666,
669 4426 738 4490 quod
757 4426 844 4474 denuo
863 4423 980 4488 eorrupit
998 4423 1158 4480 'lenonium
1185 4435 1243 4471 eum
1262 4421 1422 4484 proponeret

200 4493 280 4560 Atqui
296 4493 382 4561 1661666
399 4493 519 4545 Mariam
536 4493 583 4544 illo
600 4493 653 4545 loci
670 4493 805 4546 6161616666
822 4498 849 4543 et
867 4492 977 4545 celerius
995 4497 1044 4544 etc.

271 4561 298 4615 ³.
316 4567 355 4616 Cf.
375 4565 533 4617 eluceret
551 4561 577 4617 11.

160 4702 167 4719 ¹
272 4637 332 4687 Exi.
354 4634 376 4685 1.
398 4637 437 4688 Ci'.
455 4636 524 4688 Plut.
542 4635 627 4689 Alcib.
647 4632 671 4686 i.

1167 4723 1233 4791 16·
