<?xml version="1.0" encoding="UTF-8"?>
<!DOCTYPE html PUBLIC "-//W3C//DTD XHTML 1.0 Transitional//EN"
    "http://www.w3.org/TR/xhtml1/DTD/xhtml1-transitional.dtd">
<html xmlns="http://www.w3.org/1999/xhtml" xml:lang="en" lang="en">
 <head>
  <title>
</title>
<meta http-equiv="Content-Type" content="text/html;charset=utf-8" />
  <meta name='ocr-system' content='tesseract 3.04.00' />
  <meta name='ocr-capabilities' content='ocr_page ocr_carea ocr_par ocr_line ocrx_word'/>
</head>
<body>
  <div class='ocr_page' id='page_1' title='image "./valerimaximifac00parigoog_0067.png"; bbox 0 0 3409 5400; ppageno 0'>
   <div class='ocr_carea' id='block_1_1' title="bbox 663 412 748 477">
    <p class='ocr_par' dir='ltr' id='par_1_1' title="bbox 663 412 748 477">
     <span class='ocr_line' id='line_1_1' title="bbox 663 412 748 477; baseline 0 0"><span class='ocrx_word' id='word_1_1' title='bbox 663 412 748 477; x_wconf 76' lang='lat' dir='ltr'>5ss</span> 
     </span>
    </p>
   </div>
   <div class='ocr_carea' id='block_1_2' title="bbox 661 553 3071 2896">
    <p class='ocr_par' dir='ltr' id='par_1_2' title="bbox 661 553 3071 1723">
     <span class='ocr_line' id='line_1_2' title="bbox 664 553 3071 646; baseline -0.007 -10"><span class='ocrx_word' id='word_1_2' title='bbox 664 571 873 638; x_wconf 80' lang='lat' dir='ltr'>‘Liber</span> <span class='ocrx_word' id='word_1_3' title='bbox 931 569 1207 632; x_wconf 71' lang='lat' dir='ltr'>decimus</span> <span class='ocrx_word' id='word_1_4' title='bbox 1265 565 1340 629; x_wconf 84' lang='lat' dir='ltr'>de</span> <span class='ocrx_word' id='word_1_5' title='bbox 1389 560 1906 646; x_wconf 71' lang='lat' dir='ltr'><strong><em>praenominibus</em></strong></span> <span class='ocrx_word' id='word_1_6' title='bbox 1959 565 2035 625; x_wconf 81' lang='lat' dir='ltr'>et</span> <span class='ocrx_word' id='word_1_7' title='bbox 2106 555 2542 622; x_wconf 54' lang='lat' dir='ltr'>,similibusss</span> <span class='ocrx_word' id='word_1_8' title='bbox 2631 553 2860 644; x_wconf 87' lang='lat' dir='ltr'>Neque</span> <span class='ocrx_word' id='word_1_9' title='bbox 2917 557 3071 621; x_wconf 88' lang='lat' dir='ltr'>etian</span> 
     </span>
     <span class='ocr_line' id='line_1_3' title="bbox 664 664 3067 762; baseline -0.007 -18"><span class='ocrx_word' id='word_1_10' title='bbox 664 700 813 744; x_wconf 89' lang='lat' dir='ltr'>cum</span> <span class='ocrx_word' id='word_1_11' title='bbox 857 674 1142 762; x_wconf 89' lang='lat' dir='ltr'>Bergkio</span> <span class='ocrx_word' id='word_1_12' title='bbox 1192 671 1279 737; x_wconf 88' lang='lat' dir='ltr'>ad</span> <span class='ocrx_word' id='word_1_13' title='bbox 1322 669 1492 734; x_wconf 90' lang='lat' dir='ltr'>haec</span> <span class='ocrx_word' id='word_1_14' title='bbox 1539 679 1788 734; x_wconf 87' lang='lat' dir='ltr'>tantum</span> <span class='ocrx_word' id='word_1_15' title='bbox 1832 665 2039 731; x_wconf 88' lang='lat' dir='ltr'>uerba</span> <span class='ocrx_word' id='word_1_16' title='bbox 2094 665 2168 729; x_wconf 82' lang='lat' dir='ltr'>de</span> <span class='ocrx_word' id='word_1_17' title='bbox 2213 664 2729 748; x_wconf 70' lang='lat' dir='ltr'><strong><em>praenominibus</em></strong></span> <span class='ocrx_word' id='word_1_18' title='bbox 2774 671 2847 729; x_wconf 82' lang='lat' dir='ltr'>et</span> <span class='ocrx_word' id='word_1_19' title='bbox 2887 666 3067 728; x_wconf 71' lang='lat' dir='ltr'>simi</span> 
     </span>
     <span class='ocr_line' id='line_1_4' title="bbox 662 770 3071 867; baseline -0.008 -17"><span class='ocrx_word' id='word_1_20' title='bbox 662 787 869 851; x_wconf 73' lang='lat' dir='ltr'>libas</span> <span class='ocrx_word' id='word_1_21' title='bbox 912 783 1124 847; x_wconf 87' lang='lat' dir='ltr'>refero</span> <span class='ocrx_word' id='word_1_22' title='bbox 1175 778 1351 867; x_wconf 90' lang='lat' dir='ltr'>quod</span> <span class='ocrx_word' id='word_1_23' title='bbox 1398 777 1594 841; x_wconf 75' lang='lat' dir='ltr'>‘infra</span> <span class='ocrx_word' id='word_1_24' title='bbox 1648 777 1961 862; x_wconf 88' lang='lat' dir='ltr'>scriptum</span> <span class='ocrx_word' id='word_1_25' title='bbox 2020 770 2498 860; x_wconf 88' lang='lat' dir='ltr'>compendium&#39;</span> <span class='ocrx_word' id='word_1_26' title='bbox 2554 770 2787 836; x_wconf 87' lang='lat' dir='ltr'>dicitur</span> <span class='ocrx_word' id='word_1_27' title='bbox 2855 771 2970 836; x_wconf 90' lang='lat' dir='ltr'>sed</span> <span class='ocrx_word' id='word_1_28' title='bbox 3023 795 3071 838; x_wconf 69' lang='lat' dir='ltr'>a·</span> 
     </span>
     <span class='ocr_line' id='line_1_5' title="bbox 664 877 3071 977; baseline -0.006 -19"><span class='ocrx_word' id='word_1_29' title='bbox 664 903 866 958; x_wconf 86' lang='lat' dir='ltr'>totum</span> <span class='ocrx_word' id='word_1_30' title='bbox 915 888 1090 977; x_wconf 89' lang='lat' dir='ltr'>quod</span> <span class='ocrx_word' id='word_1_31' title='bbox 1137 898 1478 972; x_wconf 82' lang='lat' dir='ltr'><strong>supererat</strong></span> <span class='ocrx_word' id='word_1_32' title='bbox 1524 883 1766 948; x_wconf 82' lang='lat' dir='ltr'>decimi</span> <span class='ocrx_word' id='word_1_33' title='bbox 1806 882 1953 947; x_wconf 83' lang='lat' dir='ltr'>libri</span> <span class='ocrx_word' id='word_1_34' title='bbox 1998 879 2456 967; x_wconf 80' lang='lat' dir='ltr'>compendium</span> <span class='ocrx_word' id='word_1_35' title='bbox 2521 897 2669 943; x_wconf 92' lang='lat' dir='ltr'>cum</span> <span class='ocrx_word' id='word_1_36' title='bbox 2713 877 2841 943; x_wconf 88' lang='lat' dir='ltr'>hac</span> <span class='ocrx_word' id='word_1_37' title='bbox 2883 881 3071 943; x_wconf 86' lang='lat' dir='ltr'>inseri</span> 
     </span>
     <span class='ocr_line' id='line_1_6' title="bbox 662 985 3070 1088; baseline -0.006 -23"><span class='ocrx_word' id='word_1_38' title='bbox 662 1001 902 1088; x_wconf 91' lang='lat' dir='ltr'>ptione,</span> <span class='ocrx_word' id='word_1_39' title='bbox 951 997 1241 1061; x_wconf 86' lang='lat' dir='ltr'>amissae</span> <span class='ocrx_word' id='word_1_40' title='bbox 1275 991 1470 1057; x_wconf 89' lang='lat' dir='ltr'>simul</span> <span class='ocrx_word' id='word_1_41' title='bbox 1501 989 1857 1077; x_wconf 76' lang='lat' dir='ltr'><strong>particulae</strong></span> <span class='ocrx_word' id='word_1_42' title='bbox 1887 988 2125 1054; x_wconf 90' lang='lat' dir='ltr'>indice.</span> <span class='ocrx_word' id='word_1_43' title='bbox 2195 986 2370 1052; x_wconf 89' lang='lat' dir='ltr'>Prae</span> <span class='ocrx_word' id='word_1_44' title='bbox 2402 987 2636 1050; x_wconf 83' lang='lat' dir='ltr'>ceteris</span> <span class='ocrx_word' id='word_1_45' title='bbox 2669 997 2883 1052; x_wconf 87' lang='lat' dir='ltr'>autem</span> <span class='ocrx_word' id='word_1_46' title='bbox 2912 985 3070 1072; x_wconf 90' lang='lat' dir='ltr'>prob</span> 
     </span>
     <span class='ocr_line' id='line_1_7' title="bbox 665 1092 3071 1188; baseline -0.006 -16"><span class='ocrx_word' id='word_1_47' title='bbox 665 1105 1015 1172; x_wconf 89' lang='lat' dir='ltr'>tenendum</span> <span class='ocrx_word' id='word_1_48' title='bbox 1063 1112 1166 1166; x_wconf 89' lang='lat' dir='ltr'>est</span> <span class='ocrx_word' id='word_1_49' title='bbox 1209 1100 1636 1188; x_wconf 87' lang='lat' dir='ltr'>praefationis</span> <span class='ocrx_word' id='word_1_50' title='bbox 1685 1108 2020 1162; x_wconf 82' lang='lat' dir='ltr'><strong>auctorem</strong></span> <span class='ocrx_word' id='word_1_51' title='bbox 2066 1098 2443 1161; x_wconf 85' lang='lat' dir='ltr'>coniectura</span> <span class='ocrx_word' id='word_1_52' title='bbox 2502 1104 2753 1158; x_wconf 88' lang='lat' dir='ltr'>tantum</span> <span class='ocrx_word' id='word_1_53' title='bbox 2815 1092 3071 1181; x_wconf 78' lang='lat' dir='ltr'>colliget</span> 
     </span>
     <span class='ocr_line' id='line_1_8' title="bbox 661 1201 3071 1289; baseline -0.004 -13"><span class='ocrx_word' id='word_1_54' title='bbox 661 1213 1003 1278; x_wconf 88' lang='lat' dir='ltr'>Valerium</span> <span class='ocrx_word' id='word_1_55' title='bbox 1048 1210 1200 1273; x_wconf 88' lang='lat' dir='ltr'>item</span> <span class='ocrx_word' id='word_1_56' title='bbox 1249 1205 1502 1269; x_wconf 90' lang='lat' dir='ltr'>decimo</span> <span class='ocrx_word' id='word_1_57' title='bbox 1527 1204 1690 1268; x_wconf 92' lang='lat' dir='ltr'>libro</span> <span class='ocrx_word' id='word_1_58' title='bbox 1718 1204 1799 1268; x_wconf 91' lang='lat' dir='ltr'>de</span> <span class='ocrx_word' id='word_1_59' title='bbox 1823 1203 2219 1278; x_wconf 84' lang='lat' dir='ltr'>nominibus,</span> <span class='ocrx_word' id='word_1_60' title='bbox 2267 1201 2824 1288; x_wconf 77' lang='lat' dir='ltr'>praenominibus,</span> <span class='ocrx_word' id='word_1_61' title='bbox 2871 1223 3071 1289; x_wconf 80' lang='lat' dir='ltr'><strong><em>cogno</em></strong></span> 
     </span>
     <span class='ocr_line' id='line_1_9' title="bbox 664 1308 3071 1402; baseline -0.006 -18"><span class='ocrx_word' id='word_1_62' title='bbox 664 1320 973 1393; x_wconf 79' lang='lat' dir='ltr'>minibus,</span> <span class='ocrx_word' id='word_1_63' title='bbox 1021 1328 1166 1380; x_wconf 89' lang='lat' dir='ltr'>cett.</span> <span class='ocrx_word' id='word_1_64' title='bbox 1215 1314 1473 1402; x_wconf 79' lang='lat' dir='ltr'>egisse,</span> <span class='ocrx_word' id='word_1_65' title='bbox 1544 1313 1656 1398; x_wconf 89' lang='lat' dir='ltr'>qui</span> <span class='ocrx_word' id='word_1_66' title='bbox 1701 1313 1760 1376; x_wconf 93' lang='lat' dir='ltr'>si</span> <span class='ocrx_word' id='word_1_67' title='bbox 1815 1313 2039 1376; x_wconf 91' lang='lat' dir='ltr'>omnia</span> <span class='ocrx_word' id='word_1_68' title='bbox 2086 1331 2168 1376; x_wconf 86' lang='lat' dir='ltr'>ea</span> <span class='ocrx_word' id='word_1_69' title='bbox 2216 1312 2539 1396; x_wconf 79' lang='lat' dir='ltr'>epitomae</span> <span class='ocrx_word' id='word_1_70' title='bbox 2603 1308 2822 1396; x_wconf 85' lang='lat' dir='ltr'>capita</span> <span class='ocrx_word' id='word_1_71' title='bbox 2863 1310 3071 1396; x_wconf 81' lang='lat' dir='ltr'>integr</span> 
     </span>
     <span class='ocr_line' id='line_1_10' title="bbox 668 1417 3071 1493; baseline -0.005 -1"><span class='ocrx_word' id='word_1_72' title='bbox 668 1438 816 1492; x_wconf 90' lang='lat' dir='ltr'>ante</span> <span class='ocrx_word' id='word_1_73' title='bbox 864 1423 1088 1491; x_wconf 88' lang='lat' dir='ltr'>oculos</span> <span class='ocrx_word' id='word_1_74' title='bbox 1148 1420 1526 1493; x_wconf 82' lang='lat' dir='ltr'>habuisset,</span> <span class='ocrx_word' id='word_1_75' title='bbox 1596 1440 1759 1483; x_wconf 88' lang='lat' dir='ltr'>sane</span> <span class='ocrx_word' id='word_1_76' title='bbox 1821 1420 2039 1483; x_wconf 89' lang='lat' dir='ltr'>minus</span> <span class='ocrx_word' id='word_1_77' title='bbox 2100 1417 2324 1481; x_wconf 87' lang='lat' dir='ltr'>timide</span> <span class='ocrx_word' id='word_1_78' title='bbox 2382 1417 2636 1482; x_wconf 87' lang='lat' dir='ltr'>locutus</span> <span class='ocrx_word' id='word_1_79' title='bbox 2698 1425 2902 1490; x_wconf 84' lang='lat' dir='ltr'>esset,</span> <span class='ocrx_word' id='word_1_80' title='bbox 2971 1437 3071 1480; x_wconf 89' lang='lat' dir='ltr'>cu1</span> 
     </span>
     <span class='ocr_line' id='line_1_11' title="bbox 663 1514 3071 1613; baseline -0.002 -17"><span class='ocrx_word' id='word_1_81' title='bbox 663 1514 1003 1598; x_wconf 79' lang='lat' dir='ltr'>Valerium</span> <span class='ocrx_word' id='word_1_82' title='bbox 1051 1531 1279 1595; x_wconf 89' lang='lat' dir='ltr'>decem</span> <span class='ocrx_word' id='word_1_83' title='bbox 1320 1528 1524 1591; x_wconf 89' lang='lat' dir='ltr'>libros</span> <span class='ocrx_word' id='word_1_84' title='bbox 1573 1526 2029 1612; x_wconf 85' lang='lat' dir='ltr'>composuisse</span> <span class='ocrx_word' id='word_1_85' title='bbox 2054 1546 2301 1613; x_wconf 87' lang='lat' dir='ltr'>eosque</span> <span class='ocrx_word' id='word_1_86' title='bbox 2327 1525 2671 1589; x_wconf 88' lang='lat' dir='ltr'>continuos</span> <span class='ocrx_word' id='word_1_87' title='bbox 2712 1525 3071 1610; x_wconf 82' lang='lat' dir='ltr'>excerpsiss</span> 
     </span>
     <span class='ocr_line' id='line_1_12' title="bbox 665 1632 1933 1723; baseline -0.009 -15"><span class='ocrx_word' id='word_1_88' title='bbox 665 1640 976 1708; x_wconf 79' lang='lat' dir='ltr'>Paridem</span> <span class='ocrx_word' id='word_1_89' title='bbox 1024 1656 1417 1723; x_wconf 85' lang='lat' dir='ltr'>persuasum</span> <span class='ocrx_word' id='word_1_90' title='bbox 1462 1634 1597 1698; x_wconf 88' lang='lat' dir='ltr'>iam</span> <span class='ocrx_word' id='word_1_91' title='bbox 1642 1632 1933 1697; x_wconf 88' lang='lat' dir='ltr'>haberet.</span> 
     </span>
    </p>

    <p class='ocr_par' dir='ltr' id='par_1_3' title="bbox 664 1738 3071 2784">
     <span class='ocr_line' id='line_1_13' title="bbox 846 1738 3071 1832; baseline -0.004 -19"><span class='ocrx_word' id='word_1_92' title='bbox 846 1746 1167 1832; x_wconf 89' lang='lat' dir='ltr'>Opinatur</span> <span class='ocrx_word' id='word_1_93' title='bbox 1227 1744 1424 1828; x_wconf 89' lang='lat' dir='ltr'>igitur</span> <span class='ocrx_word' id='word_1_94' title='bbox 1479 1738 1807 1826; x_wconf 87' lang='lat' dir='ltr'>Bergkius</span> <span class='ocrx_word' id='word_1_95' title='bbox 1880 1741 2163 1825; x_wconf 85' lang='lat' dir='ltr'>priorem</span> <span class='ocrx_word' id='word_1_96' title='bbox 2232 1739 2707 1825; x_wconf 80' lang='lat' dir='ltr'>praefationem</span> <span class='ocrx_word' id='word_1_97' title='bbox 2764 1739 3071 1826; x_wconf 73' lang='lat' dir='ltr'>profecta!</span> 
     </span>
     <span class='ocr_line' id='line_1_14' title="bbox 671 1845 3071 1935; baseline -0.004 -18"><span class='ocrx_word' id='word_1_98' title='bbox 671 1875 820 1919; x_wconf 87' lang='lat' dir='ltr'>esse</span> <span class='ocrx_word' id='word_1_99' title='bbox 870 1852 953 1917; x_wconf 87' lang='lat' dir='ltr'>ab</span> <span class='ocrx_word' id='word_1_100' title='bbox 1016 1851 1439 1935; x_wconf 86' lang='lat' dir='ltr'>epitomatore</span> <span class='ocrx_word' id='word_1_101' title='bbox 1501 1846 1789 1934; x_wconf 86' lang='lat' dir='ltr'>quodam</span> <span class='ocrx_word' id='word_1_102' title='bbox 1834 1845 2118 1920; x_wconf 89' lang='lat' dir='ltr'>Valerii,</span> <span class='ocrx_word' id='word_1_103' title='bbox 2178 1846 2290 1932; x_wconf 90' lang='lat' dir='ltr'>qui</span> <span class='ocrx_word' id='word_1_104' title='bbox 2345 1847 2415 1910; x_wconf 92' lang='lat' dir='ltr'>in</span> <span class='ocrx_word' id='word_1_105' title='bbox 2471 1848 2704 1910; x_wconf 88' lang='lat' dir='ltr'>ceteris</span> <span class='ocrx_word' id='word_1_106' title='bbox 2764 1870 2805 1910; x_wconf 91' lang='lat' dir='ltr'>a</span> <span class='ocrx_word' id='word_1_107' title='bbox 2865 1847 3071 1908; x_wconf 84' lang='lat' dir='ltr'>nemin</span> 
     </span>
     <span class='ocr_line' id='line_1_15' title="bbox 667 1951 3071 2049; baseline -0.004 -25"><span class='ocrx_word' id='word_1_108' title='bbox 667 1971 1011 2049; x_wconf 87' lang='lat' dir='ltr'>praeterea</span> <span class='ocrx_word' id='word_1_109' title='bbox 1056 1955 1384 2042; x_wconf 76' lang='lat' dir='ltr'>pendenS,</span> <span class='ocrx_word' id='word_1_110' title='bbox 1432 1975 1581 2018; x_wconf 91' lang='lat' dir='ltr'>cum</span> <span class='ocrx_word' id='word_1_111' title='bbox 1626 1955 1696 2018; x_wconf 91' lang='lat' dir='ltr'>in</span> <span class='ocrx_word' id='word_1_112' title='bbox 1754 1976 1874 2018; x_wconf 91' lang='lat' dir='ltr'>suo</span> <span class='ocrx_word' id='word_1_113' title='bbox 1922 1951 2177 2016; x_wconf 90' lang='lat' dir='ltr'>Valerii</span> <span class='ocrx_word' id='word_1_114' title='bbox 2237 1951 2530 2039; x_wconf 86' lang='lat' dir='ltr'>exemplo</span> <span class='ocrx_word' id='word_1_115' title='bbox 2592 1971 2831 2017; x_wconf 87' lang='lat' dir='ltr'>nouem</span> <span class='ocrx_word' id='word_1_116' title='bbox 2876 1961 3071 2015; x_wconf 82' lang='lat' dir='ltr'>tantm</span> 
     </span>
     <span class='ocr_line' id='line_1_16' title="bbox 664 2058 3071 2146; baseline -0.005 -15"><span class='ocrx_word' id='word_1_117' title='bbox 664 2067 869 2131; x_wconf 88' lang='lat' dir='ltr'>libros</span> <span class='ocrx_word' id='word_1_118' title='bbox 916 2063 1298 2133; x_wconf 88' lang='lat' dir='ltr'>inuenisset,</span> <span class='ocrx_word' id='word_1_119' title='bbox 1343 2061 1414 2122; x_wconf 89' lang='lat' dir='ltr'>in</span> <span class='ocrx_word' id='word_1_120' title='bbox 1437 2059 1700 2123; x_wconf 87' lang='lat' dir='ltr'>Paridis</span> <span class='ocrx_word' id='word_1_121' title='bbox 1727 2080 1924 2146; x_wconf 88' lang='lat' dir='ltr'>opere</span> <span class='ocrx_word' id='word_1_122' title='bbox 1950 2080 2150 2123; x_wconf 90' lang='lat' dir='ltr'>unum</span> <span class='ocrx_word' id='word_1_123' title='bbox 2173 2060 2441 2145; x_wconf 85' lang='lat' dir='ltr'>insuper</span> <span class='ocrx_word' id='word_1_124' title='bbox 2480 2059 2795 2124; x_wconf 82' lang='lat' dir='ltr'>accedere</span> <span class='ocrx_word' id='word_1_125' title='bbox 2827 2058 3071 2121; x_wconf 84' lang='lat' dir='ltr'>uidisse</span> 
     </span>
     <span class='ocr_line' id='line_1_17' title="bbox 666 2163 3071 2252; baseline -0.003 -16"><span class='ocrx_word' id='word_1_126' title='bbox 666 2184 739 2236; x_wconf 90' lang='lat' dir='ltr'>ut</span> <span class='ocrx_word' id='word_1_127' title='bbox 780 2170 955 2235; x_wconf 90' lang='lat' dir='ltr'>hunc</span> <span class='ocrx_word' id='word_1_128' title='bbox 1002 2166 1329 2230; x_wconf 87' lang='lat' dir='ltr'>decimum</span> <span class='ocrx_word' id='word_1_129' title='bbox 1371 2163 1608 2230; x_wconf 84' lang='lat' dir='ltr'>librum</span> <span class='ocrx_word' id='word_1_130' title='bbox 1656 2165 2003 2252; x_wconf 85' lang='lat' dir='ltr'>suppleret,</span> <span class='ocrx_word' id='word_1_131' title='bbox 2050 2164 2314 2230; x_wconf 88' lang='lat' dir='ltr'>Paridis</span> <span class='ocrx_word' id='word_1_132' title='bbox 2364 2166 2690 2252; x_wconf 84' lang='lat' dir='ltr'>epitomen</span> <span class='ocrx_word' id='word_1_133' title='bbox 2737 2164 3071 2229; x_wconf 86' lang='lat' dir='ltr'>adhibueri</span> 
     </span>
     <span class='ocr_line' id='line_1_18' title="bbox 666 2271 3071 2344; baseline -0.004 0"><span class='ocrx_word' id='word_1_134' title='bbox 666 2278 853 2344; x_wconf 84' lang='lat' dir='ltr'>Illum</span> <span class='ocrx_word' id='word_1_135' title='bbox 898 2296 1143 2341; x_wconf 89' lang='lat' dir='ltr'>nouum</span> <span class='ocrx_word' id='word_1_136' title='bbox 1168 2272 1686 2337; x_wconf 81' lang='lat' dir='ltr'>abbreuiatorem</span> <span class='ocrx_word' id='word_1_137' title='bbox 1716 2273 1858 2337; x_wconf 90' lang='lat' dir='ltr'>sine</span> <span class='ocrx_word' id='word_1_138' title='bbox 1906 2273 2102 2337; x_wconf 90' lang='lat' dir='ltr'>dubio</span> <span class='ocrx_word' id='word_1_139' title='bbox 2150 2272 2430 2338; x_wconf 90' lang='lat' dir='ltr'>eundem</span> <span class='ocrx_word' id='word_1_140' title='bbox 2478 2271 2550 2336; x_wconf 86' lang='lat' dir='ltr'>G.</span> <span class='ocrx_word' id='word_1_141' title='bbox 2578 2271 2813 2338; x_wconf 88' lang='lat' dir='ltr'>Titium</span> <span class='ocrx_word' id='word_1_142' title='bbox 2836 2271 3071 2336; x_wconf 81' lang='lat' dir='ltr'>Probu]</span> 
     </span>
     <span class='ocr_line' id='line_1_19' title="bbox 669 2378 3071 2468; baseline -0.004 -18"><span class='ocrx_word' id='word_1_143' title='bbox 669 2407 819 2452; x_wconf 86' lang='lat' dir='ltr'>esse</span> <span class='ocrx_word' id='word_1_144' title='bbox 837 2432 856 2460; x_wconf 97' lang='lat'>,</span> <span class='ocrx_word' id='word_1_145' title='bbox 915 2383 996 2447; x_wconf 90' lang='lat' dir='ltr'>de</span> <span class='ocrx_word' id='word_1_146' title='bbox 1045 2403 1172 2468; x_wconf 91' lang='lat' dir='ltr'>quo</span> <span class='ocrx_word' id='word_1_147' title='bbox 1220 2381 1288 2444; x_wconf 91' lang='lat' dir='ltr'>in</span> <span class='ocrx_word' id='word_1_148' title='bbox 1336 2378 1814 2467; x_wconf 89' lang='lat' dir='ltr'>subscriptione</span> <span class='ocrx_word' id='word_1_149' title='bbox 1862 2391 2127 2467; x_wconf 87' lang='lat' dir='ltr'>agatur,</span> <span class='ocrx_word' id='word_1_150' title='bbox 2190 2400 2509 2467; x_wconf 84' lang='lat' dir='ltr'>quemque</span> <span class='ocrx_word' id='word_1_151' title='bbox 2558 2380 2762 2444; x_wconf 87' lang='lat' dir='ltr'>altera</span> <span class='ocrx_word' id='word_1_152' title='bbox 2804 2378 3071 2465; x_wconf 75' lang='lat' dir='ltr'>praefati</span> 
     </span>
     <span class='ocr_line' id='line_1_20' title="bbox 670 2483 3071 2578; baseline -0.004 -20"><span class='ocrx_word' id='word_1_153' title='bbox 670 2491 845 2578; x_wconf 87' lang='lat' dir='ltr'>apud</span> <span class='ocrx_word' id='word_1_154' title='bbox 904 2489 1218 2578; x_wconf 90' lang='lat' dir='ltr'>Pighium</span> <span class='ocrx_word' id='word_1_155' title='bbox 1279 2487 1518 2552; x_wconf 89' lang='lat' dir='ltr'>diserte</span> <span class='ocrx_word' id='word_1_156' title='bbox 1577 2500 1913 2554; x_wconf 82' lang='lat' dir='ltr'>auctorem</span> <span class='ocrx_word' id='word_1_157' title='bbox 1972 2506 2130 2574; x_wconf 92' lang='lat' dir='ltr'>prae</span> <span class='ocrx_word' id='word_1_158' title='bbox 2187 2506 2262 2550; x_wconf 86' lang='lat' dir='ltr'>se</span> <span class='ocrx_word' id='word_1_159' title='bbox 2317 2487 2503 2550; x_wconf 86' lang='lat' dir='ltr'>ferat.</span> <span class='ocrx_word' id='word_1_160' title='bbox 2616 2484 2790 2551; x_wconf 88' lang='lat' dir='ltr'>Nam</span> <span class='ocrx_word' id='word_1_161' title='bbox 2844 2483 3071 2573; x_wconf 63' lang='lat' dir='ltr'>Pighit</span> 
     </span>
     <span class='ocr_line' id='line_1_21' title="bbox 668 2592 3071 2683; baseline -0.002 -23"><span class='ocrx_word' id='word_1_162' title='bbox 668 2595 1099 2683; x_wconf 86' lang='lat' dir='ltr'>praecedente</span> <span class='ocrx_word' id='word_1_163' title='bbox 1147 2595 1303 2659; x_wconf 87' lang='lat' dir='ltr'>Seb.</span> <span class='ocrx_word' id='word_1_164' title='bbox 1352 2592 1642 2680; x_wconf 85' lang='lat' dir='ltr'>Gryphio</span> <span class='ocrx_word' id='word_1_165' title='bbox 1688 2595 1785 2658; x_wconf 90' lang='lat' dir='ltr'>ita</span> <span class='ocrx_word' id='word_1_166' title='bbox 1829 2592 2140 2668; x_wconf 86' lang='lat' dir='ltr'>ediderat,</span> <span class='ocrx_word' id='word_1_167' title='bbox 2191 2592 2254 2656; x_wconf 84' lang='lat' dir='ltr'>G.</span> <span class='ocrx_word' id='word_1_168' title='bbox 2310 2593 2437 2659; x_wconf 72' lang='lat' dir='ltr'>Titi</span> <span class='ocrx_word' id='word_1_169' title='bbox 2474 2592 2668 2657; x_wconf 78' lang='lat' dir='ltr'>Probi</span> <span class='ocrx_word' id='word_1_170' title='bbox 2713 2594 2783 2657; x_wconf 90' lang='lat' dir='ltr'>in</span> <span class='ocrx_word' id='word_1_171' title='bbox 2826 2595 3071 2675; x_wconf 68' lang='lat' dir='ltr'>epitom</span> 
     </span>
     <span class='ocr_line' id='line_1_22' title="bbox 672 2703 1226 2784; baseline -0.009 -16"><span class='ocrx_word' id='word_1_172' title='bbox 672 2723 852 2768; x_wconf 74' lang='lat' dir='ltr'>suam</span> <span class='ocrx_word' id='word_1_173' title='bbox 886 2703 1226 2784; x_wconf 76' lang='lat' dir='ltr'>praefatio.</span> 
     </span>
    </p>

    <p class='ocr_par' dir='ltr' id='par_1_4' title="bbox 845 2806 3071 2896">
     <span class='ocr_line' id='line_1_23' title="bbox 845 2806 3071 2896; baseline -0.002 -24"><span class='ocrx_word' id='word_1_174' title='bbox 845 2807 1052 2872; x_wconf 85' lang='lat' dir='ltr'>Miror</span> <span class='ocrx_word' id='word_1_175' title='bbox 1098 2808 1238 2872; x_wconf 90' lang='lat' dir='ltr'>uiro</span> <span class='ocrx_word' id='word_1_176' title='bbox 1285 2806 1793 2894; x_wconf 89' lang='lat' dir='ltr'>prudentissimo</span> <span class='ocrx_word' id='word_1_177' title='bbox 1844 2819 1907 2873; x_wconf 87' lang='lat' dir='ltr'>et</span> <span class='ocrx_word' id='word_1_178' title='bbox 1951 2809 2395 2896; x_wconf 84' lang='lat' dir='ltr'>sagacissimo</span> <span class='ocrx_word' id='word_1_179' title='bbox 2456 2829 2587 2873; x_wconf 88' lang='lat' dir='ltr'>non</span> <span class='ocrx_word' id='word_1_180' title='bbox 2633 2809 2843 2872; x_wconf 88' lang='lat' dir='ltr'>fuisse</span> <span class='ocrx_word' id='word_1_181' title='bbox 2891 2828 3071 2892; x_wconf 71' lang='lat' dir='ltr'>susp«</span> 
     </span>
    </p>
   </div>
   <div class='ocr_carea' id='block_1_3' title="bbox 674 2912 3071 3317">
    <p class='ocr_par' dir='ltr' id='par_1_5' title="bbox 674 2912 3071 3317">
     <span class='ocr_line' id='line_1_24' title="bbox 674 2912 3071 3002; baseline -0.002 -22"><span class='ocrx_word' id='word_1_182' title='bbox 674 2936 842 2980; x_wconf 67' lang='lat' dir='ltr'>etum</span> <span class='ocrx_word' id='word_1_183' title='bbox 897 2916 1091 2976; x_wconf 61' lang='lat' dir='ltr'>Probi</span> <span class='ocrx_word' id='word_1_184' title='bbox 1145 2936 1378 2977; x_wconf 60' lang='lat' dir='ltr'>numen</span> <span class='ocrx_word' id='word_1_185' title='bbox 1427 2912 1610 2979; x_wconf 89' lang='lat' dir='ltr'>alteri</span> <span class='ocrx_word' id='word_1_186' title='bbox 1653 2917 2046 3001; x_wconf 85' lang='lat' dir='ltr'>praefationi</span> <span class='ocrx_word' id='word_1_187' title='bbox 2091 2917 2487 3002; x_wconf 87' lang='lat' dir='ltr'>praefixum,</span> <span class='ocrx_word' id='word_1_188' title='bbox 2544 2936 2693 2979; x_wconf 85' lang='lat' dir='ltr'>cum</span> <span class='ocrx_word' id='word_1_189' title='bbox 2737 2915 3071 3001; x_wconf 74' lang='lat' dir='ltr'>praesertiJ</span> 
     </span>
     <span class='ocr_line' id='line_1_25' title="bbox 674 3019 3071 3108; baseline -0.001 -20"><span class='ocrx_word' id='word_1_190' title='bbox 674 3028 742 3088; x_wconf 81' lang='lat' dir='ltr'>in</span> <span class='ocrx_word' id='word_1_191' title='bbox 802 3024 1049 3108; x_wconf 45' lang='lat' dir='ltr'>prims-2.</span> <span class='ocrx_word' id='word_1_192' title='bbox 1115 3044 1307 3104; x_wconf 64' lang='lat' dir='ltr'>qnam</span> <span class='ocrx_word' id='word_1_193' title='bbox 1371 3019 1542 3085; x_wconf 90' lang='lat' dir='ltr'>illius</span> <span class='ocrx_word' id='word_1_194' title='bbox 1601 3021 1848 3088; x_wconf 86' lang='lat' dir='ltr'>fontem</span> <span class='ocrx_word' id='word_1_195' title='bbox 1894 3043 2047 3089; x_wconf 85' lang='lat' dir='ltr'>esse</span> <span class='ocrx_word' id='word_1_196' title='bbox 2104 3023 2346 3108; x_wconf 88' lang='lat' dir='ltr'>optime</span> <span class='ocrx_word' id='word_1_197' title='bbox 2408 3021 2744 3098; x_wconf 88' lang='lat' dir='ltr'>intellexit,</span> <span class='ocrx_word' id='word_1_198' title='bbox 2798 3040 3071 3107; x_wconf 61' lang='lat' dir='ltr'>nusquas</span> 
     </span>
     <span class='ocr_line' id='line_1_26' title="bbox 678 3127 3070 3217; baseline -0 -24"><span class='ocrx_word' id='word_1_199' title='bbox 678 3137 814 3197; x_wconf 73' lang='lat' dir='ltr'>eins</span> <span class='ocrx_word' id='word_1_200' title='bbox 882 3129 1163 3193; x_wconf 57' lang='lat' dir='ltr'>hominis</span> <span class='ocrx_word' id='word_1_201' title='bbox 1235 3127 1468 3191; x_wconf 61' lang='lat' dir='ltr'>:nuntio</span> <span class='ocrx_word' id='word_1_202' title='bbox 1531 3128 1709 3194; x_wconf 87' lang='lat' dir='ltr'>facta</span> <span class='ocrx_word' id='word_1_203' title='bbox 1767 3130 1882 3203; x_wconf 84' lang='lat' dir='ltr'>sit,</span> <span class='ocrx_word' id='word_1_204' title='bbox 1959 3150 2234 3217; x_wconf 88' lang='lat' dir='ltr'>cumque</span> <span class='ocrx_word' id='word_1_205' title='bbox 2294 3131 2429 3195; x_wconf 90' lang='lat' dir='ltr'>iam</span> <span class='ocrx_word' id='word_1_206' title='bbox 2486 3128 2710 3217; x_wconf 91' lang='lat' dir='ltr'>Pighii</span> <span class='ocrx_word' id='word_1_207' title='bbox 2768 3128 3070 3194; x_wconf 86' lang='lat' dir='ltr'>adnotati</span> 
     </span>
     <span class='ocr_line' id='line_1_27' title="bbox 674 3234 3071 3317; baseline -0.002 -15"><span class='ocrx_word' id='word_1_208' title='bbox 674 3241 842 3301; x_wconf 65' lang='lat' dir='ltr'>ham:</span> <span class='ocrx_word' id='word_1_209' title='bbox 926 3237 1416 3317; x_wconf 47' lang='lat' dir='ltr'>ina-riptimwm</span> <span class='ocrx_word' id='word_1_210' title='bbox 1484 3235 1553 3299; x_wconf 92' lang='lat' dir='ltr'>in</span> <span class='ocrx_word' id='word_1_211' title='bbox 1619 3234 1839 3302; x_wconf 87' lang='lat' dir='ltr'>multis</span> <span class='ocrx_word' id='word_1_212' title='bbox 1897 3236 2232 3302; x_wconf 87' lang='lat' dir='ltr'>codicibus</span> <span class='ocrx_word' id='word_1_213' title='bbox 2305 3235 2701 3310; x_wconf 85' lang='lat' dir='ltr'>desiderari,</span> <span class='ocrx_word' id='word_1_214' title='bbox 2763 3257 2915 3301; x_wconf 88' lang='lat' dir='ltr'>eum</span> <span class='ocrx_word' id='word_1_215' title='bbox 2972 3257 3071 3299; x_wconf 65' lang='lat' dir='ltr'>can</span> 
     </span>
    </p>
   </div>
   <div class='ocr_carea' id='block_1_4' title="bbox 662 3340 3071 4287">
    <p class='ocr_par' dir='ltr' id='par_1_6' title="bbox 662 3340 3071 4068">
     <span class='ocr_line' id='line_1_28' title="bbox 670 3340 3071 3427; baseline 0 -20"><span class='ocrx_word' id='word_1_216' title='bbox 670 3354 805 3408; x_wconf 90' lang='lat' dir='ltr'>tum</span> <span class='ocrx_word' id='word_1_217' title='bbox 850 3341 1122 3408; x_wconf 87' lang='lat' dir='ltr'>reddere</span> <span class='ocrx_word' id='word_1_218' title='bbox 1169 3340 1522 3406; x_wconf 87' lang='lat' dir='ltr'>debuisset.</span> <span class='ocrx_word' id='word_1_219' title='bbox 1613 3342 1697 3406; x_wconf 85' lang='lat' dir='ltr'>Et</span> <span class='ocrx_word' id='word_1_220' title='bbox 1742 3343 1932 3407; x_wconf 89' lang='lat' dir='ltr'>abest</span> <span class='ocrx_word' id='word_1_221' title='bbox 1976 3365 2138 3408; x_wconf 87' lang='lat' dir='ltr'>sane</span> <span class='ocrx_word' id='word_1_222' title='bbox 2185 3342 2269 3407; x_wconf 89' lang='lat' dir='ltr'>ab</span> <span class='ocrx_word' id='word_1_223' title='bbox 2324 3343 2625 3409; x_wconf 89' lang='lat' dir='ltr'>omnibus</span> <span class='ocrx_word' id='word_1_224' title='bbox 2676 3342 2895 3416; x_wconf 86' lang='lat' dir='ltr'>libris,</span> <span class='ocrx_word' id='word_1_225' title='bbox 2960 3364 3071 3427; x_wconf 83' lang='lat' dir='ltr'>qu&lt;</span> 
     </span>
     <span class='ocr_line' id='line_1_29' title="bbox 673 3447 3071 3538; baseline -0.002 -23"><span class='ocrx_word' id='word_1_226' title='bbox 673 3472 876 3538; x_wconf 87' lang='lat' dir='ltr'>supra</span> <span class='ocrx_word' id='word_1_227' title='bbox 921 3447 1296 3515; x_wconf 85' lang='lat' dir='ltr'>alterutram</span> <span class='ocrx_word' id='word_1_228' title='bbox 1342 3448 1927 3535; x_wconf 89' lang='lat' dir='ltr'>praefatiunculam</span> <span class='ocrx_word' id='word_1_229' title='bbox 1975 3449 2279 3515; x_wconf 80' lang='lat' dir='ltr'>exhibere</span> <span class='ocrx_word' id='word_1_230' title='bbox 2326 3450 2479 3524; x_wconf 82' lang='lat' dir='ltr'>dixi,</span> <span class='ocrx_word' id='word_1_231' title='bbox 2526 3460 2794 3536; x_wconf 85' lang='lat' dir='ltr'>excepto</span> <span class='ocrx_word' id='word_1_232' title='bbox 2830 3471 2966 3513; x_wconf 92' lang='lat' dir='ltr'>uno</span> <span class='ocrx_word' id='word_1_233' title='bbox 3000 3447 3071 3511; x_wconf 82' lang='lat' dir='ltr'>P.-</span> 
     </span>
     <span class='ocr_line' id='line_1_30' title="bbox 670 3556 3064 3646; baseline -0.001 -24"><span class='ocrx_word' id='word_1_234' title='bbox 670 3558 875 3622; x_wconf 88' lang='lat' dir='ltr'>risino</span> <span class='ocrx_word' id='word_1_235' title='bbox 924 3580 988 3622; x_wconf 88' lang='lat' dir='ltr'>n.</span> <span class='ocrx_word' id='word_1_236' title='bbox 1038 3558 1208 3623; x_wconf 87' lang='lat'>5851</span> <span class='ocrx_word' id='word_1_237' title='bbox 1232 3605 1250 3634; x_wconf 96' lang='lat'>,</span> <span class='ocrx_word' id='word_1_238' title='bbox 1315 3558 1426 3646; x_wconf 87' lang='lat' dir='ltr'>qui</span> <span class='ocrx_word' id='word_1_239' title='bbox 1472 3579 1603 3622; x_wconf 90' lang='lat' dir='ltr'>non</span> <span class='ocrx_word' id='word_1_240' title='bbox 1650 3557 1863 3624; x_wconf 90' lang='lat' dir='ltr'>solum</span> <span class='ocrx_word' id='word_1_241' title='bbox 1910 3559 2385 3642; x_wconf 85' lang='lat' dir='ltr'>praefationem</span> <span class='ocrx_word' id='word_1_242' title='bbox 2441 3557 2514 3623; x_wconf 86' lang='lat' dir='ltr'>G.</span> <span class='ocrx_word' id='word_1_243' title='bbox 2559 3556 2778 3622; x_wconf 91' lang='lat' dir='ltr'>Probo</span> <span class='ocrx_word' id='word_1_244' title='bbox 2838 3556 3064 3620; x_wconf 88' lang='lat' dir='ltr'>tribuit</span> 
     </span>
     <span class='ocr_line' id='line_1_31' title="bbox 671 3663 3071 3753; baseline 0 -27"><span class='ocrx_word' id='word_1_245' title='bbox 671 3684 900 3727; x_wconf 89' lang='lat' dir='ltr'>uerum</span> <span class='ocrx_word' id='word_1_246' title='bbox 949 3666 1141 3729; x_wconf 90' lang='lat' dir='ltr'>etiam</span> <span class='ocrx_word' id='word_1_247' title='bbox 1188 3666 1405 3751; x_wconf 90' lang='lat' dir='ltr'>ipsum</span> <span class='ocrx_word' id='word_1_248' title='bbox 1438 3664 1594 3730; x_wconf 91' lang='lat' dir='ltr'>illud</span> <span class='ocrx_word' id='word_1_249' title='bbox 1626 3666 2067 3753; x_wconf 85' lang='lat' dir='ltr'>fragmentum</span> <span class='ocrx_word' id='word_1_250' title='bbox 2109 3663 2190 3727; x_wconf 90' lang='lat' dir='ltr'>de</span> <span class='ocrx_word' id='word_1_251' title='bbox 2220 3663 2778 3751; x_wconf 74' lang='lat' dir='ltr'>praenominibus·</span> <span class='ocrx_word' id='word_1_252' title='bbox 2867 3663 3071 3728; x_wconf 85' lang='lat' dir='ltr'>Eteni</span> 
     </span>
     <span class='ocr_line' id='line_1_32' title="bbox 672 3771 3071 3858; baseline 0 -27"><span class='ocrx_word' id='word_1_253' title='bbox 672 3779 825 3854; x_wconf 87' lang='lat' dir='ltr'>post</span> <span class='ocrx_word' id='word_1_254' title='bbox 867 3790 1100 3833; x_wconf 88' lang='lat' dir='ltr'>uocem</span> <span class='ocrx_word' id='word_1_255' title='bbox 1145 3773 1647 3853; x_wconf 71' lang='lat' dir='ltr'>repraesentabat</span> <span class='ocrx_word' id='word_1_256' title='bbox 1688 3771 1855 3837; x_wconf 87' lang='lat' dir='ltr'>haec</span> <span class='ocrx_word' id='word_1_257' title='bbox 1903 3782 2288 3858; x_wconf 86' lang='lat' dir='ltr'>sequuntur,</span> <span class='ocrx_word' id='word_1_258' title='bbox 2350 3772 2573 3836; x_wconf 78' lang='lat' dir='ltr'>decimi</span> <span class='ocrx_word' id='word_1_259' title='bbox 2631 3772 2779 3836; x_wconf 76' lang='lat' dir='ltr'>libri</span> <span class='ocrx_word' id='word_1_260' title='bbox 2841 3771 2986 3834; x_wconf 83' lang='lat' dir='ltr'>cari</span> <span class='ocrx_word' id='word_1_261' title='bbox 3034 3776 3071 3832; x_wconf 70' lang='grc' dir='ltr'>τι</span> 
     </span>
     <span class='ocr_line' id='line_1_33' title="bbox 662 3873 3071 3963; baseline 0.003 -29"><span class='ocrx_word' id='word_1_262' title='bbox 662 3873 854 3956; x_wconf 82' lang='lat' dir='ltr'>probi</span> <span class='ocrx_word' id='word_1_263' title='bbox 912 3875 986 3937; x_wconf 81' lang='lat' dir='ltr'>de</span> <span class='ocrx_word' id='word_1_264' title='bbox 1030 3880 1432 3957; x_wconf 80' lang='lat' dir='ltr'>praenomine</span> <span class='ocrx_word' id='word_1_265' title='bbox 1487 3881 1794 3961; x_wconf 75' lang='lat' dir='ltr'>epithema</span> <span class='ocrx_word' id='word_1_266' title='bbox 1849 3880 2100 3962; x_wconf 79' lang='lat' dir='ltr'>incipit,</span> <span class='ocrx_word' id='word_1_267' title='bbox 2180 3889 2244 3942; x_wconf 87' lang='lat' dir='ltr'>et</span> <span class='ocrx_word' id='word_1_268' title='bbox 2307 3880 2377 3943; x_wconf 92' lang='lat' dir='ltr'>in</span> <span class='ocrx_word' id='word_1_269' title='bbox 2439 3880 2567 3943; x_wconf 87' lang='lat' dir='ltr'>fine</span> <span class='ocrx_word' id='word_1_270' title='bbox 2625 3878 2820 3943; x_wconf 87' lang='lat' dir='ltr'>totius</span> <span class='ocrx_word' id='word_1_271' title='bbox 2884 3878 3071 3963; x_wconf 89' lang='lat' dir='ltr'>operi</span> 
     </span>
     <span class='ocr_line' id='line_1_34' title="bbox 678 3980 2291 4068; baseline 0.005 -26"><span class='ocrx_word' id='word_1_272' title='bbox 678 3980 908 4043; x_wconf 78' lang='lat' dir='ltr'>decimi</span> <span class='ocrx_word' id='word_1_273' title='bbox 953 3980 1101 4043; x_wconf 77' lang='lat' dir='ltr'>libri</span> <span class='ocrx_word' id='word_1_274' title='bbox 1147 3983 1285 4045; x_wconf 85' lang='lat' dir='ltr'>cari</span> <span class='ocrx_word' id='word_1_275' title='bbox 1329 3984 1429 4046; x_wconf 83' lang='lat' dir='ltr'>titi</span> <span class='ocrx_word' id='word_1_276' title='bbox 1462 3985 1652 4067; x_wconf 81' lang='lat' dir='ltr'>probi</span> <span class='ocrx_word' id='word_1_277' title='bbox 1697 3988 2005 4068; x_wconf 70' lang='lat' dir='ltr'>epithema</span> <span class='ocrx_word' id='word_1_278' title='bbox 2048 3986 2291 4050; x_wconf 77' lang='lat' dir='ltr'>desinit.</span> 
     </span>
    </p>

    <p class='ocr_par' dir='ltr' id='par_1_7' title="bbox 674 4084 3071 4287">
     <span class='ocr_line' id='line_1_35' title="bbox 856 4084 3071 4179; baseline 0.001 -29"><span class='ocrx_word' id='word_1_279' title='bbox 856 4084 1044 4167; x_wconf 84' lang='lat' dir='ltr'>Quae</span> <span class='ocrx_word' id='word_1_280' title='bbox 1090 4107 1239 4152; x_wconf 90' lang='lat' dir='ltr'>cum</span> <span class='ocrx_word' id='word_1_281' title='bbox 1284 4089 1375 4153; x_wconf 86' lang='lat' dir='ltr'>ita</span> <span class='ocrx_word' id='word_1_282' title='bbox 1422 4108 1494 4153; x_wconf 90' lang='lat' dir='ltr'>se</span> <span class='ocrx_word' id='word_1_283' title='bbox 1539 4087 1861 4165; x_wconf 88' lang='lat' dir='ltr'>habeant,</span> <span class='ocrx_word' id='word_1_284' title='bbox 1924 4090 2205 4159; x_wconf 86' lang='lat' dir='ltr'>dubitari</span> <span class='ocrx_word' id='word_1_285' title='bbox 2259 4095 2524 4158; x_wconf 87' lang='lat' dir='ltr'>omnino</span> <span class='ocrx_word' id='word_1_286' title='bbox 2572 4093 2794 4179; x_wconf 88' lang='lat' dir='ltr'>nequit</span> <span class='ocrx_word' id='word_1_287' title='bbox 2841 4092 3008 4179; x_wconf 89' lang='lat' dir='ltr'>quin</span> <span class='ocrx_word' id='word_1_288' title='bbox 3056 4112 3071 4152; x_wconf 70' lang='grc' dir='ltr'>ε</span> 
     </span>
     <span class='ocr_line' id='line_1_36' title="bbox 674 4193 3071 4287; baseline 0.003 -31"><span class='ocrx_word' id='word_1_289' title='bbox 674 4193 1017 4280; x_wconf 79' lang='lat' dir='ltr'>praefatio,</span> <span class='ocrx_word' id='word_1_290' title='bbox 1064 4213 1262 4280; x_wconf 89' lang='lat' dir='ltr'>quam</span> <span class='ocrx_word' id='word_1_291' title='bbox 1306 4196 1687 4281; x_wconf 87' lang='lat' dir='ltr'>primariam</span> <span class='ocrx_word' id='word_1_292' title='bbox 1734 4195 2036 4275; x_wconf 80' lang='lat' dir='ltr'>diximuS,</span> <span class='ocrx_word' id='word_1_293' title='bbox 2083 4201 2377 4287; x_wconf 86' lang='lat' dir='ltr'>profecta</span> <span class='ocrx_word' id='word_1_294' title='bbox 2409 4200 2495 4264; x_wconf 86' lang='lat' dir='ltr'>sit</span> <span class='ocrx_word' id='word_1_295' title='bbox 2533 4221 2576 4266; x_wconf 85' lang='lat' dir='ltr'>a</span> <span class='ocrx_word' id='word_1_296' title='bbox 2609 4198 2802 4264; x_wconf 87' lang='lat' dir='ltr'>docto</span> <span class='ocrx_word' id='word_1_297' title='bbox 2838 4198 3071 4285; x_wconf 87' lang='lat' dir='ltr'>quoda</span> 
     </span>
    </p>
   </div>
   <div class='ocr_carea' id='block_1_5' title="bbox 674 4384 1102 4398">
    <p class='ocr_par' dir='ltr' id='par_1_8' title="bbox 674 4384 1102 4398">
     <span class='ocr_line' id='line_1_37' title="bbox 674 4384 1102 4398; baseline 0 1002"><span class='ocrx_word' id='word_1_298' title='bbox 674 4384 1102 4398; x_wconf 95' lang='lat' dir='ltr'> </span> 
     </span>
    </p>
   </div>
   <div class='ocr_carea' id='block_1_6' title="bbox 674 4495 3071 4642">
    <p class='ocr_par' dir='ltr' id='par_1_9' title="bbox 674 4495 3071 4642">
     <span class='ocr_line' id='line_1_38' title="bbox 675 4495 3071 4573; baseline 0.001 -21"><span class='ocrx_word' id='word_1_299' title='bbox 675 4506 931 4557; x_wconf 71' lang='lat' dir='ltr'>testatum,</span> <span class='ocrx_word' id='word_1_300' title='bbox 973 4496 1039 4552; x_wconf 78' lang='lat' dir='ltr'>de</span> <span class='ocrx_word' id='word_1_301' title='bbox 1073 4495 1252 4551; x_wconf 72' lang='lat' dir='ltr'>uerbis</span> <span class='ocrx_word' id='word_1_302' title='bbox 1285 4496 1555 4553; x_wconf 83' lang='lat' dir='ltr'>Romanae</span> <span class='ocrx_word' id='word_1_303' title='bbox 1587 4499 1871 4557; x_wconf 69' lang='lat' dir='ltr'>histor-iae.</span> <span class='ocrx_word' id='word_1_304' title='bbox 1914 4518 2049 4570; x_wconf 79' lang='lat' dir='ltr'>quas</span> <span class='ocrx_word' id='word_1_305' title='bbox 2084 4505 2268 4555; x_wconf 75' lang='lat' dir='ltr'>tamen</span> <span class='ocrx_word' id='word_1_306' title='bbox 2301 4504 2533 4570; x_wconf 74' lang='lat' dir='ltr'>ineptias</span> <span class='ocrx_word' id='word_1_307' title='bbox 2581 4504 2704 4569; x_wconf 79' lang='lat' dir='ltr'>ipse</span> <span class='ocrx_word' id='word_1_308' title='bbox 2740 4504 2975 4573; x_wconf 79' lang='lat' dir='ltr'>Pighius</span> <span class='ocrx_word' id='word_1_309' title='bbox 3013 4505 3071 4555; x_wconf 85' lang='lat' dir='ltr'>lu</span> 
     </span>
     <span class='ocr_line' id='line_1_39' title="bbox 674 4572 1393 4642; baseline -0.001 -19"><span class='ocrx_word' id='word_1_310' title='bbox 674 4586 781 4624; x_wconf 83' lang='lat' dir='ltr'>non</span> <span class='ocrx_word' id='word_1_311' title='bbox 817 4574 1012 4642; x_wconf 74' lang='lat' dir='ltr'>dignas</span> <span class='ocrx_word' id='word_1_312' title='bbox 1051 4572 1393 4624; x_wconf 77' lang='lat' dir='ltr'>existimauit.</span> 
     </span>
    </p>
   </div>
   <div class='ocr_carea' id='block_1_7' title="bbox 806 4640 2631 4716">
    <p class='ocr_par' dir='ltr' id='par_1_10' title="bbox 806 4640 2631 4716">
     <span class='ocr_line' id='line_1_40' title="bbox 806 4640 2631 4716; baseline 0 -19"><span class='ocrx_word' id='word_1_313' title='bbox 806 4640 2631 4716; x_wconf 60' lang='lat' dir='ltr'>¹)Inepitlumnadecimilibricaiititiprobiprav‘atioineipit.</span> 
     </span>
    </p>
   </div>
  </div>
 </body>
</html>
