3409 5400
214 370 279 437 360
678 361 738 429 Du
762 356 970 427 AMICITIA.

214 528 332 596 inclusi
355 524 486 612 capitali
509 522 769 589 adseruabantur
792 505 966 605 supplicio:
1020 515 1119 598 Quod
1149 537 1225 582 cum
1255 525 1365 581 uetere
1387 517 1438 580 in·

217 639 324 703 stituto
347 630 686 697 Lacedaemoniorum
709 637 869 706 nocturno
891 636 1037 712 tempore
1060 626 1192 710 passuri
1215 632 1337 697 essent,
1360 644 1440 687 con·

216 744 312 829 iuges
337 759 450 803 corum
473 735 619 801 inlustris
642 736 688 800 ibi
712 734 905 820 sanguinis,
934 731 1023 795 uelut
1044 730 1255 795 adlocuturae
1277 730 1439 815 perituros

174 833 181 842 ⁶
217 851 318 922 uicos,
341 849 501 929 inpetrato
527 866 547 906 a
570 841 759 905 custodibus
788 838 892 912 aditu,
921 858 1088 901 carcerem
1109 838 1326 910 meruerunt,
1349 856 1440 899 com·

218 963 407 1039 mutataque
431 960 522 1014 ueste
545 970 603 1034 per
632 946 875 1011 simulationem
903 943 1027 1008 doloris
1054 943 1173 1008 uelatis
1197 942 1357 1029 capitibus
1380 956 1467 1004 cose

220 1061 310 1125 abire
333 1080 455 1143 passae
479 1065 564 1121 sunt.
610 1052 681 1117 Hoc
702 1052 778 1115 loco
802 1049 881 1136 quid
903 1050 992 1115 aliud
1007 1050 1181 1115 adiecerim
1198 1070 1297 1135 quam
1320 1048 1441 1135 dignas

218 1168 324 1231 fuisse
348 1163 465 1251 quibus
490 1162 620 1247 Minyae
644 1154 826 1223 nuberent?
1075 1140 1084 1151 ¹

729 1456 941 1470 -—

689 1809 748 1873 DE
772 1806 981 1873 AMICITIA.

141 2007 215 2083 Vll,
316 2005 578 2091 Contemplemur
601 2026 686 2069 nunc
718 2006 880 2069 amicitiae
912 2002 1077 2069 nIncqum
1107 2013 1223 2087 potens
1252 2012 1284 2065 et
1310 2022 1448 2087 praeua-

222 2117 325 2181 lidum
349 2133 453 2199 neque
476 2111 549 2175 ulla'
566 2134 606 2177 ex
628 2122 719 2198 parte
744 2112 917 2197 sanguinis
941 2109 1066 2173 uiribus
1089 2110 1237 2181 inferius,
1262 2106 1327 2172 hoc
1350 2109 1486 2179 etiamen

226 2222 344 2287 certius
369 2230 400 2283 et
423 2218 631 2303 exploratiuS,
656 2218 743 2303 quod
765 2218 844 2281 illud
868 2214 1029 2281 nascendi
1051 2237 1142 2285 sors,
1164 2216 1331 2279 fortuitum
1354 2236 1449 2301 opus,

225 2328 290 2393 hoc
312 2328 409 2391 unius
435 2326 592 2410 cuiusque
624 2324 731 2389 solido
759 2323 880 2387 iudicio
909 2320 1066 2386 inchoata
1095 2320 1248 2386 uoluntas
1279 2319 1449 2387 contrahit.

225 2434 339 2522 Itaque
369 2414 506 2497 celerius
539 2432 608 2495 siue
639 2430 894 2517 reprehensione
923 2430 1142 2515 propiaquum
1169 2448 1322 2493 auersere
1351 2448 1451 2512 quam

229 2542 380 2613 amicum,
405 2539 482 2623 quia
498 2537 600 2601 altera
615 2537 786 2623 diremptio
803 2558 871 2600 nou
885 2538 997 2620 utique
1012 2534 1202 2620 iniquitatis,
1224 2534 1326 2597 altera
1341 2535 1451 2618 utique

227 2646 369 2712 lenitatis
394 2644 520 2709 crimini
543 2643 689 2710 subiecta
712 2654 771 2708 est.
819 2641 902 2705 Cum
926 2641 1012 2706 enim
1037 2640 1167 2706 deserta
1190 2641 1233 2704 sit
1254 2640 1363 2723 futura
1385 2638 1452 2703 uite
1462 2659 1490 2704 1⁵

234 2857 363 2922 [Quod]
383 2857 427 2918 qui
446 2853 474 2907 F.
492 2850 547 2924 113.
570 2857 689 2906 inlustris
713 2855 759 2920 ibi]
786 2857 960 2906 illustrissimi
978 2851 1043 2908 Dr.
1072 2856 1183 2906 illustris
1208 2852 1239 2906 F.
1256 2852 1269 2922 ΙΙ
1288 2855 1451 2920 aloquiturec

233 2927 448 2994 nuperrimos]
468 2929 609 2978 merituros
628 2941 676 2990 per
696 2925 724 2978 C.
739 2925 750 2994 ΙΙ
765 2923 790 2975 4.
810 2929 900 2976 auditu
920 2923 952 2976 E.
965 2923 1015 2993 ΙΙθ.
1035 2927 1125 2990 qirem]
1147 2941 1214 2990 quus
1234 2923 1324 2992 0111.
1346 2925 1453 2974 moenie

231 3014 275 3067 pr.
295 2999 326 3051 A.
346 2999 432 3048 menie
453 2995 481 3050 C.
506 2999 586 3048 minie
610 2993 709 3048 DEF.
732 2999 840 3064 mynioo
859 2994 888 3048 Γ.
904 2995 918 3062 ΙΙ
932 2999 1047 3049 nubetur
1065 2995 1096 3049 F.
1113 2994 1126 3063 ΙΙ
1143 2996 1169 3048 8.
1187 2993 1385 3062 inscribtionem
1402 3011 1452 3045 om.

233 3067 256 3121 A
276 3075 301 3120 ct
313 3083 359 3138 pr.
380 3066 408 3120 C.
427 3065 488 3119 odd.
508 3070 526 3120 I.
546 3069 575 3119 P.
594 3067 639 3116 Du
659 3068 812 3119 AMICITIA
832 3083 923 3133 mereo
940 3065 972 3119 Α.
998 3069 1039 3118 Dc
1058 3069 1162 3117 uinculo
1182 3068 1314 3116 amicItiae
1333 3079 1403 3116 corr.
1423 3065 1452 3118 C.

235 3143 268 3191 de
287 3141 403 3190 amicitie
421 3143 447 3188 et
466 3140 617 3189 sinceritate
635 3133 672 3188 D.
700 3141 740 3190 ilc
762 3140 895 3189 amicitiae
914 3140 1020 3188 uinculo
1040 3135 1117 3189 Torr.
1129 3133 1179 3202 1111.
1199 3139 1399 3201 Conplectemur
1417 3135 1453 3190 E.

195 3210 201 3222 ’
245 3209 258 3276 ΙΙ
273 3210 313 3263 10.
332 3226 381 3261 nec
399 3207 428 3260 F.
440 3207 453 3275 ΙΙ
468 3207 508 3260 11.
526 3211 596 3259 istud
610 3205 641 3260 Γ.
656 3206 668 3277 ll
686 3205 725 3262 12.
744 3211 870 3260 incohata
881 3207 917 3261 E.
935 3210 1059 3258 incoacta
1078 3206 1155 3262 Torr.
1169 3207 1181 3276 ΙΙ
1198 3204 1240 3259 13.
1259 3212 1380 3257 urrertere
1392 3204 1453 3259 ΑΓ.

235 3296 363 3332 accersere
382 3295 451 3334 corr.
470 3279 505 3332 E.
524 3281 583 3347 quis
602 3282 726 3330 deserere
744 3277 781 3332 D.
793 3278 807 3345 ΙΙ
820 3296 899 3346 quam
918 3279 1043 3344 amicum]
1066 3283 1208 3344 antequam
1227 3281 1340 3329 amicum
1358 3280 1454 3341 poterii

234 3349 295 3420 1111
309 3350 350 3403 ll.
370 3353 412 3418 qui
426 3365 472 3418 pr.
490 3347 520 3402 A.
533 3349 546 3417 ΙΙ
559 3351 696 3416 diremptio
716 3351 779 3417 noo]
803 3352 947 3402 directione
967 3347 1051 3403 CDF
1068 3354 1093 3400 et
1105 3364 1151 3416 pr.
1169 3347 1202 3402 A.
1226 3350 1367 3402 dilectione
1385 3361 1454 3399 corr.

232 3422 263 3475 A.
289 3423 420 3474 dilectioni
439 3419 470 3475 Γ.
496 3423 640 3486 dircpcioni
658 3419 691 3474 Ε.
717 3423 854 3487 diremptio
876 3419 952 3472 Torr.
972 3422 983 3484 ΙΙ
1003 3422 1092 3482 utique
1117 3430 1127 3479 (
1166 3418 1217 3472 're
1234 3419 1313 3486 ioco)l
1338 3420 1454 3482 utiquam

233 3509 310 3616 corr?
320 3492 351 3547 A.
369 3509 419 3544 om.
440 3489 517 3544 Torr.
528 3493 542 3562 ΙΙ
554 3494 642 3558 utique
661 3493 787 3560 lenitatis]
807 3509 861 3544 neu
879 3491 995 3544 leuitatIs
1013 3488 1051 3543 D.
1066 3489 1080 3557 ΙΙ
1100 3435 1261 3545 lgrdorimen
1278 3489 1315 3542 D.
1333 3488 1347 3560 li
1367 3493 1457 3542 tutore

233 3567 267 3616 sit
310 3603 316 3616 .

739 3654 952 3665 --..-

305 3723 362 3774 vu.
380 3722 464 3774 adera
477 3720 616 3789 diremptio
628 3737 680 3774 nee
692 3723 781 3790 ntique
797 3721 955 3789 iniquitatis)
972 3723 1083 3772 Constat
1101 3722 1242 3785 archetypi
1260 3722 1359 3771 codicis
1374 3722 1457 3783 scrip·

233 3798 321 3844 turam
340 3794 411 3842 Irene
430 3795 530 3850 titisse,
555 3791 639 3844 altera
663 3790 808 3844 directione
830 3791 920 3859 utique
937 3790 1099 3857 iniquitatis.
1125 3789 1210 3842 attero
1232 3791 1320 3858 etiem
1343 3789 1459 3842 leuitatis

234 3866 285 3914 etc.
322 3867 396 3921 Quem
415 3866 500 3913 uerba
519 3866 584 3914 mire
602 3865 737 3914 torserunt
756 3879 814 3912 cum
835 3865 959 3912 librarios
971 3866 1025 3911 tum
1039 3865 1218 3921 enarratores,
1237 3865 1374 3924 quirinum
1392 3863 1458 3912 illud

234 3933 307 3984 recte
326 3933 512 3982 intellexerunt
530 3935 557 3982 in
576 3930 720 3983 directione
738 3936 822 3983 latere
841 3933 1024 3995 diremptionis
1043 3934 1217 3988 caccabulum,
1237 3935 1266 3983 in
1285 3935 1381 3984 ceteris
1399 3935 1458 3983 lral·

235 4003 392 4054 lucinentur.
429 4002 485 4050 lam
505 4017 568 4053 noro
588 4006 701 4067 apparet
720 4005 874 4054 necessario
893 4005 963 4052 hanc
982 4005 1142 4053 sententiam
1155 4005 1280 4072 flagitari,
1298 4019 1352 4054 noe
1371 4004 1459 4069 ulique

235 4087 299 4126 csse
317 4072 435 4132 iniquum
453 4073 498 4133 qui
516 4076 694 4136 propinquum
712 4075 869 4131 descrnorIt,
888 4089 975 4138 neque
994 4075 1121 4131 enimet
1139 4077 1262 4140 exemplo
1281 4077 1353 4132 riter,
1376 4075 1459 4124 incre·

235 4146 352 4211 pandum
375 4155 439 4192 csse
463 4144 507 4206 qui
531 4145 705 4208 propinquum
730 4145 871 4194 inhonesto
895 4145 968 4193 uitae
991 4159 1091 4211 genere
1120 4161 1200 4196 nsum
1224 4147 1369 4209 respuerit,
1399 4162 1459 4196 cum

236 4219 333 4268 artiore
352 4215 457 4266 uinculo
471 4217 607 4264 teneamur
620 4215 692 4264 nulle
705 4231 784 4276 qrram
798 4215 905 4265 fortuitu
917 4217 1045 4265 nascendi
1057 4219 1140 4268 sorte.
1176 4220 1274 4270 Contra
1287 4219 1330 4280 qui
1342 4218 1460 4266 amicum

236 4287 407 4352 deprecetur,
430 4287 509 4336 ctiam
526 4285 552 4337 el
570 4286 643 4334 recte
670 4287 696 4334 id
718 4287 821 4343 lecerit,
844 4287 933 4351 utique
956 4288 1073 4336 IenItatIs
1098 4289 1198 4338 crimini
1220 4290 1375 4345 inhaerere,
1401 4304 1461 4337 com

235 4362 298 4423 ipsa
322 4359 369 4408 illa
395 4357 566 4420 diremptione
589 4357 708 4406 declaret
737 4372 768 4406 ee
792 4360 937 4419 antequam
966 4359 1079 4408 amicum
1103 4359 1154 4410 eibi
1178 4359 1293 4428 elegerit
1310 4359 1405 4408 leuiter
1428 4374 1461 4408 ec

236 4431 337 4482 temere
356 4432 389 4478 do
408 4430 492 4492 pretio
511 4428 625 4478 bominis
645 4429 787 4479 iudicasse.
832 4429 935 4478 Etenim
960 4445 1019 4479 cum
1043 4431 1177 4480 amicitiae
1196 4431 1304 4494 proprie
1324 4446 1358 4479 ee
1376 4431 1462 4480 libera

236 4501 315 4550 utrius
339 4502 468 4562 cuiusque
491 4500 681 4550 contrahantur
707 4500 856 4558 uoluntate,
885 4502 991 4550 omuino
1015 4517 1068 4551 non
1091 4503 1243 4568 eligendum
1273 4502 1358 4550 tuisse
1381 4515 1462 4562 quem

213 4617 216 4623 .
238 4573 335 4636 postea
352 4573 463 4636 propter
481 4585 570 4622 mores
590 4585 718 4636 spernere
743 4572 895 4637 oportuerit
942 4577 1028 4633 Quam
1052 4574 1212 4624 sententiam
1236 4573 1358 4638 equidem
1382 4573 1461 4622 lenis·
