3409 5400
317 476 383 545 386
561 472 621 542 Da
644 465 937 541 HVMANITATE
959 471 1017 540 ΕΤ
1039 468 1302 540 mertanne.

318 646 532 727 sequerentur
555 620 729 724 equitibus,
754 634 797 701 ad
813 634 1029 719 Masinissam
1052 635 1156 710 misit,
1180 656 1240 699 eos
1261 633 1420 697 uictoriae
1440 631 1544 695 maxi·

274 750 280 764 '
316 768 389 813 mos
412 745 536 810 fructus
559 753 662 818 ratus,
687 742 749 807 diis
775 752 969 807 ornamenta
991 740 1196 829 templorum,
1225 739 1414 806 hominibus
1437 738 1543 824 [mgi-

314 852 396 932 bus]
420 852 618 939 sanguinem
642 870 738 915 suum
761 851 943 915 restituere.

273 954 304 1023 8.
404 956 499 1024 Lucii
522 959 619 1022 etiam
643 954 739 1022 Pauli
753 957 796 1021 ,in
820 955 877 1021 tali
900 978 1022 1045 genere
1045 956 1153 1022 laudis
1177 956 1337 1020 memoria
1359 948 1542 1041 adprehen-

316 1064 426 1131 denda
450 1074 508 1131 est.
549 1063 616 1146 Qui
639 1086 715 1129 cum
737 1061 864 1128 Persen
887 1065 984 1148 parui
1007 1063 1163 1149 temporis
1188 1072 1354 1126 momento
1378 1061 1560 1145 captiuums

316 1194 356 1239 ex
378 1193 458 1260 rege
483 1170 526 1236 ad
549 1194 586 1236 se
611 1170 732 1237 adduci
756 1170 914 1245 audisset,
938 1170 1081 1234 occurrit
1103 1170 1135 1232 ei
1156 1169 1302 1234 Romani
1327 1166 1457 1254 imperii
1478 1164 1540 1228 de·

317 1288 449 1344 coratus
474 1280 685 1353 ornamentis,
710 1286 929 1363 conatumque
953 1275 996 1340 ad
1026 1295 1136 1362 genua
1165 1274 1380 1361 procumbere
1409 1272 1542 1338 dextera

317 1406 420 1450 manu
454 1384 619 1449 adleuauit
654 1394 684 1447 et
719 1382 847 1447 Graeco
882 1402 1034 1447 sermone
1070 1381 1114 1446 ad
1149 1402 1242 1468 spem
1267 1379 1458 1446 exhortatus
1482 1392 1541 1444 est.

316 1490 539 1557 Introductum
563 1492 662 1555 etiam
683 1490 716 1553 in
741 1488 988 1554 tabernaculum
1010 1487 1103 1552 lateri
1127 1508 1188 1552 suo
1208 1490 1393 1574 proximum
1406 1490 1441 1552 in
1465 1507 1542 1551 con·

319 1598 391 1663 silio
416 1598 533 1663 sedere
544 1599 652 1673 iussit,
677 1616 737 1660 nec
760 1592 887 1661 honore
910 1614 1046 1659 mensae
1069 1594 1241 1682 indignum
1257 1592 1423 1658 iudicauit.
1461 1592 1576 1656 Pro-to

317 1715 458 1791 ponatur
480 1705 515 1769 in
528 1704 706 1790 conspicuo
732 1704 840 1777 acies‚·
857 1722 922 1788 qua
944 1711 1127 1787 prostratus
1152 1712 1203 1765 est
1217 1700 1349 1776 Perses,
1373 1710 1405 1763 et
1425 1697 1542 1762 harum

317 1832 438 1886 rerum,
462 1833 545 1897 quas
568 1810 674 1884 retuli,
699 1820 885 1884 contextus,
908 1819 981 1872 utro
1004 1808 1115 1894 magis
1139 1807 1326 1895 spectaculo
1347 1805 1544 1871 delectentur

316 1915 470 1982 homines
495 1916 695 1983 dubitabunt.
731 1914 817 1980 Nam
839 1916 870 1979 si
893 1915 1064 2002 egregium
1088 1925 1139 1979 est
1159 1912 1289 1980 hostem
1312 1913 1453 1989 abicere,
1476 1932 1544 1977 nou

318 2024 427 2091 minus
451 2036 562 2089 tamen
583 2021 749 2088 laudabile
772 2020 912 2086 infelicis
935 2025 1022 2087 scire
1044 2022 1204 2088 misereri.

823 2154 1038 2170 ψ

321 2267 346 2327 i.
364 2275 466 2326 remisit
477 2270 586 2328 Elhrr.
599 2270 613 2342 ΙΙ
625 2273 684 2341 eos]
699 2268 761 2323 add.
780 2272 861 2339 igitur
871 2239 953 2323 loir.
970 2270 985 2340 ΙΙ
1001 2266 1028 2322 2.
1041 2225 1116 2322 ratde
1131 2296 1143 2323 ι
1158 2296 1171 2323 a
1190 2222 1282 2321 stirme
1297 2297 1309 2324 .
1322 2270 1380 2321 turn
1392 2297 1405 2324 s
1419 2270 1543 2321 omnibus

318 2346 378 2413 regi
394 2372 407 2399 a
421 2346 580 2415 sanguinem
600 2342 621 2396 A
644 2340 703 2404 (sed
700 2342 768 2465 ΓΜ.
787 2344 796 2392 i
815 2341 843 2392 s'n
858 2358 887 2394 er.
906 2344 946 2392 sle
963 2346 991 2393 et
1005 2344 1061 2463 ipen
1078 2340 1109 2392 s's
1124 2346 1243 2402 rasura)
1260 2339 1273 2408 ΙΙ
1292 2343 1342 2392 rati
1361 2342 1473 2393 Romani
1490 2342 1543 2463 ³3⁸⁸

321 2413 681 2559 titisittttttttt
691 2482 703 2553 p
718 2416 1011 2553 agitastis.
1031 2409 1384 2607 iiai'piiffli‘liii
1400 2428 1542 2549 :tta

318 2560 337 2612 l.
356 2558 436 2609 etiarn
454 2559 552 2621 paulus
570 2553 633 2677 iij}
651 2557 732 2606 attam
750 2568 800 2605 om.
818 2551 849 2606 F.
860 2552 912 2677 ph.
923 2569 1040 2640 'perseam
1056 2552 1080 2605 A
1089 2552 1113 2608 0
1150 2551 1263 2607 Etis.
1279 2550 1361 2619 persei
1377 2551 1410 2607 Γ.
1431 2566 1542 2639 persam

318 2626 349 2680 F.
372 2624 407 2678 Vt
422 2642 470 2678 aas
488 2628 550 2679 Par.
575 2623 607 2679 Vs
626 2666 633 2680 .
653 2623 689 2677 ad
705 2623 730 2681 Ι.
750 2623 778 2680 5.
798 2622 848 2691 hii
879 2664 886 2679 .
905 2625 942 2693 er]
962 2641 1032 2678 emm
1049 2623 1082 2679 F.
1094 2627 1108 2695 Η
1125 2625 1149 2679 i.
1168 2625 1353 2692 procumbere]
1372 2626 1495 2692 prouolue
1510 2622 1543 2676 1³.

318 2699 493 2822 gdexterarn
507 2713 553 2766 pr.
571 2694 716 2784 Ahdextra
737 2694 814 2748 rore.
828 2694 840 2766 11
855 2693 880 2749 8.
893 2713 1006 2782 ¹manum
1024 2711 1069 2764 pr.
1089 2694 1120 2750 A.
1132 2695 1145 2765 ΙΙ
1158 2699 1285 2749 alienauit
1301 2692 1359 2765 Fati
1375 2693 1401 2751 9.
1419 2697 1542 2749 conuiuio

349 2767 384 2837 .11
402 2765 441 2820 10.
459 2769 581 2834 mensae]
601 2785 627 2820 ru
645 2783 676 2820 so
696 2767 724 2821 C.
736 2767 750 2836 11
763 2765 804 2820 12.
823 2769 900 2818 retuli
918 2783 967 2819 om.
986 2765 1014 2821 F.
1029 2765 1042 2841 ii
1058 2762 1098 2822 13.
1118 2770 1242 2821 abiecere
1260 2782 1304 2836 pr.
1319 2765 1351 2822 A.
1363 2767 1378 2838 ΙΙ
1392 2764 1432 2822 ii.
1450 2771 1541 2819 tamen

320 2857 369 2894 om.
387 2839 417 2895 F.
431 2838 569 2910 ”infelicis
588 2841 641 2890 cire
656 2853 701 2907 pr.
719 2836 751 2892 A.
769 2839 868 2890 infelici
886 2842 956 2891 seire
976 2838 1030 2892 OD
1037 2837 1098 2893 FP.

320 3015 389 3052 auus
412 3001 532 3050 eiusdem
555 3000 669 3051 hominis
694 2999 844 3064 praestitit?
872 2999 956 3051 Miror
980 3016 1040 3051 cum
1062 3000 1179 3051 manime
1203 2999 1382 3060 Perizonium,
1410 3013 1489 3062 quem
1513 3001 1542 3049 ut

319 3067 415 3140 Pighio
431 3071 608 3122 assentiretur
626 3071 768 3122 commouit
786 3071 888 3120 initium
905 3072 984 3120 huius
1003 3071 1127 3136 exempli,
1146 3087 1206 3121 eum
1219 3072 1363 3129 Valerium,
1382 3071 1406 3121 si
1424 3072 1459 3120 ad
1478 3086 1542 3121 eun·

320 3144 381 3194 dem
394 3141 553 3206 Scipionem,
567 3143 600 3192 de
613 3158 664 3207 quo
678 3157 760 3205 supra
773 3142 884 3201 dixerat,
897 3142 967 3191 hanc
977 3157 1082 3208 quoquo
1091 3143 1283 3193 humanitatem
1292 3143 1392 3193 referre
1401 3142 1541 3199 uoluisset.

319 3215 409 3278 potius
419 3215 578 3277 scripturum
588 3213 673 3263 tuisse
683 3215 804 3263 crederet
811 3226 865 3279 par
876 3207 991 3263 eiusdem
1002 3211 1058 3263 ae'rs'
1065 3210 1121 3265 atis
1135 3215 1177 3264 uel
1191 3208 1238 3263 itta
1249 3210 1403 3264 mamitus.
1430 3211 1542 3262 Tradita

319 3287 413 3342 uerba,
428 3285 452 3334 si
464 3299 518 3335 non
529 3284 716 3347 pulcherrima,
735 3285 895 3348 pracsertim
908 3288 971 3347 post
978 3285 1079 3334 initium
1093 3285 1279 3348 praecedentis
1291 3284 1415 3348 exempli,
1425 3285 1454 3333 at
1468 3285 1541 3333 certe

319 3371 373 3407 nou
397 3358 454 3405 tarn
471 3368 603 3419 peruersa
621 3357 694 3413 sunt,
721 3355 783 3420 quin
806 3356 925 3423 genuina
947 3355 1035 3419 putari
1057 3355 1171 3420 possint
1215 3355 1379 3423 intellegitur
1401 3355 1471 3404 enim
1491 3369 1543 3418 per

319 3439 351 3476 aa
370 3427 490 3476 denotari
508 3427 586 3482 hanc,
606 3440 675 3490 quae
694 3427 829 3491 sequatur,
848 3427 1051 3477 humanitatem.
1088 3425 1234 3476 Praeterea
1242 3427 1378 3476 auctorem
1389 3425 1417 3474 in
1429 3429 1542 3490 utroque

320 3498 443 3560 exemplo
463 3497 496 3546 de
515 3497 609 3546 eodem
629 3495 766 3563 cogitasse
784 3497 841 3546 uiro
860 3497 920 3546 luce
933 3497 1031 3547 clarius
1050 3497 1215 3547 demonstrat
1227 3498 1367 3559 sententia,
1387 3511 1440 3562 qua
1457 3496 1542 3545 tiniuit

318 3569 390 3618 hane
398 3567 548 3625 historiam,
567 3579 611 3617 eos
627 3563 757 3617 uictoriae
774 3565 1013 3632 masimossraetae
1027 3571 1112 3628 rotas,
1131 3563 1185 3617 aa
1196 3592 1232 3604 -
1245 3565 1390 3619 restituere.
1426 3567 1542 3634 Pighius

320 3639 441 3688 nimirum
459 3638 495 3687 ibi
520 3652 554 3689 ex
579 3639 673 3688 eadem
696 3638 764 3687 libro
788 3639 870 3688 edidit
886 3635 944 3688 Eos
966 3636 1049 3704 ipilsr
1071 3637 1200 3689 uictoriae
1221 3637 1349 3689 masinae
1358 3635 1471 3703 fructas
1486 3635 1543 3688 rati

320 3705 441 3762 Βοηιαπί.
468 3704 522 3758 diis
545 3705 696 3776 templorum
719 3712 871 3758 omameato
893 3705 999 3774 νεφῶν
1020 3707 1171 3774 saepsissent
1192 3722 1267 3760 mam
1289 3707 1441 3768 restituere,
1471 3723 1543 3774 qnae

320 3779 422 3828 affatim
434 3779 504 3828 itlius
517 3779 577 3828 libri
588 3781 701 3842 pretium
714 3779 884 3831 denotabunt.
921 3779 1076 3847 Agnoucrat
1088 3795 1148 3830 curn
1160 3780 1296 3830 Glareano
1308 3780 1407 3839 Valerii
1421 3793 1541 3830 errorem

319 3847 473 3906 'l'orrenius,
490 3853 643 3900 remunerat
654 3849 800 3917 Pighianas
812 3851 1030 3914 interpolationes
1041 3852 1173 3915 iiapplus,
1191 3853 1323 3916 probante
1332 3851 1431 3909 Hester
1448 3851 1542 3900 umen

319 3920 469 3983 nuperrima
487 3931 537 3969 eas
554 3921 690 3970 reuocauit
707 3921 885 3972 ilelirectrtus.

389 3986 535 4040 luminibus
557 3988 682 4056 [repedas]
695 3990 855 4057 ⁴arrerpas'nera
877 4005 951 4042 mess
971 3990 1129 4050 restttsere.)
1154 3993 1177 4042 t}
1202 3994 1281 4043 litura
1303 3993 1362 4044 iibri
1384 3993 1541 4050 tiernensis,

319 4075 399 4122 quam
419 4073 501 4123 supra
519 4063 634 4121 enotaul,
653 4063 807 4112 necessario
827 4062 961 4130 colligitur
979 4063 1074 4113 eadem
1093 4064 1120 4113 tr.
1138 4065 1157 4116 l.
1179 4063 1242 4114 olim
1258 4064 1286 4114 iu
1305 4065 1542 4128 praestantissimo

317 4130 364 4182 llio
383 4132 473 4181 codice
492 4133 571 4198 atque
589 4133 616 4182 tn
634 4133 742 4195 reliquis
760 4135 884 4184 omnihus
910 4134 1008 4193 tuisse,
1032 4131 1179 4186 homimines
1202 4131 1308 4200 νεφῶν
1323 4133 1490 4201 sapuisses.
1514 4137 1541 4183 si

318 4203 457 4266 exceperis
475 4202 563 4254 leuem
581 4205 767 4267 corruptelam,
786 4201 905 4256 mattas
920 4221 970 4269 pro
988 4202 1146 4263 maida,
1172 4206 1303 4260 Dauieiini
1322 4205 1395 4266 libri,
1419 4208 1449 4256 ut
1465 4206 1541 4256 uide·

317 4275 374 4332 tur,
409 4275 552 4338 propriam.
600 4275 657 4324 iam
686 4290 750 4326 uero
780 4277 896 4326 editores
920 4276 1009 4327 deleta
1030 4291 1098 4326 uoce
1125 4273 1272 4329 minibus
1304 4277 1424 4341 ineptam
1457 4278 1542 4342 plano

318 4347 464 4396 effecerunt
481 4345 674 4410 oppositionem
692 4345 760 4397 inter
778 4347 844 4397 ‹ieos
863 4350 891 4398 et
908 4361 998 4415 reges,
1016 4363 1087 4414 quae
1104 4349 1248 4400 manifesto
1267 4361 1331 4399 esse
1343 4349 1460 4399 debebat
1470 4347 1543 4398 inter

318 4417 384 4467 deos
404 4419 431 4467 et
448 4418 578 4466 homines.
621 4415 714 4477 ltaque
732 4419 838 4468 omnino
857 4416 964 4484 sepibus
980 4418 1128 4470 eiciendum
1146 4423 1217 4480 erat,
1236 4419 1308 4481 quod
1325 4420 1384 4470 sine
1402 4419 1482 4469 dublo
1500 4420 1542 4469 ln·

316 4489 421 4551 terpres
441 4489 547 4552 quidam
565 4487 730 4550 ascripserat
748 4491 782 4540 ad
800 4487 954 4548 lamisione,
972 4491 1002 4540 nt
1017 4491 1148 4542 indicaret
1164 4491 1375 4560 intellegendam
1394 4503 1458 4542 esse
1477 4491 1542 4542 esne

316 4559 517 4616 humanitatem,
536 4573 617 4620 quam
634 4559 799 4610 Masinissae
816 4562 892 4628 regi
909 4561 1092 4625 praestitisset
1109 4561 1207 4626 Scipio.

387 4627 413 4680 8.
432 4629 472 4680 Gt.
486 4629 545 4677 ltu.
556 4629 639 4686 XLV,
658 4625 682 4682 7.
700 4626 996 4684 stacionensis.
1016 4633 1092 4685 Diod.
1107 4632 1160 4686 Sic.
1175 4649 1233 4687 exe.
1252 4633 1313 4687 vat.
1331 4631 1542 4686 xxvi-xxx

316 4710 344 4744 n.
361 4693 397 4747 26
415 4711 460 4760 ap.
477 4698 541 4749 Mat
554 4699 658 4761 roilli,
677 4715 704 4764 p.
724 4697 767 4755 78.
790 4701 862 4752 ntor.
873 4700 907 4763 11,
928 4697 969 4756 12.
992 4701 1215 4768 accopulat.
1237 4703 1314 4758 Auct-
1330 4705 1365 4757 de
1381 4698 1540 4760 natata
