3409 5400
254 556 322 627 290
676 528 736 597 mr
758 518 941 593 FIDVCIA
963 514 1048 584 SVI.

256 724 419 792 frumento
443 699 582 775 emendo
607 694 715 781 adque
743 688 778 753 id
801 684 969 773 negotium
998 668 1227 763 explicandum
1249 659 1413 730 mittendis
1434 655 1484 721 le-

258 830 347 921 gatis
370 824 405 887 in
427 814 551 883 curiam
574 804 743 871 referrent.
783 792 884 858 (iuius
907 784 1043 853 instituti
1065 779 1198 845 minime
1221 771 1309 838 utilis
1331 762 1485 851 interpel-

257 933 349 1003 landi
364 916 609 1021 gratiaNasica
621 904 818 975 contrariam
831 899 993 963 actionem
1009 888 1109 954 ordiri
1119 885 1236 970 coepit.
1269 878 1486 959 Obstrepente

260 1040 378 1128 deinde
401 1032 511 1123 plebe,
534 1024 680 1093 ‘Tacete,
706 1030 847 1100 quaeso,
872 997 1037 1084 Quirites',
1060 994 1179 1079 inquit3
1202 989 1286 1075 ‘plus
1310 1004 1373 1071 ego
1398 980 1486 1043 enim

260 1172 362 1243 quam
382 1166 444 1209 uos
470 1134 549 1226 quid
570 1122 782 1213 reipublicae
806 1109 957 1199 expediat
970 1098 1145 1187 intellego'.
1184 1096 1260 1177 Qua
1275 1112 1358 1156 uoce
1375 1086 1509 1153 audias

261 1276 378 1326 omnes
400 1250 497 1337 pleno
513 1230 733 1306 uenerationis
751 1221 878 1291 silentio
902 1214 1062 1280 maiorem
1077 1204 1277 1273 auctoritatis
1293 1199 1364 1263 eius
1388 1213 1488 1281 quam

264 1382 399 1435 suorum
423 1354 648 1421 alimentorum
671 1342 857 1419 respectum
879 1331 1027 1411 egerunt.

221 1474 254 1543 4.
352 1465 426 1533 Liui
441 1474 570 1546 quoque
583 1440 778 1515 Salinatoris
794 1446 948 1501 aeternae
963 1422 1142 1491 memoriae
1155 1413 1333 1484 tradendus
1349 1409 1489 1475 animus.

266 1579 331 1663 Qui
361 1592 436 1639 cum
457 1552 698 1633 Hasdrubalem
727 1543 967 1625 exercitumque
994 1532 1180 1597 Poenorum
1208 1526 1243 1589 in
1265 1518 1406 1586 Vmbria
1434 1513 1490 1577 de·

264 1688 368 1781 lesset
390 1688 420 1743 et
446 1674 477 1738 ei
499 1670 659 1733 diceretur
684 1652 796 1720 Gallos
822 1670 861 1713 ao
882 1644 1023 1730 Ligures
1047 1660 1088 1702 ex
1110 1636 1181 1701 acie
1204 1633 1276 1697 sine
1299 1624 1437 1691 ducibus
1460 1628 1531 1681 etto

268 1792 374 1881 siguis
398 1776 536 1870 sparsos
560 1792 598 1835 ac
621 1762 770 1851 palantes
788 1774 892 1843 parua
906 1769 1008 1815 mauu
1025 1744 1165 1829 opprimi
1188 1756 1300 1827 posse,
1322 1725 1493 1816 respondit

267 1904 304 1967 in
323 1896 388 1961 hoc
411 1890 460 1955 eis
483 1888 632 1969 oportere
660 1866 767 1956 parci,
797 1883 839 1927 ne
869 1853 1020 1921 hostibus
1051 1862 1158 1916 tantae
1188 1844 1291 1910 cladis
1320 1833 1494 1905 domestici

268 2002 372 2072 nuntii
395 1996 558 2062 deessent.

228 2110 259 2179 5.
359 2102 484 2173 Bellica
510 2093 593 2157 haec
623 2077 811 2173 praesentia
834 2072 950 2147 animia
980 2077 1093 2154 togata
1114 2060 1185 2134 illa,
1213 2056 1362 2124 sednon
1383 2050 1494 2115 minus

269 2210 463 2286 laudabilia,
498 2218 598 2288 quam
625 2190 664 2255 Ρ.
692 2184 810 2251 Furius
839 2177 954 2244 Philus
990 2169 1107 2239 consul
1132 2168 1167 2231 in
1197 2174 1314 2231 senatu
1342 2156 1496 2222 exhibuit.
1504 2168 1534 2213 ts

243 2378 245 2383 .
272 2322 429 2407 Quintum
442 2311 529 2375 enim
543 2297 709 2369 Metellum
725 2291 946 2373 Quintumque
962 2277 1165 2365 Pompeium,
1188 2267 1380 2336 consulares
1395 2264 1497 2335 uiros,

272 2426 485 2497 uehementes
509 2410 660 2478 inimicos
685 2420 776 2471 suos,
800 2389 955 2478 cupidam
971 2385 1034 2451 sibi
1050 2379 1285 2469 profectionem
1307 2375 1342 2439 in
1364 2368 1499 2456 prouin-

275 2539 359 2603 ciam
367 2522 571 2613 Hispaniam,
585 2532 683 2601 quarn
696 2505 828 2571 sortitus
841 2506 921 2569 erat,
932 2488 1110 2557 identidem
1122 2480 1358 2571 exprobrantis,
1369 2478 1499 2563 legatos

276 2661 390 2710 seeum
412 2634 487 2701 illue
510 2628 557 2691 ire
582 2618 700 2705 coegit.
745 2606 914 2673 Fiduciam
939 2620 1005 2663 non
1029 2593 1137 2660 solum
1159 2592 1287 2662 fortem,
1312 2583 1371 2650 sed
1393 2599 1500 2666 paens

277 2750 376 2812 etiarn
398 2733 614 2804 temerariam,
638 2740 722 2810 quae
738 2713 865 2781 duobus
882 2704 1052 2774 acerrimis
1068 2700 1152 2766 odiis
1171 2696 1276 2762 latera
1290 2714 1352 2758 sua
1366 2688 1540 2774 cingerent

278 2873 364 2920 ausa
385 2855 445 2920 est,
469 2853 628 2920 usumque
651 2820 832 2894 ministerii,
855 2817 912 2879 u‘n
934 2823 1036 2877 tutum
1051 2810 1086 2874 in
1107 2805 1233 2880 amieis,
1257 2823 1275 2866 e
1299 2800 1373 2865 sinu
1393 2793 1503 2859 inimi·

279 2977 393 3026 corum
416 2959 525 3038 petere
549 2929 714 3006 sustinuit!

238 3067 270 3134 6.
370 3059 470 3126 Cuius
492 3052 616 3118 factum
639 3042 668 3106 si
691 3036 742 3102 cui
764 3033 880 3120 placet,
906 3043 1045 3091 necesse
1069 3030 1120 3088 est
1140 3017 1236 3083 Lucii
1258 3015 1356 3080 etiam
1379 3005 1503 3081 Crassi,

789 3133 1001 3152 Μ

283 3205 307 3263 l.
327 3207 407 3268 atquo
425 3191 513 3251 BCD
533 3193 557 3242 et
570 3199 615 3256 pr.
635 3179 666 3235 Α.
685 3183 765 3241 atque
784 3177 819 3225 ad
837 3168 978 3226 EFTorr.
990 3167 1004 3234 ΙΙ
1016 3165 1177 3230 explendum
1195 3155 1250 3227 Eli
1261 3155 1287 3210 2.
1305 3157 1332 3206 iu
1347 3153 1421 3204 curia
1433 3163 1504 3201 corr.

283 3277 311 3333 C.
328 3279 356 3330 in
375 3273 480 3324 Surium
499 3255 610 3315 coneric
627 3248 788 3307 Perizonius.
808 3248 820 3313 u
840 3240 866 3294 4.
890 3242 971 3291 tacite
996 3252 1039 3306 pr.
1063 3234 1095 3286 A.
1112 3233 1125 3301 ΙΙ
1143 3233 1213 3283 enim
1238 3244 1290 3297 ego
1314 3223 1367 3278 Fr
1387 3228 1412 3274 et
1434 3234 1505 3272 corr.

286 3347 319 3410 Α,
340 3345 417 3398 Torr.
445 3333 507 3390 Viri.
525 3328 562 3383 ad
580 3324 636 3381 111.
655 3321 687 3378 2.
700 3315 744 3372 23.
760 3317 773 3385 ll
790 3313 816 3369 5.
836 3314 943 3378 expedit
961 3308 993 3363 F.
1011 3301 1067 3374 116.
1085 3308 1165 3370 plene
1184 3301 1219 3354 Β.
1236 3300 1250 3369 11
1261 3301 1320 3350 eius
1339 3293 1506 3346 auctoritatis

285 3419 362 3474 Torr.
373 3415 387 3486 ΙΙ
404 3409 430 3464 8.
449 3407 510 3459 Liui
528 3429 563 3442 -
581 3395 630 3463 (il.)
654 3393 715 3460 Qui]
736 3390 827 3440 Liuius
847 3398 952 3448 quoquo
971 3380 1101 3430 salinator
1118 3373 1150 3427 Γ.
1166 3373 1181 3441 ΙΙ
1195 3369 1222 3422 9.
1239 3374 1266 3421 iu
1284 3367 1417 3419 manibrio
1433 3362 1469 3415 D.
1481 3361 1496 3429 ΙΙ

286 3489 328 3546 19.
348 3487 391 3554 ao]
412 3485 439 3535 et
456 3478 487 3533 F.
500 3477 513 3547 ΙΙ
526 3471 568 3526 12.
587 3469 623 3535 iu]
644 3481 694 3517 om.
713 3459 745 3514 A.
764 3461 850 3510 eciam
868 3453 903 3506 Ε.
915 3452 929 3519 ΙΙ
940 3454 973 3501 iis
994 3447 1071 3500 Torr.
1088 3446 1103 3515 ΙΙ
1119 3446 1192 3511 parci
1215 3444 1338 3507 oportere
1364 3433 1507 3489 Dl'Torr.

294 3555 484 3632 1111119111οα
495 3575 529 3587 -
543 3538 610 3610 (16.)
629 3531 777 3598 Metellum]
798 3531 827 3578 P.
845 3526 930 3575 furius
948 3523 1038 3587 pbiius
1057 3518 1151 3568 consul
1169 3532 1195 3578 q.
1207 3512 1344 3563 metellum
1362 3506 1394 3560 Γ.
1406 3505 1419 3575 ΙΙ
1431 3519 1508 3570 prae·

286 3631 387 3686 stantia
405 3625 441 3679 E.
457 3621 471 3691 ΙΙ
491 3614 533 3670 lb.
555 3613 673 3680 philipus
696 3603 731 3656 Ε.
754 3598 933 3665 philosophus
955 3590 987 3644 F.
1008 3587 1020 3657 ll
1040 3584 1080 3640 16.
1107 3592 1164 3649 Qus
1182 3586 1253 3636 euim
1270 3580 1304 3634 B.
1321 3580 1335 3648 Η
1354 3574 1395 3631 18.
1414 3589 1509 3640 expro-

284 3705 396 3756 brantes
420 3687 593 3746 narrare.
617 3677 795 3744 exprobantes
820 3667 852 3722 F.
869 3666 883 3734 ΙΙ
903 3662 943 3718 19.
960 3666 1022 3714 iilos
1041 3658 1073 3712 Γ.
1092 3660 1153 3708 iilos
1171 3658 1233 3708 illuc
1250 3652 1288 3705 D.
1306 3652 1320 3719 ΙΙ
1333 3647 1379 3702 20.
1397 3651 1510 3699 temera·

286 3772 365 3836 riam]
387 3763 448 3818 add.
468 3761 599 3813 exhibens
617 3750 654 3804 D.
671 3747 682 3820 ll
698 3762 750 3812 qua
767 3740 800 3795 F.
811 3739 825 3807 ΙΙ
837 3741 946 3806 cingere
967 3737 1053 3785 latera
1077 3745 1129 3779 sua
1147 3741 1231 3778 arrsus
1249 3722 1280 3776 F.
1292 3721 1306 3790 ΙΙ
1317 3717 1361 3774 23.
1380 3722 1461 3770 Cuius
1475 3745 1511 3756 —

322 3836 400 3896 .291,
416 3833 455 3898 2.)
468 3827 616 3895 displiceat.
647 3817 727 3884 Natu]
747 3817 779 3866 L.
793 3813 905 3863 Cassius
919 3805 950 3861 Γ.
965 3804 977 3872 ΙΙ
992 3801 1095 3869 crassi]
1120 3797 1169 3850 litt.
1180 3814 1201 3868 'r
1216 3795 1246 3846 io
1262 3806 1360 3846 rasura
1379 3789 1409 3843 0.
1428 3789 1513 3839 classi

316 3908 382 3963 BE.
400 3903 493 3956 classii
510 3897 547 3951 D.
797 3904 1010 3923 ----

360 3992 444 4062 adque
461 3987 492 4041 id
508 3981 648 4052 tapetium>
671 3975 739 4028 Eoui
762 3975 869 4022 codices
895 3972 971 4034 utqroe
994 3962 1024 4015 id
1045 3956 1189 4027 nepotiani,
1217 3955 1363 4007 deteriores
1385 3967 1440 4002 non
1464 3951 1512 4000 irn-

289 4067 463 4138 probsbibter
481 4063 557 4125 atque
576 4051 611 4104 orl
629 4046 659 4100 id
676 4041 812 4112 nepotiam.
849 4041 904 4090 Soti
928 4040 955 4086 et
980 4036 1085 4085 facilius
1109 4035 1137 4081 ct
1159 4029 1216 4079 ueri
1241 4027 1354 4077 similius
1379 4024 1514 4074 comestor

290 4137 435 4194 Beruensis
453 4131 513 4182 libri
532 4129 559 4178 et
581 4120 752 4174 abbreuiutor
775 4113 1001 4173 Guelferbytanus
1024 4103 1199 4156 emendarunt
1219 4095 1304 4164 adque
1328 4092 1359 4145 id
1375 4091 1513 4159 nepotiano.

289 4216 332 4266 Ita
349 4207 472 4264 Valerius
491 4192 686 4260 monosyllabis
705 4183 947 4252 praepositionibus
966 4193 1014 4245 pue
1032 4173 1151 4225 adiunxit
1169 4173 1194 4230 1,
1213 4165 1245 4226 5,
1264 4163 1282 4219 3
1307 4181 1386 4233 exque
1395 4162 1515 4231 soma„

292 4283 379 4342 dieto,⁸
396 4278 430 4335 11,
449 4271 474 4333 7.
497 4269 525 4323 11
546 4265 623 4332 iaqrrr
642 4261 776 4312 cruentato
795 4251 868 4310 solo,-
885 4251 931 4309 lll,
950 4247 975 4308 2,
996 4247 1010 4298 i
1031 4245 1107 4314 inque
1125 4242 1167 4294 tis
1185 4237 1312 4298 collibus,-
1334 4237 1371 4287 111
1400 4235 1415 4285 'l
1455 4232 1466 4285 1
1487 4235 1516 4283 in

291 4359 336 4409 tin.
359 4348 441 4418 deque
458 4343 611 4395 acaaotore
633 4326 782 4398 Scipionis:
805 4325 866 4381 llll,
892 4317 922 4380 3,
947 4316 964 4371 5
989 4333 1051 4386 epae
1074 4299 1158 4381 lifieo
1176 4309 1282 4369 catino:
1301 4310 1333 4368 V,
1355 4274 1380 4368 1,ἱ
1403 4272 1517 4372 θ’ῑημρ

331 4423 371 4478 'a'
394 4419 415 4471 ’s
433 4411 551 4470 reddare
571 4406 640 4463 Vlii,
659 4399 685 4461 9,
704 4401 756 4451 ext.
774 4393 792 4447 2
810 4394 888 4461 taque
906 4389 1001 4442 animis
1017 4378 1115 4440 eor-uin.

382 4531 388 4548 .
408 4492 447 4543 Cf.
466 4487 524 4536 Liu.
543 4477 654 4534 xxvii,
672 4467 716 4523 tit.

363 4561 389 4618 5.
409 4563 448 4613 ct.
467 4561 543 4608 Cass.
563 4551 612 4602 Dio
632 4561 688 4598 exc.
707 4541 824 4593 Peirese.
842 4531 878 4588 85
896 4551 923 4600 p.
941 4528 977 4584 36
994 4533 1081 4584 Reim,

364 4636 395 4689 P.
413 4627 513 4685 raras
529 4620 629 4681 Philas)
656 4613 755 4666 Consul
779 4612 838 4660 erat
861 4622 931 4657 anno
955 4622 980 4658 a
1005 4620 1031 4656 u.
1056 4619 1079 4651 c.
1104 4595 1165 4652 618.
1203 4603 1277 4662 Quos
1295 4596 1403 4663 legatos
1423 4605 1520 4643 secum

294 4711 406 4764 duxissa
423 4703 525 4758 dieitur,
544 4699 575 4758 Q.
593 4689 718 4744 Meteilus
735 4679 933 4733 Mireeuonicus.
946 4679 972 4728 ct
990 4679 1020 4737 Q.
1034 4673 1177 4740 Pompeius
1195 4669 1228 4726 Δ.
1240 4670 1271 4722 li.
1283 4667 1369 4718 sitisse
1387 4665 1518 4724 uidentur,

294 4783 382 4838 eidem
400 4776 445 4846 qui
462 4763 702 4826 commemorantur
720 4755 787 4816 Vill,
807 4747 832 4815 5,
853 4748 878 4803 1.
