3409 5400
589 566 669 637 mu.
693 568 757 647 IX,
782 566 817 637 G.
843 570 880 643 3.
903 576 933 644 9.
959 568 988 634 1.
1012 568 1044 633 2.
1362 572 1429 640 eei

205 730 410 793 certissimae
435 738 511 792 sunt
533 730 710 815 imagines,
742 750 824 815 quas
848 729 895 791 dii
923 727 988 813 ipsi
1017 728 1052 791 in
1080 725 1177 791 claris
1200 733 1350 811 personis
1374 743 1430 799 aut

206 834 293 898 dicto
318 832 427 920 aliquo
452 846 507 899 aut
529 835 616 899 sacto
640 834 883 898 uehementiora
907 833 1054 918 conspici
1077 833 1259 899 uoluerunt.

289 940 379 1003 Cum
397 939 558 1005 aduersus
573 938 815 1005 Hasdubralem
831 938 945 1003 Liuius
959 938 1125 1003 Salinator
1141 938 1261 1005 bellum
1277 951 1429 1027 geaten-us
1442 945 1470 1010 l.

207 1047 287 1111 urbe
312 1045 536 1133 egrederetur,
566 1058 719 1111 monente
750 1045 851 1109 Fabio
876 1044 1020 1109 Maximo
1048 1067 1091 1109 ne
1119 1058 1194 1111 ante
1218 1045 1432 1110 descenderet

178 1154 241 1222 sin
272 1152 376 1216 aciem
406 1174 504 1237 quam
535 1152 676 1216 hostium
706 1154 795 1217 uires
826 1153 1039 1237 animumque
1069 1164 1263 1239 cognosset,
1291 1154 1432 1239 primam

207 1259 417 1321 occasionem
430 1256 601 1344 pugnandi
613 1280 679 1321 non
692 1259 892 1321 omissurum
904 1280 941 1322 se
953 1258 1132 1342 respondit,
1147 1260 1432 1347 interrogatusque

209 1364 250 1427 ab
275 1364 390 1427 codem
415 1362 491 1448 quid
515 1366 560 1427 ita
583 1376 649 1427 tum
673 1364 864 1427 festinanter
886 1383 1021 1427 manum
1046 1386 1219 1429 conserere
1242 1364 1348 1440 uellet,
1376 1360 1432 1428 ‘Vt

210 1490 309 1554 quam
334 1468 521 1542 celerrime',
545 1471 663 1555 inquit,
692 1480 759 1533 ‘aut
787 1469 926 1557 gloriam
955 1494 995 1535 ex
1021 1471 1173 1535 hostibus
1197 1472 1291 1536 uictis
1316 1482 1369 1534 aut
1393 1490 1433 1533 ex

208 1574 336 1638 ciuibus
358 1576 529 1660 prostratis
554 1574 710 1661 gaudium
735 1575 885 1661 capiam'.
938 1576 993 1641 lra
1014 1587 1090 1640 tunc
1115 1589 1211 1662 atque
1234 1578 1338 1640 uirtus
1363 1597 1432 1639 ser·

172 1700 341 1747 romonem
364 1680 434 1743 eius
458 1681 541 1743 inter
557 1702 593 1744 se
610 1681 801 1755 diuiserunt,
824 1682 880 1746 illu
896 1684 1037 1747 iniustae
1052 1681 1275 1747 damnationis
1295 1702 1432 1757 memor,

208 1784 292 1850 haec
322 1784 474 1871 triumphi
503 1785 628 1873 gloriae
657 1787 790 1853 intenta.
844 1787 913 1851 Sed
941 1791 1055 1853 nescio
1086 1810 1129 1853 an
1158 1788 1306 1854 eiusdem
1335 1790 1433 1853 fuerit

210 1892 272 1955 hoc
297 1892 405 1956 dicere
429 1903 461 1955 et
483 1892 531 1956 sic
554 1893 694 1960 uincere.

299 1997 451 2063 Ardentis
477 2000 609 2084 spiritus
638 2001 745 2065 uirum
775 2010 806 2063 et
834 1999 959 2065 bellicis
988 2002 1141 2087 operibus
1172 2000 1345 2067 adsuetum
1367 2000 1431 2066 huc
1441 2000 1473 2065 2.

210 2103 400 2170 iracundiae
431 2105 553 2171 stimuli
582 2119 735 2192 egerunt3
769 2105 889 2171 Gaium
918 2118 1026 2170 autem
1055 2107 1207 2194 Figulum
1234 2108 1432 2174 mansuetis·

173 2213 347 2287 ssimum.
380 2224 499 2299 pacato
532 2212 612 2275 iuris
648 2212 753 2277 ciuilis
786 2210 907 2276 iudicio
942 2213 1205 2290 celeberrimum,
1239 2213 1433 2298 prudentiae

210 2318 510 2405 moderationisque
533 2319 747 2382 inmemorem
770 2317 992 2383 reddiderunt.
1045 2318 1241 2383 Consulatus
1272 2320 1360 2383 enim
1381 2339 1433 2382 ra·

211 2425 326 2513 pulsae
349 2423 461 2489 delore
487 2445 659 2500 accensus,
683 2445 723 2487 eo
748 2424 881 2511 quidem
902 2426 1023 2512 magia,
1051 2424 1139 2511 qued
1162 2424 1253 2488 illum
1275 2424 1327 2489 bis
1349 2424 1435 2509 patri

212 2554 273 2597 suo
303 2530 415 2596 datum
443 2532 650 2606 meminerat,
686 2553 760 2597 cum
795 2532 839 2596 ad
872 2554 946 2597 eum
980 2541 1112 2616 postero
1148 2530 1353 2597 comitiorum
1381 2529 1434 2593 die

213 2637 304 2703 multi
327 2636 518 2703 consulendi
543 2658 645 2702 causa
668 2638 852 2714 uenissent,
878 2658 993 2702 omues
1017 2635 1155 2710 dimisit,
1178 2636 1345 2724 praefatus
1370 2635 1434 2701 ‘Au

174 2766 274 2810 aeuus
298 2743 469 2810 consulere
493 2745 595 2819 scitis,
619 2743 787 2810 consulem
809 2745 920 2810 facere
935 2742 1104 2809 nescitis'i'
1138 2743 1269 2808 Dictum
1290 2744 1435 2830 grauiter

218 2921 240 2976 1.
261 2926 361 2976 diicat.
383 2919 463 2976 ΟΝ
479 2926 504 2973 el
519 2936 563 2988 pr.
581 2920 612 2975 Δ.
627 2919 678 2990 1111.
699 2923 767 2974 dictu
785 2921 817 2982 A.
842 2921 916 2976 Viae.
933 2919 1000 2975 Bell.
1017 2935 1087 2990 mee.
1106 2918 1190 2974 doctr.
1208 2917 1239 2980 V,
1259 2913 1318 2973 1³5.
1328 2919 1436 3042 lpuebe·

215 2997 335 3047 mentierl
355 2991 432 3058 Torr.
449 2991 504 3060 113.
525 2993 603 3045 libius
620 2994 644 3046 A
654 2992 682 3047 0.
700 2993 714 3061 Η
730 2992 757 3046 l·
777 2997 869 3046 urbem
887 2991 953 3046 Dr.
969 2991 983 3059 ΙΙ
999 2987 1025 3044 b.
1044 2993 1220 3061 cognesceret
1239 2988 1324 3043 ODE
1357 2989 1435 3043 Tere.

219 3063 279 3119 Vid.
298 3063 335 3118 ed
351 3062 387 3122 ll.
409 3063 449 3122 10.
470 3061 562 3136 111111.
582 3067 736 3118 ocaslouem
752 3064 785 3118 Δ.
797 3065 810 3134 ΙΙ
828 3067 973 3117 omiseram
991 3060 1024 3115 A.
1047 3065 1227 3114 obmiaeurum
1245 3059 1278 3113 Ρ.
1297 3063 1310 3127 ΙΙ
1330 3058 1356 3114 a.
1374 3077 1435 3128 pre·

215 3139 322 3188 structis
341 3134 368 3188 F.
381 3137 394 3202 ΙΙ
406 3137 496 3202 atque]
517 3140 564 3188 aut
583 3134 634 3189 Cl'
649 3141 676 3188 cl
688 3151 733 3203 pr.
752 3135 782 3189 A.
795 3135 809 3203 ΙΙ
821 3151 946 3188 sermone
957 3132 989 3188 F.
1001 3134 1015 3200 ΙΙ
1029 3131 1069 3186 10.
1082 3135 1139 3184 eius
1152 3148 1201 3186 om.
1213 3131 1249 3185 D.
1261 3130 1275 3197 ΙΙ
1288 3129 1329 3185 11.
1347 3133 1437 3201 gloria

215 3205 277 3260 EF.
290 3206 304 3272 ΙΙ
317 3202 359 3259 13.
377 3207 461 3256 ulrum
481 3207 518 3272 etl
539 3208 579 3257 uir
596 3208 622 3257 iu
640 3204 671 3258 F.
684 3207 697 3273 ΙΙ
709 3208 778 3256 bunc
797 3203 948 3259 sonuli
959 3203 973 3271 ΙΙ
991 3202 1033 3256 ll.
1053 3203 1157 3269 Gaium]
1177 3205 1302 3254 Caesium
1319 3197 1436 3268 111116.

217 3279 309 3328 consul
329 3272 356 3326 C.
368 3275 381 3338 ΙΙ
396 3273 436 3328 11.
454 3277 527 3326 illum
545 3275 599 3340 bis]
619 3274 660 3326 lu
676 3273 766 3328 uerbis
783 3275 891 3343 euplieit
907 3273 966 3326 cod.
984 3272 1016 3325 F.
1033 3270 1047 3339 ΙΙ
1066 3270 1107 3326 18.
1126 3273 1294 3324 comicierum
1312 3269 1347 3321 Α.
1359 3269 1384 3390 ip
1396 3266 1435 3322 iil.

216 3346 301 3414 multi]
317 3349 380 3412 post
398 3359 482 3395 causa
501 3344 531 3398 Γ.
543 3344 557 3410 ΙΙ
573 3347 616 3395 An
635 3346 695 3410 uos]
719 3345 760 3396 alc
777 3345 840 3396 Per.
860 3342 1096 3396 erraremus.
1120 3356 1215 3393 omues
1236 3337 1354 3392 GDEI‘
1428 3371 1437 3390 .

227 3414 295 3485 1120.
313 3416 417 3466 Dictum
435 3443 470 3453 —
489 3419 532 3483 (p.
549 3411 611 3472 uile.
628 3411 666 3478 2.)
684 3416 774 3478 petest
789 3428 839 3466 em.
857 3411 890 3464 Γ.

219 3576 433 3626 dieluurliuarum
452 3575 640 3639 particularum
666 3573 706 3631 ui,
730 3589 783 3639 qua
805 3572 943 3636 permotus
966 3570 1120 3621 Perizonius
1144 3571 1170 3618 et
1190 3594 1224 3603 -
1248 3570 1274 3616 et
1295 3567 1438 3634 legendum

219 3661 282 3697 esse
301 3647 401 3704 statuit,
421 3647 469 3696 aed
489 3645 596 3696 lectoris
615 3643 723 3693 arbitrio
741 3641 869 3707 permittit
887 3643 973 3690 utrum
992 3642 1095 3690 illorum
1114 3639 1205 3705 eligat,
1228 3650 1260 3686 eo
1279 3638 1338 3700 lpse
1356 3638 1438 3704 sigul-

220 3719 303 3768 fleans
316 3721 456 3779 utrumque
468 3717 604 3774 incidisse,
624 3717 650 3764 et
662 3716 814 3778 praeturam
826 3712 952 3780 flagitiosi
963 3710 1078 3760 homlule
1097 3711 1206 3758 multum
1226 3711 1253 3756 et
1265 3707 1439 3771 reipublicae

220 3791 387 3839 maiestatem
405 3803 499 3852 pamm
520 3787 648 3837 ualuisse.
689 3786 783 3850 Itaque
806 3785 929 3833 omnibus
951 3781 995 3830 bis
1017 3781 1085 3830 locis
1107 3795 1125 3828 a
1146 3777 1295 3829 canusinae
1313 3779 1439 3828 librorum

219 3861 371 3910 testimonio
389 3861 528 3910 discedere
546 3857 631 3914 nolui.
656 3871 714 3905 cum
737 3855 833 3906 tuerint
856 3854 901 3920 qul
923 3852 1012 3902 inuitis
1035 3851 1109 3900 libris
1133 3852 1179 3899 aut
1200 3851 1371 3899 restituerent
1393 3851 1440 3897 eut

220 3932 409 3980 restituendam
429 3931 570 3980 censerent
587 3927 766 3991 copulatiuam
785 3925 1005 3976 coniunctionem.

292 4015 357 4068 quea
374 3997 414 4050 dli
432 3998 486 4068 ipsi
503 3997 530 4048 ln
550 3995 632 4048 cleris
644 3994 779 4063 pascuis)
798 3997 899 4046 Vocem
918 3991 968 4047 dii.
987 3993 1014 4042 ln
1032 3993 1180 4057 archetypo
1198 3991 1290 4041 codice
1308 3991 1440 4041 emissam

221 4073 305 4130 reete,
325 4073 427 4134 siquid
447 4071 549 4128 iudice,
573 4069 707 4133 suppleuit
730 4069 863 4118 corrector
886 4065 945 4115 libri
962 4063 1102 4113 Danielinl.
1148 4062 1216 4111 Nam
1235 4063 1262 4110 at
1280 4061 1439 4111 senteutiam

221 4143 335 4193 restituit
352 4144 484 4192 sinceram
503 4154 589 4206 neque
608 4153 676 4204 quac
695 4139 749 4188 alla
767 4153 820 4187 nox
838 4137 925 4186 lecum
944 4136 1044 4184 babeat
1061 4133 1139 4182 facile
1151 4133 1306 4182 inuenietur.
1341 4131 1439 4181 Nescio

221 4218 310 4264 tamen
329 4229 363 4263 au
382 4213 523 4263 correctori
542 4211 615 4260 illam
634 4209 845 4260 emendationem
864 4207 935 4255 eliud
953 4205 1042 4268 potius
1059 4203 1160 4252 Valerii
1182 4202 1333 4264 exemplum
1352 4202 1387 4249 ab
1405 4213 1440 4248 ee

221 4285 367 4335 adhibitum
392 4283 601 4347 suppeditauerlt
624 4295 705 4342 quam
727 4281 812 4344 ipsine
835 4277 981 4344 ingenium.
1028 4274 1151 4323 Edituree
1173 4274 1207 4323 de
1230 4272 1335 4322 deiectu
1364 4268 1440 4317 uocis

222 4356 286 4406 nlhll
304 4357 472 4405 adnotarunt.

295 4423 318 4478 1.
337 4426 376 4478 ct.
393 4425 450 4476 Lin.
468 4423 578 4478 xxvu.
597 4419 641 4473 40.

292 4492 318 4546 1.
337 4493 432 4548 Gaium
451 4499 535 4546 autern
553 4490 685 4559 Fipulum)
708 4489 828 4554 Apparet
845 4503 880 4539 ex
898 4488 1072 4550 sequentibus
1089 4484 1172 4532 fllium
1190 4482 1260 4530 bunc
1279 4479 1364 4528 luisse
1383 4479 1441 4528 eiua

223 4571 250 4622 c.
270 4568 362 4617 Marcii
381 4567 476 4635 rigoli.
495 4566 541 4627 qui
559 4566 600 4614 bis
619 4562 786 4614 consulatum
804 4560 953 4609 obtinuerat
971 4573 996 4606 a
1008 4553 1071 4606 ule.
1089 4547 1142 4604 5⁹2
1159 4551 1187 4600 et
1203 4545 1256 4600 5118
1273 4551 1355 4632 atque
1373 4550 1442 4599 udae

224 4640 351 4698 eiusdem,
371 4651 449 4703 quem
459 4636 583 4686 Valerius
601 4633 621 4691 1.
643 4631 667 4692 1,
685 4627 703 4681 3
722 4631 861 4682 consulatu
878 4642 911 4680 ee
928 4625 1100 4679 abdicauisse
1123 4620 1222 4702 scribit,
1240 4619 1442 4672 ulbeereatum.

293 4707 335 4760 Aa
358 4722 406 4759 eea
430 4704 563 4758 camlm
584 4702 671 4766 eder)
698 4701 871 4752 Manifestum
895 4699 939 4749 eat
955 4697 1131 4758 archetypum
1150 4691 1269 4740 codicem
1287 4689 1443 4742 exbibulsee

224 4794 311 4834 emere
343 4775 477 4832 reemlere
515 4774 604 4836 adria,
648 4772 807 4826 intolerabili
840 4770 995 4835 repetitione
1023 4761 1144 4815 uocabuii
1177 4761 1257 4811 modo
1290 4761 1441 4825 praemiat,

1189 4847 1258 4915 44·
