3409 5400
308 390 374 457 me
775 390 841 461 nn
857 352 1058 464 tvsnns.

308 557 452 640 migrare
480 540 700 625 Athenienses
733 557 768 621 in
801 554 945 623 classem
979 558 1147 644 coegisset
1172 554 1351 641 Xerxeque
1386 572 1485 642 rege
1523 571 1558 617 et

308 658 412 749 copiis
436 663 507 727 eius
531 661 671 728 Graecia
692 660 796 749 pulsis
825 660 940 729 ruinas
965 664 1092 750 patriae
1119 663 1155 727 in
1181 662 1353 749 pristinum
1385 659 1553 727 habitum

307 769 499 834 reformaret
521 778 553 832 et
568 788 648 855 opes
665 768 878 835 clandestinis
894 770 1117 835 molitionibus
1133 768 1177 832 sd
1192 766 1417 855 principatum
1433 768 1551 831 Grae·

185 900 188 909 ’
307 876 378 939 cine
410 874 651 962 capessendum
678 876 829 952 nutriret,
869 874 904 941 in
937 872 1088 942 contione
1122 875 1201 940 dixit
1233 873 1357 939 habere
1393 896 1437 938 se
1473 896 1548 938 rem

307 980 539 1048 deliberatione
562 1004 624 1047 sus
646 984 827 1070 prouisam,
850 1003 948 1071 quam
972 986 1002 1049 si
1012 985 1146 1047 fortuna
1167 982 1381 1048 ard-effectum
1397 983 1567 1068 perducis

307 1106 410 1175 passe
431 1099 531 1163 essct,
555 1088 634 1155 nihil
657 1092 764 1156 maius
780 1100 835 1156 aut
850 1092 1013 1177 potentins
1026 1087 1220 1153 Atheniensi
1236 1088 1358 1175 popule
1373 1089 1545 1159 fumeum

308 1194 369 1261 sed
392 1214 466 1259 eam
489 1195 618 1283 uulgari
641 1218 708 1261 non
730 1207 890 1283 oportere,
912 1196 1163 1283 postulauitque·
1177 1205 1214 1259 ut
1232 1195 1355 1282 aliquis
1376 1195 1463 1268 sibi,
1491 1196 1544 1258 cni

306 1298 399 1365 illam
420 1302 515 1365 tacite
538 1314 725 1388 exponeret,
745 1302 896 1370 daretur.
942 1302 1049 1367 Datus
1077 1312 1129 1366 est
1156 1298 1330 1366 Aristides.
1380 1300 1420 1365 is
1446 1313 1545 1386 post·

310 1428 409 1495 qnam
438 1410 632 1496 recognouit
658 1409 800 1475 classem
830 1409 921 1474 illum
948 1408 1302 1500 Lacedaemoniorum,
1339 1426 1434 1495 quac
1472 1421 1543 1471 tota

309 1515 397 1602 apud
420 1513 582 1602 Gytheum
605 1515 766 1581 subducta
789 1516 868 1592 crat,
891 1516 975 1581 uelle
996 1515 1192 1590 incendere,
1210 1525 1248 1578 ut
1267 1534 1309 1578 ea
1329 1525 1569 1599 consumptas

309 1621 489 1687 dominatio
511 1623 613 1687 maris
637 1624 719 1707 ipsis
742 1622 881 1698 cederet,
904 1622 1066 1709 processit
1088 1622 1131 1685 ad
1154 1621 1245 1684 ciues
1269 1630 1300 1683 et
1319 1619 1436 1684 retulit
1451 1620 1544 1685 Tite·

309 1726 481 1794 misloelen
509 1738 544 1791 ut
564 1727 642 1792 utile
668 1726 850 1804 considam,
878 1728 925 1793 ita
946 1730 1080 1792 minime
1105 1728 1226 1791 iustum
1250 1726 1361 1790 animo
1382 1722 1540 1791 uoluere

308 1834 336 1899 Ε
360 1835 502 1923 uestigio
525 1836 680 1899 uniuersa
709 1835 817 1907 contio
846 1833 934 1921 qnod
957 1853 1098 1921 aequum
1125 1854 1194 1898 non
1222 1832 1387 1896 uideretur
1410 1850 1457 1899 ne
1483 1853 1541 1896 ex·

309 1940 421 2029 pedire
442 1940 578 2031 ¹quidem
605 1939 836 2027 proclamauit,
873 1962 913 2006 ac
942 1940 1091 2026 protinus
1120 1936 1361 2006 Themistoclea
1396 1939 1540 2025 incepto

308 2048 405 2114 iussit
427 2047 597 2114 desistere.
1265 2098 1269 2103 .
1544 2058 1566 2103 a

268 2150 298 2220 3.
398 2152 489 2221 Nihil
514 2150 579 2218 illis
607 2154 705 2218 etism
733 2154 875 2218 iustitiae
904 2152 1060 2238 exemplis
1087 2152 1214 2217 fortius.
1259 2150 1423 2215 Zaleucus
1452 2150 1536 2215 urbe

309 2259 524 2326 Locrensium
548 2283 569 2326 a
592 2281 629 2324 sc
653 2258 877 2324 saluberrimis
903 2268 1001 2345 atque
1029 2256 1212 2323 utilissimis
1239 2254 1371 2343 legibus
1392 2258 1532 2326 munile.

310 2386 385 2431 cum
407 2367 493 2432 lilius
516 2369 588 2432 eins
610 2366 747 2432 adulteri
769 2365 904 2429 crimine
920 2365 1094 2429 damnatus
1112 2362 1293 2428 secundum
1311 2363 1364 2427 ius
1387 2362 1433 2427 ab
1454 2364 1531 2448 ipsc

310 2474 517 2539 constitutum
530 2484 667 2561 auoque
679 2471 774 2537 oculo
788 2492 901 2535 carere
914 2470 1046 2566 deberet
1057 2490 1098 2535 ac
1109 2480 1176 2535 teta
1187 2471 1303 2535 ciuitas
1318 2469 1354 2533 in
1366 2467 1528 2533 bonorem

280 2634 284 2639 .
309 2581 413 2665 patris
435 2581 665 2643 necessitatem
696 2598 823 2663 poenae
847 2576 1092 2643 adulescentulo
1119 2577 1311 2651 remitteret,
1338 2572 1556 2661 aliquandiu!

309 2686 515 2772 repugnauit.
570 2682 623 2748 Ad
657 2684 803 2750 ultimum
835 2681 944 2770 populi
971 2681 1126 2769 precibus
1155 2683 1300 2758 euictus,
1332 2701 1397 2746 suo
1425 2682 1525 2768 prius,
1587 2764 1588 2773 ἵ

311 2790 430 2856 deinde
453 2789 510 2854 lilii
531 2789 625 2854 oculo
649 2801 739 2854 eruto
762 2809 859 2854 usum
883 2789 1018 2854 uidendi
1040 2791 1186 2876 utrisque
1208 2789 1348 2877 reliquit,
1399 2784 1450 2852 Ila
1470 2786 1523 2850 de·

313 2966 336 3020 1.
355 2971 382 3020 ln
400 2968 518 3018 classem
537 2967 710 3018 athenienses
728 2963 760 3018 Γ.
772 2963 785 3032 ΙΙ
797 2981 932 3030 seraeque
949 2965 981 3020 F.
992 2964 1043 3032 [12
1062 2967 1151 3036 gratia
1164 2963 1222 3019 OF.
1232 2963 1284 3033 113.
1303 2966 1477 3017 reformasset
1486 2960 1521 3014 D.

323 3037 377 3109 111.
393 3037 550 3089 nutriuisset
566 3031 665 3104 11115.
684 3050 762 3088 susm
779 3033 807 3090 0.
819 3036 833 3104 ΙΙ
844 3039 975 3090 torinnam
994 3037 1027 3091 F.
1043 3037 1057 3103 ll
1074 3039 1109 3088 sd
1127 3037 1264 3104 ellsdum]
1282 3037 1417 3087 adlectrm
1430 3049 1476 3102 pr.
1491 3033 1522 3085 A.

311 3112 346 3162 sd
364 3109 496 3161 adlectum
514 3122 583 3159 corr.
600 3105 633 3160 A.
650 3105 663 3173 ΙΙ
680 3104 706 3160 9.
724 3111 851 3177 eognoult
873 3106 1191 3177 Dgp„,‚p,1„„,„,1
1215 3106 1320 3160 litterae
1342 3108 1401 3156 elas
1421 3119 1440 3156 ι
1456 3119 1520 3156 corr.

310 3178 341 3234 A.
353 3179 367 3249 ΙΙ
377 3181 450 3232 illam
471 3175 585 3244 cultu
599 3177 639 3230 ll).
659 3179 810 3243 Gylbseum
830 3177 910 3231 Torr.
922 3176 935 3248 ΙΙ
955 3178 998 3232 11.
1015 3180 1170 3244 praecessit
1184 3176 1216 3230 F.
1228 3177 1242 3246 ΙΙ
1253 3179 1353 3230 rettulit
1369 3189 1441 3228 corr,
1456 3175 1514 3297 Ap!

310 3253 480 3306 themltoclen
495 3264 539 3317 pr.
557 3248 588 3301 A.
613 3251 800 3302 themistoclem
817 3248 917 3302 DEF.
942 3251 1150 3302 'themistoclem
1170 3247 1247 3303 Tm.
1263 3247 1277 3316 ΙΙ
1296 3246 1336 3301 la
1358 3245 1405 3313 uel
1423 3263 1475 3298 noa
1511 3280 1519 3293 .

320 3322 336 3389 ΙΙ
354 3320 395 3376 ll.
413 3321 599 3374 momtstouem
618 3318 716 3373 DEF.
739 3321 948 3372 Themistoclem
968 3318 1044 3372 Torr.
1064 3317 1078 3386 ll
1098 3314 1139 3372 lb.
1157 3321 1289 3371 desistere
1311 3320 1390 3370 iussit
1413 3313 1511 3382 Tarall

312 3392 354 3448 lli.
372 3394 499 3446 seleucus
516 3389 574 3452 (red
587 3390 677 3459 princ
701 3388 750 3444 litt.
769 3389 798 3442 ἐκ
815 3399 923 3447 raserat
943 3388 980 3443 D.
999 3391 1125 3440 zaleucus
1142 3387 1177 3443 E.
1199 3392 1327 3442 calescas
1349 3385 1408 3458 El
1429 3385 1470 3440 11.
1483 3389 1518 3436 lo·

310 3467 438 3517 crentlum
456 3461 486 3516 F.
502 3462 515 3531 ΙΙ
533 3463 639 3532 legibus
657 3461 767 3528 munita]
792 3464 893 3514 munita
916 3463 1036 3512 consiliis
1053 3458 1115 3528 1⁴⁸.ss
1132 3458 1172 3514 18.
1192 3463 1313 3512 sdullerii
1331 3473 1401 3513 sorr.
1418 3458 1451 3510 Δ.
1468 3473 1520 3509 ern

309 3533 461 3604 reliquisse
480 3531 587 3599 Tornll
607 3529 645 3584 ts.
669 3532 753 3598 patris
772 3535 900 3586 honorem
919 3531 951 3585 F'.
967 3531 980 3600 ll
998 3529 1042 3584 20.
1066 3547 1172 3596 poenes
1193 3533 1381 3582 necessitatem
1407 3528 1482 3581 Tere.
1496 3528 1511 3594 ll

310 3605 522 3670 adulescentulo]
542 3608 601 3656 sote
619 3605 809 3655 uecessltstem
822 3602 855 3657 F.
869 3601 939 3671 1121.
959 3605 1083 3667 precibus
1095 3603 1185 3666 populi
1200 3600 1334 3664 (Effert.
1344 3597 1415 3668 ilfi·
1431 3605 1519 3664 erupto

310 3673 342 3729 12.
354 3676 368 3744 ll
380 3673 495 3742 uidendi]
515 3673 543 3726 r'a
561 3689 657 3725 rasura
674 3670 732 3741 ,111
748 3675 849 3740 utrique
867 3671 1020 3727 DFI'Pcr.
1040 3677 1066 3724 et
1081 3671 1110 3723 ὴ
1127 3687 1226 3726 ram
1241 3670 1275 3734 A,
1295 3670 1372 3726 Terr.

380 3828 407 3884 1.
425 3833 464 3884 ct.
482 3833 539 3884 Ael.
559 3849 584 3885 n.
602 3835 628 3884 lr.
647 3833 717 3892 xlll,
735 3829 778 3884 tl.
797 3833 872 3885 Stob.
890 3844 971 3882 serm.
989 3829 1035 3883 42.

380 3915 455 3952 aram
477 3899 586 3953 aldadi
608 3902 724 3971 atrisque
746 3893 862 3970 rebbrit)
892 3902 951 3952 Non
981 3903 1071 3953 dulltc
1100 3902 1164 3964 suh
1191 3899 1311 3968 sutrim
1336 3899 1424 3966 prima
1444 3914 1517 3951 mrsu

311 3971 440 4035 scriptum
461 3972 540 4023 luerit
562 3975 589 4022 in
607 3974 736 4026 ilamensi
760 3975 851 4024 codiee
874 3974 954 4037 sique
978 3974 1046 4024 adeo
1070 3974 1098 4023 ia
1121 3974 1272 4038 archetypo
1294 3987 1410 4038 qnoque.
1455 3971 1518 4021 Nota

312 4044 375 4107 supi
392 4043 516 4106 exempla
534 4045 613 4092 bolus
630 4045 794 4108 pronomlnis
813 4044 949 4108 pluraliter
965 4044 1060 4108 positi,
1083 4045 1131 4092 alst
1149 4045 1185 4094 ds
1200 4045 1305 4092 dnobus
1322 4044 1424 4093 unium
1440 4043 1517 4093 bonis

311 4115 389 4164 ntbos
408 4113 524 4163 rebusne
541 4113 637 4179 agitur.
678 4115 718 4164 lix
742 4129 794 4177 quo
813 4127 914 4182 genere
931 4114 1021 4164 citauit
1043 4112 1190 4164 Torrentur
1211 4116 1288 4164 Corn.
1308 4113 1376 4176 llep.
1394 4109 1516 4168 Hanni.

310 4183 338 4244 2,
357 4185 402 4235 ubl
425 4184 498 4234 male
520 4183 668 4234 Lambinus
690 4186 841 4235 coniecerat
861 4189 999 4252 umque
1016 4182 1173 4250 proficerit
1195 4187 1223 4236 st
1245 4184 1341 4236 siunt
1363 4181 1397 4241 2,
1418 4179 1516 4234 sm

312 4269 419 4322 rumque
436 4251 631 4320 Dionysiorum.
668 4255 758 4306 lustin.
778 4255 828 4312 lx,
847 4252 878 4313 l,
900 4254 925 4308 8.
952 4255 1048 4306 Serre.
1066 4255 1143 4307 llere.
1161 4255 1213 4307 tur.
1233 4251 1309 4307 tous„
1336 4255 1438 4315 vibes
1452 4255 1517 4303 asle

314 4327 413 4378 Valerii
432 4327 463 4384 V,
482 4322 507 4385 1,
526 4322 551 4378 lt.
576 4324 636 4381 vll,
655 4321 687 4383 3,
712 4329 765 4378 eat.
783 4322 809 4378 5.
833 4327 911 4377 Corn.
929 4326 999 4389 Nep.
1014 4325 1122 4376 lislam.
1141 4322 1188 4384 11,
1206 4322 1234 4377 2
1257 4326 1311 4376 Cle
1329 4320 1514 4389 ln'Vsrr.‚illl,

317 4391 357 4455 14,
376 4393 420 4448 32.
439 4412 486 4460 pro
504 4397 595 4466 Liger.
616 4391 657 4455 12,
674 4393 710 4448 36
733 4411 781 4460 pre
800 4396 869 4448 Mur.
889 4393 931 4456 12,
949 4393 995 4454 sti,
1011 4409 1174 4461 quamquam
1192 4398 1228 4448 ds
1243 4395 1424 4447 elem
1440 4395 1515 4445 ubi·

314 4469 400 4538 gebel
421 4467 527 4532 Zumpt.
547 4468 581 4518 ad
604 4467 678 4520 Verr.
702 4465 753 4526 111,
777 4463 826 4526 ltu,
853 4464 913 4519 110.
939 4470 1018 4519 Caes.
1037 4469 1064 4517 lr.
1082 4467 1113 4518 (1.
1131 4467 1160 4526 1,
1176 4462 1228 4525 51,
1243 4463 1275 4526 l,
1298 4467 1347 4516 ubi
1368 4467 1432 4516 lieet
1450 4466 1514 4515 aliud

315 4538 435 4588 eiusdem
457 4539 566 4606 generis
589 4538 739 4602 exemplum
761 4537 788 4588 in
811 4539 853 4589 his
880 4537 1077 4590 commentariis
1105 4551 1159 4589 non
1187 4540 1272 4596 extet,
1301 4538 1374 4589 recta
1396 4538 1515 4587 bonorum

316 4607 442 4658 librorum
460 4609 628 4673 serlptnranr,
645 4613 770 4677 emarcus
786 4607 816 4660 s's
833 4607 948 4675 cassos
960 4605 1107 4675 ,menet
1126 4610 1238 4660 caesui
1255 4607 1402 4660 mucan
1414 4607 1514 4673 Nipper-
