3409 5400
487 440 569 507 lrlB.
593 440 636 520 V,
660 443 699 509 Ο.
720 444 752 519 2,
772 452 804 521 6,
832 446 1012 511 lo—Ext.
1035 456 1066 523 i.
1091 450 1120 515 1.
1349 450 1417 522 408

280 600 369 668 Pace
399 602 545 667 cinerum
572 624 707 669 suorum
734 624 833 690 reges
858 606 1005 692 gentium
1028 617 1210 674 exterarum
1232 610 1416 679 seeundum
1424 610 1496 683 dxc.

75 751 91 797 ·.·
191 708 279 775 hunc
301 719 368 773 tam
392 719 613 795 contemptum
636 730 772 797 gregem
796 712 911 777 referri
934 715 1165 799 sepelientur,
1193 717 1249 803 qui
1271 728 1327 782 aut
1348 740 1417 785 non

192 815 412 902 adtingendus
437 826 492 879 aut
514 821 607 896 [non]
631 820 665 883 iu
688 819 801 883 ultima
815 828 909 903 perte
925 818 1180 888 domesticorum
1195 822 1418 911 exemplorum

193 920 416 986 conlocandus
445 922 515 987 fuit.
572 924 640 987 Sed
672 924 749 989 dum
778 924 911 989 honesti
939 927 1037 991 ctiam
1065 928 1107 993 ab
1139 937 1158 1005 i
1186 932 1307 1001 infimis
1337 935 1417 998 estis

75 1085 91 1119 κ
165 1028 270 1091 sediti
297 1028 458 1092 memoria
480 1048 546 1091 non
569 1030 757 1105 intercidat,
787 1029 864 1095 licet
885 1044 1073 1116 separatum
1101 1034 1211 1103 locum
1241 1037 1418 1114 obtineant,

193 1145 228 1197 nt
250 1154 310 1197 nec
334 1132 387 1199 his
412 1132 530 1198 adiecti
553 1155 613 1198 nec
637 1135 701 1200 illis
726 1135 863 1221 praelati
885 1137 1069 1204 uideantur.

281 1239 403 1303 Darius
431 1240 719 1324 priuatae‘adhue
753 1242 903 1308 fortunae
939 1246 1079 1311 amiculo
1108 1248 1294 1333 Sylosontis
1323 1250 1456 1318 Samii.

75 1327 91 1445 ¹¹,
194 1347 384 1420 delectatne,
408 1347 587 1410 curiosiore
611 1348 885 1433 contemplatione
908 1351 985 1413 fecit
1006 1352 1138 1418 utultro
1156 1354 1220 1419 sibi
1238 1356 1417 1441 etquidem

75 1507 90 1546 ἢ,
194 1478 216 1519 a
239 1452 357 1539 cupido
382 1452 522 1515 daretur.
570 1454 669 1517 (iuius
693 1455 838 1517 muneris
864 1478 963 1540 quam
986 1470 1082 1543 grata
1099 1461 1284 1525 aestimatio
1307 1462 1417 1527 animo

86 1645 90 1653 Ι
157 1564 265 1627 tocius
282 1570 371 1623 esset
386 1558 526 1644 adlapsa
548 1580 652 1647 regno
674 1560 794 1644 potitus
817 1560 967 1627 ostendit.
1014 1563 1130 1630 Totam
1145 1586 1289 1653 namque
1303 1566 1418 1631 urbem

83 1724 89 1732 ·
195 1697 221 1755 3.
240 1718 292 1753 nou
311 1705 339 1752 in
358 1700 461 1766 uitima]
480 1700 520 1751 sic
532 1714 578 1768 pr.
597 1698 631 1755 A.
650 1699 698 1752 ced
715 1701 890 1769 conpescite
905 1707 987 1753 notat.
1005 1718 1076 1757 corr.
1099 1705 1131 1759 A
1156 1708 1183 1759 in
1202 1710 1296 1759 ultima
1312 1705 1419 1767 {mitro

195 1775 260 1838 non)
280 1771 312 1825 Γ.
331 1789 384 1823 non
402 1773 453 1823 nisi
471 1772 497 1823 in
519 1774 613 1822 ultime
636 1770 723 1825 ebs
729 1770 755 1825 F
758 1770 834 1825 Yurr.
851 1770 866 1839 ΙΙ
882 1776 1065 1838 exemplorum
1088 1779 1295 1833 domesticorum
1313 1778 1344 1833 F.
1360 1779 1375 1847 ΙΙ
1384 1776 1417 1833 Α.

195 1844 313 1909 bonesti]
333 1838 395 1895 add.
415 1845 491 1893 actus
509 1840 537 1893 itt
555 1856 652 1893 rasura
670 1840 709 1897 D,
731 1838 807 1895 Torr.
820 1842 832 1908 ΙΙ
845 1845 925 1894 etiam
939 1848 974 1893 ab
986 1847 1094 1914 intimis]
1114 1848 1143 1899 ia
1153 1864 1250 1901 rasura
1262 1848 1299 1903 D.
1311 1846 1325 1917 ΙΙ
1337 1849 1417 1915 estis]

196 1918 259 1966 sunt
277 1914 305 1965 in
322 1928 420 1965 rasura
437 1911 475 1965 D.
488 1928 537 1966 om.
552 1911 629 1965 Torr.
641 1913 655 1979 ΙΙ
667 1908 692 1966 5.
707 1916 768 1965 editi
781 1915 922 1980 memorial
935 1913 964 1964 ia
974 1929 1072 1969 rcrarc
1083 1915 1120 1971 D.
1132 1917 1146 1986 ΙΙ
1162 1921 1321 1971 intercidant
1340 1918 1419 1972 Torr.

207 1982 257 2052 116.
275 1987 299 2035 is
319 1986 414 2037 abiecti
432 1980 461 2033 F.
473 1984 487 2050 ΙΙ
498 1984 523 2036 l.
541 1985 651 2050 Darius]
671 1983 712 2035 sie
729 1982 777 2036 litt.
798 1986 805 2033 i
824 1982 852 2034 ia
865 1984 1030 2051 paenultima
1046 1987 1072 2038 i.
1090 1986 1278 2058 tartareae
1296 1993 1419 2056 pduatae

82 2053 88 2070 ¹
196 2054 232 2109 D.
247 2054 259 2125 ΙΙ
274 2058 419 2107 solosoutis
438 2051 470 2107 F.
481 2055 495 2123 ΙΙ
506 2053 532 2108 8.
552 2057 655 2105 cut-iore
669 2069 715 2121 pr.
733 2052 765 2105 A.
788 2056 895 2105 curiosa
915 2052 1003 2109 cEF.
1015 2056 1029 2125 Η
1040 2060 1146 2124 quidem
1165 2087 1178 2113 ι
1192 2063 1288 2126 cupido
1306 2057 1337 2114 A.
1350 2059 1363 2129 ΙΙ
1377 2058 1419 2115 10.

196 2128 310 2192 delapsa
329 2124 357 2179 0.
371 2125 383 2194 ΙΙ
398 2126 495 2190 petitus
509 2139 555 2193 pr.
573 2124 605 2177 A.
623 2127 713 2189 potius
732 2123 760 2176 F.

272 2252 331 2303 Exi.
360 2254 406 2301 cat
428 2264 480 2301 oon
505 2246 677 2315 cdtiuyendas
702 2254 748 2301 cet
770 2249 841 2315 [noa]
867 2247 895 2299 ia
916 2248 1008 2302 ultima
1026 2256 1117 2318 parte)
1140 2252 1260 2319 Apparet
1278 2254 1421 2319 archetypi

199 2324 358 2387 scripturam
377 2324 447 2373 hanc
467 2322 561 2379 inisse,
581 2326 627 2373 aut
644 2334 696 2371 eoa
714 2317 888 2387 adtinqeadac
905 2325 951 2372 arti
973 2336 1025 2375 aen
1047 2321 1075 2373 r'a
1095 2321 1188 2375 amaa
1201 2330 1283 2392 perte
1300 2320 1421 2377 Mureti·

197 2410 286 2446 corum
304 2390 476 2461 exemplorum
494 2388 677 2443 conlocandus.
714 2396 788 2452 Quae
807 2408 868 2441 cum
885 2392 981 2441 uitiosa
999 2394 1059 2450 sint,
1079 2395 1189 2444 citerius
1203 2396 1321 2445 familiae
1334 2396 1422 2445 altera

197 2481 262 2530 pars
282 2466 343 2515 ante
362 2463 390 2514 ia
407 2462 500 2517 cuma
513 2467 593 2531 parte
617 2464 752 2529 suppleuit
773 2461 834 2515 sisi.
876 2464 953 2523 Quod
975 2466 1113 2528 receptum
1136 2466 1163 2515 iu
1187 2466 1305 2533 uolgatis
1329 2480 1419 2517 exem-

198 2538 327 2601 plaribus,
347 2536 412 2585 mihi
430 2536 535 2600 quidem
556 2550 608 2585 non
626 2536 665 2584 ita
682 2534 789 2598 placuit.
831 2532 936 2584 Etenim
960 2535 985 2583 si
1009 2535 1109 2589 tactum
1126 2536 1234 2603 aliquod
1252 2552 1306 2589 nou
1324 2537 1376 2590 nisi
1393 2537 1422 2589 ln

199 2609 291 2657 ultima
309 2606 513 2656 domesticorum
534 2606 716 2669 exemplorum
735 2608 811 2670 purte
830 2606 1015 2657 collocandum
1035 2607 1119 2657 inisse
1136 2608 1287 2668 dicebatur,
1313 2609 1420 2658 omnino

199 2679 372 2730 disiunctione
396 2678 443 2729 iiie
467 2692 535 2744 opus
558 2692 612 2728 non
635 2680 706 2734 erat,
731 2680 777 2728 cut
799 2690 851 2727 nort
869 2672 1043 2743 cdtiapetrdsa
1065 2682 1113 2730 cat
1128 2693 1181 2731 ace
1201 2677 1256 2730 triti
1277 2679 1336 2738 etc.·,
1360 2692 1422 2728 curn

199 2753 311 2804 aiterum
335 2751 387 2800 boc
411 2751 548 2800 sufficeret
572 2753 652 2811 atque
675 2749 738 2798 iliud
768 2749 923 2800 includeret
968 2750 1033 2798 Cum
1062 2751 1237 2802 disiunctione
1265 2750 1421 2802 concinnius

198 2823 287 2888 utique
311 2823 450 2872 dicendum
473 2819 518 2888 qui
543 2825 589 2870 cut
609 2834 661 2870 eoa
684 2815 859 2885 adtiapendcc
871 2823 923 2878 ⁴tud
938 2817 968 2869 ia
985 2817 1077 2872 ultim
1089 2826 1172 2889 parte
1188 2850 1224 2860 —
1247 2816 1423 2873 conlocandus

199 2897 265 2944 erat.
302 2892 386 2957 Atque
404 2894 430 2942 id
449 2893 537 2956 ipsum
556 2893 581 2942 in
602 2892 688 2941 ultera
706 2892 764 2942 cius
783 2891 902 2940 familiae
914 2893 991 2953 parte
1003 2894 1174 2944 abbreuiator
1186 2894 1421 2958 Guelferbytanus.

198 2967 225 3013 in
250 2963 340 3012 codice
364 2963 494 3012 liernensi
517 2965 663 3018 corrector,
688 2961 810 3012 homines
835 2961 907 3010 haud
932 2976 1000 3012 sane
1023 2963 1124 3022 insciti,
1148 2965 1311 3027 temptarunt
1333 2963 1424 3015 uelata

199 3033 343 3100 negatione
361 3046 421 3082 noa.
458 3037 542 3094 Quam
562 3033 683 3097 equidem
703 3033 811 3090 seclusi,
829 3032 1011 3095 interpositam
1032 3034 1177 3084 fortassee
1188 3036 1296 3084 librario
1306 3033 1423 3096 quodam

199 3105 310 3170 propter
328 3103 469 3164 sequentia
486 3107 515 3152 et
531 3116 578 3153 nec
595 3101 637 3152 iia
655 3098 754 3153 adiecti
771 3116 818 3152 nec
835 3100 891 3152 itti·
904 3101 1022 3168 merleti
1038 3101 1196 3158 ademar.
1217 3119 1286 3171 quae
1302 3104 1424 3168 proiecto

199 3173 334 3225 hominem
353 3171 432 3220 isium
451 3173 478 3220 in
497 3187 556 3221 eam
571 3173 702 3222 adducere
720 3175 862 3236 potuerunt
874 3175 1063 3237 suspicionem,
1082 3175 1241 3232 necessario,
1256 3175 1308 3224 dioi
1325 3177 1425 3224 urbem

198 3245 264 3298 iliud
282 3243 434 3306 exemplum
453 3257 505 3292 non
524 3243 550 3292 in
570 3242 662 3292 uitium
680 3243 886 3292 domesticorum
905 3247 982 3305 parte
999 3245 1184 3296 collocandum
1207 3246 1303 3294 luisse.
1337 3243 1425 3303 Atque

200 3317 270 3368 adeo
287 3312 451 3378 probabilior
469 3313 549 3367 etiam
568 3313 637 3362 haec
656 3313 807 3362 coniectura
825 3316 882 3370 est,
907 3329 961 3377 qua
978 3316 1121 3364 delendum
1139 3329 1208 3370 m·
1231 3327 1314 3375 (ibam
1338 3313 1425 3362 altera

200 3388 255 3446 ilia,
275 3402 328 3452 qua
364 3379 399 3434 ici
416 3383 550 3434 excidisse
568 3385 683 3445 putatur.
1061 3406 1070 3419 κ

272 3451 326 3507 Sed
345 3400 410 3506 dum
433 3451 532 3504 bonesti
555 3451 634 3503 etiam
656 3448 689 3502 ab
713 3453 730 3516 †
754 3448 851 3518 infimis
875 3450 938 3502 eatis
961 3449 1036 3512 editi)
1063 3455 1225 3516 Conspiradt
1253 3463 1348 3501 omnes
1371 3451 1424 3500 mei

202 3530 309 3580 codices
339 3528 418 3592 atque
434 3525 535 3592 letiam,
560 3528 588 3572 ut
609 3524 688 3585 puto,
719 3522 902 3572 Beroiiuensie
925 3523 1037 3572 alterius
1059 3524 1188 3585 primaria
1210 3522 1345 3584 scriptura
1365 3534 1425 3571 cum

201 3602 336 3664 plerisque
355 3596 539 3654 Torreuianis,
566 3594 681 3644 editione
703 3593 862 3660 Mogontinu
886 3606 985 3657 eaque,
1011 3607 1065 3658 qua
1087 3606 1154 3642 usus
1178 3592 1221 3641 est
1238 3591 1374 3654 Kappius,
1397 3590 1425 3638 in

203 3671 291 3723 uerbis
316 3684 400 3735 supra
424 3684 441 3716 n
464 3681 507 3718 me
532 3666 640 3730 positis,
670 3665 765 3729 quibus
789 3663 850 3727 quin
881 3664 1021 3728 archetypi
1051 3661 1233 3715 testimonium
1260 3661 1426 3711 contineatur

203 3741 318 3792 dubitari
335 3756 388 3790 non
405 3740 504 3804 potest,
523 3753 581 3786 cum
602 3735 705 3786 interim
726 3734 804 3783 tacite
822 3733 993 3801 intellegatur
1010 3738 1094 3786 actu,
1114 3734 1184 3797 quod
1201 3734 1230 3782 in
1247 3731 1424 3782 deterioribus

202 3813 360 3876 quibusdam
378 3811 502 3861 inseritur
520 3811 583 3872 post
599 3805 707 3866 bonesti,
725 3805 908 3866 mutatumque
925 3802 988 3856 eatis
1005 3805 1031 3854 in
1047 3803 1186 3852 suntnihil
1196 3803 1250 3854 nisi
1257 3801 1425 3855 librariorum

203 3883 369 3934 coniecturas
388 3893 460 3940 esse,
479 3895 533 3930 nou
552 3878 745 3943 probabiliores
764 3891 843 3937 quem
862 3876 948 3938 Lipsii
966 3877 1043 3932 baec,
1060 3871 1161 3924 beau
1173 3871 1252 3924 ctiam
1269 3868 1302 3921 ab
1320 3868 1424 3937 infimae

202 3951 283 4004 sartis
301 3948 365 4002 editi
382 3948 507 4002 memoria
525 3965 578 3999 eoa
595 3945 750 3999 intercidat.
774 3947 819 3996 uei
837 3945 971 4001 Turrenii.
996 3941 1098 3994 mati
1120 3947 1195 3994 actae
1212 3939 1316 3994 eunici
1334 3937 1366 3991 ab
1384 3939 1423 3991 ite·

194 4022 270 4092 fimie
285 4020 339 4071 ciat
356 4017 421 4071 editi
438 4019 565 4072 mamone
582 4033 634 4068 coa
652 4013 820 4068 intercident,
840 4016 867 4063 in
886 4031 939 4078 qua
950 4014 1090 4063 ncLatine
1107 4015 1214 4079 quidem
1232 4025 1277 4065 ree
1295 4013 1425 4064 memoria

201 4094 358 4146 intercidere
377 4093 507 4150 dicuntur,
526 4105 586 4140 cum
604 4089 666 4152 ipsa
683 4102 772 4138 rerum
790 4086 922 4134 memoria
936 4085 1085 4134 intercidat.
1123 4085 1191 4135 Natu
1212 4086 1239 4134 in
1256 4083 1326 4134 Liuii
1344 4083 1377 4140 ii,
1395 4078 1422 4139 8.

203 4179 282 4232 quem
301 4163 391 4212 citauit
409 4157 563 4219 Turranius,
583 4155 670 4216 credo,
690 4155 752 4223 quic
768 4153 839 4206 nulia
855 4159 930 4220 pecta
947 4168 992 4205 rea
1008 4151 1135 4219 inciperet
1144 4150 1425 4221 seceritccmtctarr,

203 4231 328 4288 memmio
346 4229 521 4290 intercidisse,
540 4231 598 4282 sine
617 4229 696 4280 dubio
719 4228 864 4294 legendum
880 4222 1032 4276 amaricat
1054 4222 1229 4276 inercidieu.
1270 4224 1309 4274 ci.
1327 4221 1424 4272 Seoec.

203 4307 237 4358 de
254 4302 343 4354 benet.
361 4303 408 4362 iii,
430 4300 453 4353 l.
490 4302 618 4366 Suspicor
635 4299 758 4364 equidem
772 4297 908 4347 Valerium
926 4297 1073 4360 scripsisse
1090 4292 1216 4361 seddim
1227 4290 1328 4344 mii
1345 4289 1424 4340 edan

203 4371 237 4428 ab
255 4370 397 4424 inhonestis
415 4369 482 4425 editi
498 4368 624 4424 memorie
646 4382 699 4418 ectr
720 4363 876 4426 isturicict,
901 4369 928 4416 et
951 4381 1065 4418 acumen
1088 4381 1150 4428 eum
1174 4363 1344 4430 quaesiuisse
1361 4375 1423 4410 con·

202 4446 292 4498 trariis
310 4443 463 4494 notionibus
482 4442 637 4506 compositis
650 4440 745 4490 eodem
756 4449 869 4501 prorsus
887 4438 966 4487 modo
978 4440 1007 4486 ut
1024 4437 1056 4495 ii,
1075 4432 1101 4496 b,
1123 4431 1165 4493 15,
1183 4428 1425 4484 mutarim

202 4521 256 4578 tora
274 4513 407 4566 inhonesto
425 4511 530 4566 siccato
549 4507 671 4576 cantapia
688 4507 831 4560 iuncturae.
864 4568 867 4572 ι

276 4583 300 4639 l.
319 4585 358 4636 Oi.
370 4583 470 4640 Herod.
488 4585 533 4646 111,
558 4577 608 4636 139
627 4581 654 4634 et
670 4593 747 4646 seqq.
766 4577 857 4630 suae.
872 4576 959 4638 Xliii,
980 4574 1021 4640 it,
1040 4593 1067 4642 p.
1085 4571 1147 4630 uie.
1173 4573 1268 4628 Acin.
1285 4574 1313 4625 b.
1331 4565 1426 4631 lliib

203 4657 297 4710 lulian.
317 4670 360 4722 ep.
378 4651 423 4706 29.

1138 4733 1210 4800 26·
