3409 5400
270 491 336 559 502
735 478 808 547 ou.
817 472 1033 544 IVSTITIA..

273 658 411 717 nuerunt
433 649 520 713 enim
536 646 664 733 egregii
678 645 826 715 iuuenes,
850 639 945 704 cuius
968 638 1086 701 armed
1109 634 1289 721 periculum
1304 629 1515 697 uulneribus

274 768 304 821 et
327 756 487 843 sanguine
512 776 572 831 suo
596 750 819 821 defenderant,
843 748 915 810 eius
939 744 1043 831 togati
1064 743 1215 808 ultimum
1236 741 1425 806 discrimen
1448 758 1515 822 po·

274 864 400 929 testatis
434 862 580 949 insignia
607 857 782 921 retinentes
811 852 940 918 intueri.
997 849 1075 930 Qus
1106 849 1230 914 iustitia
1261 859 1355 911 mota
1391 844 1512 909 contio

275 964 402 1036 actione
425 966 634 1031 Hortensium
657 961 816 1025 desistere
840 959 961 1045 coegit.

234 1076 264 1141 3.
362 1073 433 1138 Nec
457 1107 476 1141 c
496 1092 533 1135 se
557 1092 596 1133 eo
619 1069 718 1141 facto,
741 1065 829 1153 quod
849 1065 1006 1153 sequitur,
1029 1061 1182 1127 exhibuit.
1228 1058 1312 1124 Cum
1328 1056 1384 1123 ii.
1398 1057 1512 1121 Grac·
1528 1078 1548 1119 s

276 1180 357 1246 chus
382 1190 413 1241 et
437 1176 473 1240 Ο.
498 1174 654 1239 Claudius
678 1174 720 1237 ob
744 1174 843 1237 nimis
859 1192 975 1235 seuere
992 1181 1123 1256 gestem
1138 1188 1314 1233 censuram
1337 1166 1512 1229 maiorem

169 1362 173 1371 ¹
277 1294 402 1373 partem
430 1284 569 1347 ciuitatis
600 1290 868 1367 exasperassent,
902 1277 991 1342 diem
1020 1277 1065 1340 iis
1098 1274 1136 1342 P.
1167 1272 1316 1360 Popilius
1350 1270 1513 1335 tribunus

281 1494 305 1549 l.
325 1496 405 1563 enim]
426 1500 485 1547 onte
503 1496 686 1545 sustinuerunt
705 1490 783 1545 Torr.
801 1492 892 1555 optimi
911 1487 943 1543 F.
956 1492 969 1560 ΙΙ
982 1485 1009 1543 3.
1026 1490 1165 1541 retinentis
1185 1484 1279 1540 CDB.
1289 1484 1304 1551 ΙΙ
1314 1488 1463 1537 commta
1480 1482 1517 1535 F.

292 1564 342 1633 114.
362 1568 534 1617 accusottone
552 1562 622 1618 DE.
641 1566 709 1616 ectio
728 1562 759 1617 F.
773 1562 786 1630 ΙΙ
799 1566 871 1631 cogit
884 1577 930 1628 pr.
949 1561 980 1613 A.
993 1560 1006 1627 ΙΙ
1023 1558 1049 1612 5.
1067 1561 1124 1611 Nec
1141 1588 1177 1598 -
1196 1556 1324 1623 exhibuit]
1343 1558 1415 1607 item
1433 1552 1503 1623 nt

281 1639 337 1690 Nec
350 1662 363 1690 a
376 1638 419 1703 ss]
439 1640 514 1698 Quse
533 1638 613 1687 etism
631 1636 737 1686 iusticie
754 1633 783 1685 ie
800 1648 898 1684 rostro
916 1630 951 1684 D.
970 1628 1033 1682 add.
1052 1634 1132 1682 etiam
1151 1630 1230 1680 aliter
1248 1625 1325 1679 Torr.
1337 1626 1351 1695 ΙΙ
1367 1626 1514 1693 sequitur!

283 1705 345 1760 odd.
364 1708 629 1771 dissimilemmorpo
646 1704 679 1757 A.
696 1706 710 1769 ΙΙ
726 1703 751 1758 t.
770 1706 801 1758 L.
821 1705 949 1754 Claudios
966 1702 1029 1755 Por.
1047 1699 1061 1770 ΙΙ
1080 1702 1106 1755 i.
1125 1702 1240 1751 cittitetis
1260 1701 1365 1763 perlem
1386 1695 1475 1747 Torr.
1489 1698 1505 1763 it
1614 1771 1615 1774 Ἴ

244 1796 247 1805 ·
281 1782 306 1829 is
320 1794 367 1847 pr.
385 1776 417 1831 A.
436 1778 477 1829 his
497 1779 573 1845 (hiis)
595 1774 823 1828 cuitrrrorr.
836 1773 849 1841 ΙΙ
863 1776 891 1825 Ρ.
911 1774 1039 1840 Popilius]
1055 1787 1215 1841 praenomen
1233 1785 1282 1822 ors.
1297 1769 1329 1821 A.
1347 1769 1376 1819 P.
1390 1769 1516 1819 Rutilios

307 1863 354 1901 ort·

285 2008 355 2071 quod
379 2021 509 2071 perquem
533 2008 597 2058 dure
628 2008 666 2056 ite
690 2010 771 2068 utque
796 2008 855 2057 sine
879 2007 935 2057 ullu
958 2004 1121 2057 necessitate
1136 2000 1249 2069 sstsros
1273 2000 1448 2051 irretientur
1476 2002 1518 2049 ab

286 2092 349 2133 erse,
368 2078 487 2127 intinitiui
504 2078 657 2143 praesentis
675 2078 803 2141 temporis
823 2079 857 2127 do
868 2077 956 2127 futuru
969 2076 1074 2125 actione
1086 2077 1148 2139 post
1166 2075 1259 2131 uerba,
1277 2086 1347 2133 quae
1360 2072 1515 2134 pollicendi
1612 2067 1614 2088 '

285 2150 419 2200 notionem
444 2150 557 2209 hubent,
582 2149 805 2210 quemadmodum
829 2146 935 2201 terrore.
965 2162 1019 2197 oon
1042 2147 1101 2195 sine
1125 2145 1188 2194 aliis
1206 2144 1338 2206 exemplis
1356 2144 1429 2193 sunt
1469 2143 1514 2191 ct

287 2222 407 2271 Oudend.
427 2222 462 2270 ad
479 2221 558 2271 lices.
576 2222 602 2271 b.
622 2220 652 2271 G.
672 2219 704 2277 11,
724 2215 766 2271 32.
794 2218 921 2269 Similiter
939 2218 1063 2268 Valerius
1084 2216 1140 2274 vti,
1159 2210 1222 2272 ss
1246 2214 1355 2277 scripsit
1371 2210 1516 2263 remittere

287 2288 377 2357 Scipio
396 2288 468 2341 illum
487 2286 688 2357 expeditiones,
713 2287 739 2339 st'
762 2304 836 2339 enno
861 2294 886 2339 et
909 2302 987 2355 equos
1003 2284 1131 2342 militibus
1151 2282 1209 2335 esis
1227 2281 1334 2335 tradere
1353 2280 1514 2340 mat.
1610 2343 1611 2360 χ

288 2360 378 2414 edixit.
414 2361 491 2426 Apud
512 2361 615 2411 iurandi
639 2361 750 2409 uerbum
773 2361 929 2409 infinitiuum
953 2359 1104 2422 proesentis
1127 2358 1274 2419 posuerunt
1296 2355 1385 2405 lt'ront.
1409 2356 1446 2403 ad
1471 2355 1513 2405 Μ.

289 2434 368 2485 coes.
387 2432 411 2481 lt
429 2446 471 2495 op.
492 2428 532 2483 rt.
560 2430 644 2483 Plani„
664 2430 739 2481 Pers.
759 2426 891 2489 111,2,2.
916 2429 963 2481 Sil.
982 2429 1041 2481 ltal.
1059 2429 1093 2486 li,
1111 2422 1173 2479 stt.
1197 2427 1321 2490 Calpem.
1339 2424 1392 2476 sic
1411 2424 1463 2474 ecl.
1483 2419 1512 2479 tt

288 2498 332 2555 58.
368 2502 450 2552 lullus
469 2502 556 2559 Paris,
575 2517 633 2551 eum
653 2501 721 2552 haee
740 2501 839 2551 vulerii
858 2503 943 2550 uerbo
960 2500 998 2549 ito
1015 2499 1146 2553 redderet.
1168 2494 1324 2547 §cremant
1339 2495 1368 2546 is
1385 2492 1514 2561 eqnclm

290 2587 346 2623 esee
355 2570 476 2637 soteres,
495 2571 520 2623 ei
537 2570 680 2639 imperator
698 2586 785 2623 eoram
803 2586 865 2621 reus
882 2576 949 2622 esset
963 2568 1092 2637 setores,
1117 2568 1181 2617 illud
1195 2565 1308 2632 sutores
1323 2568 1385 2631 ipse
1402 2566 1513 2615 uidebar

289 2644 491 2708 interposuisse,
511 2644 539 2691 ut
557 2644 695 2712 uulgarem
716 2644 818 2693 dicendi
837 2657 958 2692 normam
977 2642 1147 2704 sequeretur3
1172 2639 1327 2708 refragatur
1343 2638 1417 2687 certe
1435 2637 1513 2686 Peri·

290 2715 359 2763 zonii
378 2715 545 2764 coniecturae
563 2714 615 2763 hoc
633 2715 825 2778 compendium.

362 2779 488 2834 desistere
505 2782 597 2848 eoepit)
624 2785 698 2835 liceo
722 2801 815 2848 parum
840 2786 965 2833 aceiirsto
989 2798 1007 2833 a
1027 2783 1104 2832 Liuio
1127 2779 1270 2846 descripsit
1289 2779 1423 2831 veterius.
1459 2779 1512 2828 ille

292 2855 362 2904 enlm
381 2855 476 2916 sponte
494 2854 525 2905 It.
538 2855 708 2904 Hortensium
721 2856 885 2923 collegarum
897 2855 1023 2919 precibus
1041 2853 1170 2911 cessisse,
1189 2867 1276 2918 neque
1288 2853 1414 2916 pietatem
1434 2853 1511 2915 quat·

292 2927 352 2974 tuor
369 2924 532 2973 tribunorum
558 2940 636 2990 quam
658 2925 792 2974 Hortensii
815 2928 869 2974 tom
895 2925 1027 2989 placabile
1050 2925 1187 2994 ingenium
1211 2924 1312 2988 pariter
1337 2922 1409 2986 plebi
1427 2921 1511 2985 petri·

292 2998 397 3060 busque
416 2995 559 3061 gratiorem
578 2997 661 3046 tuisse
680 2995 769 3044 refert

364 3059 392 3115 3.
411 3065 449 3116 cl
467 3065 525 3116 Liu.
543 3065 638 3124 XLlIl,
660 3062 701 3116 lii.
720 3066 803 3116 Peulo
817 3066 895 3116 aliter
906 3066 1019 3116 eandem
1032 3081 1088 3117 rem
1100 3065 1279 3117 emoleret
1298 3065 1333 3114 de
1351 3064 1401 3114 uir.
1413 3063 1453 3115 itt.
1465 3058 1510 3114 tt.

365 3129 422 3185 Neo
439 3160 452 3187 n
465 3150 494 3186 se
512 3150 541 3186 eo
551 3135 643 3201 scoto)
658 3137 804 3186 Manifesta
815 3137 913 3187 tacens
924 3139 974 3194 est,
994 3139 1043 3187 sed
1057 3137 1161 3188 incerte
1172 3138 1238 3186 sede
1250 3137 1370 3186 uolneris
1381 3135 1508 3185 ineam

294 3206 448 3260 remedium.
484 3207 589 3257 Priores
607 3209 774 3275 grammatici
791 3223 851 3257 cum
870 3208 1027 3271 supplerent
1050 3206 1106 3258 Nee
1129 3222 1158 3258 se
1182 3207 1259 3259 etim
1280 3204 1361 3257 aliter
1377 3219 1408 3256 eo
1418 3204 1508 3270 sesto.

295 3274 364 3346 pood
374 3274 500 3344 sequitur.
520 3274 644 3331 oestuo.
664 3291 698 3330 ne
711 3281 899 3330 soloecismum
912 3279 1017 3340 quidem
1029 3279 1108 3330 ueriti
1122 3280 1193 3329 sunt.
1228 3277 1358 3341 Suspicor
1374 3277 1509 3327 Veterioro

296 3350 440 3413 scripsisse
458 3346 514 3400 Nec
531 3362 606 3399 secus
622 3363 651 3400 se
669 3351 712 3400 uel
731 3347 786 3400 Nee
803 3347 949 3414 repriorere
964 3363 993 3400 ee
1009 3364 1040 3399 eo
1055 3348 1136 3414 scoto
1154 3375 1189 3386 -
1208 3345 1336 3402 alitos
1361 3349 1407 3398 uel
1424 3347 1510 3397 merite

293 3421 385 3472 nescio
404 3420 474 3481 quid.

366 3489 396 3542 P.
415 3488 534 3557 Popilius
547 3488 670 3562 'mdeste
682 3488 779 3558 plebis)
797 3491 912 3540 Nimium
929 3495 1058 3553 quantum
1076 3491 1127 3541 sibi
1145 3491 1255 3541 indulsit
1271 3491 1393 3558 Pighius,
1413 3491 1442 3540 ut
1459 3491 1510 3539 dis·

206 3615 213 3628 ,
298 3561 462 3625 crepentiem
494 3562 600 3614 tolleret
633 3563 700 3613 ieter
728 3563 898 3612 Valerianum
927 3567 956 3613 et
978 3563 1118 3612 Liuianum
1147 3563 1226 3612 huius
1254 3561 1317 3612 iacti
1346 3561 1511 3611 rotationem.
1614 3570 1615 3575 ’

297 3633 367 3683 Nem
386 3647 403 3681 s
421 3633 497 3682 Liuio
516 3635 659 3683 accusator
676 3633 720 3683 itte
738 3635 861 3682 tribunos
879 3649 933 3684 non
951 3633 1082 3697 Popilius,
1107 3635 1155 3683 sed
1174 3633 1202 3684 P.
1220 3633 1333 3682 Rutilius
1352 3632 1512 3696 appellatur.

297 3703 444 3754 necessarii
463 3705 530 3760 eius,
549 3705 593 3765 qui
612 3703 718 3754 Vsterio
736 3705 849 3753 Rutilius
868 3708 919 3763 ost,
938 3719 1034 3754 nomen
1047 3704 1154 3754 omnine
1169 3704 1301 3760 reticetur,
1320 3703 1405 3753 cliens
1423 3705 1511 3752 auten

298 3774 435 3822 libertinus
453 3773 550 3824 tribuni
569 3775 653 3824 inisse
677 3775 796 3825 traditur.
838 3776 990 3826 Mutauerat
1014 3775 1095 3843 igitur
1116 3775 1243 3842 Pighius,
1267 3788 1317 3824 nee
1339 3775 1439 3831 semet,
1464 3774 1511 3823 sed

298 3844 350 3897 bis,
369 3841 463 3904 Popilii
482 3859 578 3894 nomeu
588 3845 614 3893 in
623 3845 719 3902 Rutilii,
739 3847 810 3907 qrrud
829 3845 925 3908 ipsum,
945 3847 987 3895 ubi
1004 3846 1154 3909 apparetis
1167 3846 1303 3896 codicibus
1314 3845 1511 3908 manuscriptis.

301 3911 406 3961 deleuit.
442 3911 606 3965 Rstetluntur
623 3929 691 3964 nune
710 3916 843 3965 temerarit
861 3917 920 3965 eius
940 3918 1067 3976 constes,
1091 3915 1187 3978 quibus
1205 3917 1285 3966 ulmis
1307 3917 1397 3965 securi
1415 3917 1513 3979 astipu-

300 3981 423 4029 labantur
441 3995 534 4031 omnes
554 3985 679 4047 deinceps
692 3987 816 4042 editores,
836 3987 992 4049 compendio
1005 3986 1084 4036 huius
1102 3987 1219 4050 exempli
1235 3986 1262 4036 in
1274 3985 1378 4036 Paridis
1390 3985 1513 4050 epitome,

301 4049 370 4112 quod
390 4049 590 4111 praetermissis
609 4055 670 4104 aliis
689 4057 722 4107 de
739 4057 838 4106 tribuni
857 4057 1041 4107 seminecum
1060 4057 1159 4107 Valerii
1177 4057 1250 4107 tibris
1268 4057 1409 4108 consentit.
1445 4060 1513 4116 Qua·

300 4121 410 4185 propter
427 4120 497 4168 huno
515 4123 671 4186 scriptorem
690 4127 833 4176 nutritium
853 4127 951 4178 iontem
971 4130 1091 4177 secutum
1110 4141 1175 4179 esse
1187 4129 1332 4178 credemus
1347 4130 1453 4192 oportet
1469 4129 1514 4176 sut

247 4263 250 4268 Ι
300 4194 389 4257 ipsum
408 4203 529 4250 errasse,
554 4207 623 4256 quse
647 4196 728 4245 mutto
751 4197 915 4260 probabilior
939 4200 982 4249 est
999 4199 1145 4256 sententio,
1170 4199 1275 4264 memet
1299 4211 1348 4247 cur
1369 4199 1396 4248 in
1420 4199 1513 4262 Popilii

301 4263 470 4330 potissimum
488 4277 584 4312 nomen
603 4263 723 4316 inciderit
739 4269 855 4317 nondum
873 4269 993 4320 diuinare
1011 4269 1092 4333 potui.
1129 4271 1227 4320 Dubito
1243 4273 1370 4333 praetere
1387 4271 1422 4320 de
1438 4282 1514 4334 pree·

301 4335 408 4386 nomine
421 4331 522 4398 Popilii.
560 4335 609 4394 Qui
628 4350 687 4384 eum
704 4337 793 4399 priore
812 4338 871 4388 loco
889 4340 916 4388 in
934 4341 1058 4391 omnibus
1076 4335 1211 4390 codicibus
1229 4342 1338 4404 praeter
1351 4342 1514 4393 tiernensem

302 4407 332 4456 P.
351 4405 469 4469 Popilius
488 4405 597 4463 dicetur,
617 4404 701 4455 altero
719 4407 778 4457 loco
797 4409 823 4458 in
841 4411 989 4476 archetypo
1007 4412 1075 4461 libro
1093 4411 1165 4462 certe
1183 4412 1290 4462 eratM.
1304 4412 1432 4475 Popilius.
1461 4411 1513 4460 Sed

302 4479 331 4526 ut
348 4475 401 4526 illic
420 4477 447 4525 in
464 4475 595 4526 Bernensi
615 4477 705 4528 codice
718 4477 802 4529 Publii
821 4482 885 4529 nota
903 4481 1028 4533 facillime
1046 4482 1156 4546 prepter
1168 4479 1412 4548 soquensPomttti
1423 4482 1513 4545 potuit.

303 4551 384 4612 atque
404 4547 528 4600 omittitur
546 4548 626 4597 eliam
638 4549 665 4598 in
678 4551 832 4613 compendio
851 4552 993 4614 epitomae,
1011 4554 1050 4602 ite
1067 4553 1152 4604 altero
1164 4554 1224 4603 loco
1236 4553 1371 4604 librarium
1384 4554 1515 4620 quendam

302 4615 693 4739 noiatgttittbsipnmptermem
712 4621 826 4672 litteram
839 4624 1024 4686 praecedentis
1035 4625 1159 4676 uocaboti
1170 4625 1306 4700 adiecisse
1322 4637 1376 4675 noo
1391 4624 1517 4676 mromt

304 4703 322 4736 e
490 4702 506 4738 e
527 4703 592 4739 oen.
