3409 5400
303 521 373 590 076
619 513 681 580 011
702 509 910 583 LVXVRIA
929 509 988 582 m
1008 507 1214 580 LIBIDINE.

262 679 296 746 5.
394 675 485 760 Quid
506 678 595 743 enim
617 675 683 742 sibi
703 675 806 742 uoluit
826 677 981 762 princeps
1012 695 1147 740 suorum
1173 681 1362 760 impurum
1385 667 1545 736 Metellus

303 785 387 854 Pius
409 797 505 859 tuuc,
533 805 609 852 cnm
636 785 671 848 in
692 781 857 870 Hispania
884 781 1045 847 aduentus
1076 802 1157 846 suos
1185 780 1229 845 ab
1255 777 1452 866 hospitibus
1476 779 1544 842 aris

305 907 339 959 et
359 903 430 958 ture
453 892 560 978 excipi
574 885 780 977 patiebatur?
803 910 879 954 oum
895 887 1045 954 Attalicis
1061 887 1186 952 aulaeis
1202 898 1373 952 contectos
1392 887 1544 972 parietes

303 1000 392 1067 laeto
420 999 531 1064 animo
557 991 766 1062 intuebatur?
800 1015 875 1060 cum
903 995 1092 1060 inmanibus
1121 993 1225 1082 epulis
1254 994 1543 1079 apparatissimos

304 1106 467 1194 interponi
487 1102 585 1169 ludos
607 1097 760 1168 sinebat?
787 1123 862 1168 cum
885 1099 1032 1187 palmata
1053 1114 1144 1168 ueste
1167 1101 1322 1166 conuiuia
1344 1099 1572 1165 celebrabatt

298 1213 539 1297 demissaeque
571 1206 783 1274 lacunaribus
816 1229 938 1274 aureas
973 1231 1115 1275 coronas
1143 1207 1232 1272 uelut
1258 1207 1401 1273 caelesti
1430 1207 1544 1293 eapite

303 1315 509 1406 recipiebat
539 1314 582 1382 Et
603 1314 660 1380 ubi
681 1313 772 1381 isui
801 1313 878 1380 Non
893 1317 927 1382 in
944 1315 1084 1382 Graecia
1098 1337 1204 1402 neque
1222 1315 1258 1379 in
1273 1315 1370 1390 Asia,
1395 1327 1545 1402 quarum

304 1426 434 1494 luxurie
456 1425 617 1491 seueritas
640 1423 716 1514 ipsa
737 1423 902 1509 corrumpi
925 1435 1065 1510 poterat,
1093 1422 1154 1489 sed
1181 1423 1216 1486 in
1243 1419 1384 1487 horrida
1413 1435 1450 1486 et
1474 1420 1545 1486 bel-

303 1534 412 1602 licose
438 1532 626 1621 prouincia,
660 1551 736 1595 cnm
764 1531 956 1616 praesertim
986 1531 1166 1596 acerrimus
1194 1529 1317 1607 hostis,
1352 1529 1544 1602 Semurius,

305 1641 532 1708 Romanorum
574 1636 775 1702 exercituum
812 1635 927 1704 oculos
962 1635 1130 1702 Lusitanis
1174 1635 1247 1702 telis
1285 1639 1544 1728 perstringeret
1556 1656 1578 1698 rc

306 1747 400 1813 Adeo
427 1747 475 1812 illi
501 1744 604 1839 patrie
633 1744 686 1808 sui
715 1740 890 1807 Numidica
917 1755 1027 1808 castra
1060 1743 1255 1810 exciderant
1311 1743 1411 1808 Patet
1439 1745 1545 1832 igitur

306 1875 406 1940 qnam
431 1851 528 1918 celeri
549 1850 688 1914 transitu
710 1847 837 1913 luxuria
860 1847 1029 1920 affluxerit.
1076 1849 1161 1918 Nam
1188 1851 1282 1916 cuiue
1305 1849 1546 1916 adulescentia

305 1960 435 2047 priscos
456 1978 569 2021 mores
591 1956 682 2033 uidit,
704 1969 859 2021 senectus
881 1979 989 2023 nouos
1012 1979 1089 2024 orsa
1113 1970 1173 2023 est.

264 2060 298 2127 6.
396 2062 584 2131 Consimilis
612 2064 748 2129 mutatio
780 2065 815 2128 in
850 2063 949 2130 domo
985 2065 1163 2130 Curionum
1192 2066 1301 2134 extitit.
1358 2065 1541 2153 Siquidem

170 2185 175 2196 '
273 2173 415 2248 <iorum
443 2183 593 2239 nostrum
621 2181 654 2236 et
682 2171 785 2258 patris
813 2171 1048 2258 grauissimum
1078 2171 1286 2258 supercilium
1316 2184 1350 2236 et
1380 2173 1441 2238 filii
1467 2185 1572 2238 ses-1⁵

307 2283 430 2346 centies
454 2281 639 2346 sestertium
662 2279 750 2344 aeris
774 2273 871 2341 alieni
888 2279 1024 2366 aspexit,
1049 2291 1250 2345 contractum
1265 2281 1401 2345 famosa
1415 2280 1540 2344 iniuria

304 2388 465 2457 nobilium
487 2389 655 2454 iuuenum.
699 2384 814 2471 ltaque
837 2385 953 2450 eodem
978 2397 1122 2472 tempore
1137 2387 1214 2452 etin
1228 2387 1333 2452 isdem
1356 2389 1538 2474 penatibus

307 2496 441 2561 diuersa
464 2494 600 2560 saecula
620 2492 823 2567 habitarunt,
849 2491 1109 2579 frugalissimum
1133 2493 1285 2572 alterum,
1314 2493 1457 2560 alterum
1482 2514 1537 2559 ne·

306 2600 514 2688 quissimum.

265 2700 296 2768 7.
396 2707 503 2773 Publii
526 2718 635 2772 aulem
659 2706 753 2772 Clodi
775 2708 932 2774 iudicium
957 2718 1078 2795 quanta
1099 2706 1226 2774 luxuria
1253 2718 1285 2773 et
1313 2708 1455 2776 libidine
1480 2711 1562 2777 ab-tt

306 2811 467 2881 undauiti
501 2811 539 2877 In
563 2834 639 2898 quo,
665 2824 701 2879 ut
722 2815 891 2880 euidenter
913 2816 1029 2881 incesti
1051 2816 1185 2881 cumino
1213 2838 1339 2883 nocens
1368 2840 1450 2884 reus
1480 2819 1535 2884 ab·

307 2920 498 2993 solueretur,
520 2911 635 2984 noctes
650 2932 873 2987 matronarum
896 2932 928 2987 et
950 2922 1206 2987 adulescentium
1228 2922 1387 2989 nobilium
1408 2946 1533 3013 magna

234 3032 239 3038 ”
307 3048 439 3091 summa
461 3039 590 3110 emptae
613 3028 775 3093 mercedis
797 3028 872 3094 loco
896 3028 1058 3095 iudicibus
1083 3040 1237 3118 erogatae
1261 3040 1348 3096 sunt.
1396 3030 1474 3111 Quo
1501 3032 1532 3095 in

306 3131 431 3221 flagitio
453 3142 521 3196 tam
545 3143 647 3199 taetro
670 3146 802 3221 tamque
828 3136 998 3223 multiplici
1028 3136 1160 3201 nesciae
1187 3138 1328 3223 primum
1353 3158 1453 3225 quem
1478 3137 1531 3200 dc·

306 3254 435 3317 testere,
459 3239 515 3327 qui
536 3241 624 3306 istud
639 3241 842 3329 corruptelae
859 3264 965 3330 genus
982 3244 1178 3331 excogitauit
1199 3266 1242 3309 au
1263 3244 1320 3330 qui
1339 3243 1555 3331 pudicitiam
1594 3267 1595 3309 P

306 3400 333 3457 2.
352 3405 379 3453 in
397 3416 447 3455 om.
464 3397 529 3453 EF.
539 3398 554 3468 ΙΙ
564 3404 710 3468 yspaniam
728 3400 757 3456 F.
774 3400 829 3472 113
847 3409 925 3455 turae
941 3418 988 3471 pr.
1005 3401 1037 3455 A.
1054 3400 1068 3470 ΙΙ
1085 3404 1236 3468 patiebatur
1252 3418 1302 3454 oar.
1319 3400 1351 3455 Γ.
1365 3401 1379 3469 ΙΙ
1397 3408 1427 3455 et
1446 3406 1529 3456 auleis

306 3471 366 3527 AF.
376 3475 390 3541 ΙΙ
401 3473 427 3527 4.
447 3475 566 3523 intuebat
583 3473 615 3526 F.
626 3474 640 3541 ΙΙ
651 3470 677 3527 5.
696 3476 815 3539 palinaio
832 3472 866 3527 E.
878 3474 891 3541 ΙΙ
903 3470 928 3527 6.
951 3476 1132 3540 dimissasque
1152 3472 1267 3527 AODE
1273 3470 1334 3525 1³1³.
1350 3472 1364 3539 ΙΙ
1381 3470 1407 3526 8.
1427 3476 1530 3527 luxurie

302 3560 349 3613 pr.
360 3544 393 3597 A.
404 3545 419 3613 ΙΙ
430 3550 457 3598 et
475 3546 607 3595 seueritas
627 3543 658 3599 Γ,
673 3542 685 3611 ΙΙ
698 3547 775 3609 ipsas
783 3560 829 3612 pr.
840 3545 876 3598 Ε.
888 3546 901 3612 ΙΙ
916 3542 956 3597 10.
969 3546 1103 3599 exercitus
1116 3542 1177 3611 1311
1193 3542 1231 3597 12.
1245 3545 1340 3595 sceleri
1351 3543 1389 3597 D.
1399 3546 1416 3613 ΙΙ
1429 3547 1530 3597 luxurie

301 3632 348 3686 pr.
366 3614 398 3669 A.
412 3614 426 3684 ΙΙ
442 3614 483 3668 id.
502 3616 528 3679 ς.
546 3612 566 3667 6
582 3631 632 3669 om.
650 3615 682 3669 Γ.
694 3616 707 3681 ΙΙ
719 3618 785 3665 Cum
803 3618 899 3667 similis
917 3613 948 3669 F.
966 3616 979 3684 Η
999 3611 1039 3668 16.
1058 3618 1210 3668 sexcenties
1229 3612 1348 3668 CDEF
1363 3620 1391 3667 et
1406 3630 1481 3669 eurr.

308 3686 385 3742 Torr.
400 3687 412 3752 ΙΙ
429 3683 469 3741 16.
488 3689 643 3738 sextertium
665 3683 782 3740 GDEF
796 3691 821 3737 et
833 3700 879 3753 pr.
898 3686 929 3739 Δ.
944 3688 956 3755 ΙΙ
974 3684 1015 3740 17.
1033 3713 1046 3739 ι
1059 3688 1151 3749 131116]Ι
1164 3685 1195 3738 Δ.
1211 3687 1225 3755 ΙΙ
1244 3682 1283 3738 18.
1302 3688 1416 3738 alterum
1440 3690 1481 3739 iro

1501 3614 1528 3673 Α.

306 3761 453 3815 liastmona,
477 3758 591 3808 alterum
614 3759 809 3824 iniquissimum
832 3755 868 3810 Ε.
884 3755 898 3823 ΙΙ
915 3756 958 3810 20.
982 3760 1009 3823 s.
1028 3757 1042 3808 7
1069 3773 1119 3808 om.
1137 3756 1169 3811 Γ.
1186 3756 1200 3824 ΙΙ
1217 3758 1319 3809 luxoria
1339 3772 1384 3825 pr.
1401 3756 1436 3809 A.
1455 3704 1530 3827 1183

306 3837 419 3897 rugatae
436 3827 469 3881 F·
483 3825 553 3898 1124.
571 3832 627 3879 iam
645 3832 731 3879 taetro
749 3828 870 3894 iamque}
889 3828 918 3879 itt
935 3842 1033 3880 rasura
1050 3826 1082 3881 Α.
1094 3828 1108 3895 ΙΙ
1119 3828 1266 3895 multiplici]
1285 3826 1389 3879 litterae
1406 3831 1485 3880 mulli
1505 3828 1529 3879 t'e

305 3914 403 3951 rasura
414 3896 472 4021 Api]
487 3901 629 3950 detesteris
647 3896 706 3961 (red
716 3896 820 3950 litterae
831 3900 856 3949 is
869 3897 897 3948 io
909 3901 1018 3964 rurore)
1031 3897 1067 3953 D.
1086 3902 1203 3952 detester
1216 3898 1252 3953 Ε.
1271 3901 1402 3951 delectem
1414 3898 1449 3953 F.
1467 3896 1529 3952 add.

306 3976 393 4022 utrum
411 3968 439 4021 D
470 4008 477 4023 .
496 3967 559 4021 add.
579 3985 614 4019 au
631 3968 743 4022 ETorr.
755 3970 768 4038 ΙΙ
780 3966 823 4023 te.
843 3970 1014 4033 corruptibile
1034 3968 1062 4025 0.
1077 3967 1089 4038 ΙΙ
1104 3985 1180 4023 suam
1200 3972 1352 4037 pudicitiam
1373 3968 1452 4024 Tot-r.

306 4116 335 4166 ui
351 4111 653 4165 excusaretautlenller
666 4111 817 4175 increparet
827 4116 952 4162 auctores
963 4112 1033 4163 illius
1046 4114 1187 4173 sermonis,
1206 4114 1275 4179 quod
1294 4128 1401 4171 nouam,
1420 4114 1469 4165 sed
1490 4116 1528 4164 in·

304 4190 445 4239 nocentem
467 4184 604 4235 etiamtum
629 4182 773 4241 lautitiam,
796 4198 877 4243 quam
902 4184 962 4233 ideo
984 4184 1102 4236 nondum
1126 4186 1256 4235 luxuriam
1280 4184 1412 4249 appellat,
1436 4184 1527 4235 incho-

306 4258 532 4318 necutrumque
550 4254 668 4318 posteris
687 4254 792 4304 tradere
811 4254 970 4305 maluissent
994 4271 1074 4320 quam
1093 4256 1221 4307 maiorum
1240 4256 1438 4307 continentiam.
1472 4252 1527 4306 Sed

305 4343 408 4393 anceps
425 4330 534 4379 haereo.
572 4324 684 4373 Omnem
703 4336 768 4373 uero
787 4324 861 4373 iliam
880 4328 1089 4377 controuersiam
1106 4328 1176 4379 inter
1192 4326 1334 4379 Domitium
1353 4329 1379 4375 et
1398 4328 1527 4376 Crassum

305 4403 383 4453 aliter
400 4401 481 4465 paulo
499 4403 535 4455 et,
554 4398 583 4446 ut
592 4395 656 4445 mihi
667 4395 773 4455 quidem
787 4396 898 4453 uidetur.
918 4399 1015 4449 rectius
1028 4402 1110 4459 atque
1122 4399 1211 4463 aptius
1223 4398 1347 4462 exposuit
1358 4396 1460 4448 Plinius
1472 4396 1488 4447 l.
1504 4412 1526 4445 e

376 4469 403 4523 5.
422 4472 463 4522 Gi.
480 4469 591 4521 Sallust.
609 4467 674 4516 hiet.
691 4480 735 4527 ap.
755 4466 874 4519 Macrob.
893 4464 949 4520 Sal.
969 4468 1001 4526 11,
1020 4465 1045 4521 ll.
1064 4469 1131 4521 Plul.
1151 4470 1243 4533 Pomp.
1264 4465 1305 4521 18.

376 4539 402 4595 6.
421 4544 460 4594 01.
479 4542 532 4594 Cic.
550 4539 623 4589 erut.
641 4532 685 4595 81,
702 4532 765 4591 280.
788 4536 856 4590 Veli.
875 4538 907 4594 11.
925 4534 969 4597 48.
989 4536 1014 4592 3.
1037 4539 1106 4591 Plul.
1119 4540 1198 4593 Caes.
1210 4534 1253 4593 29.
1277 4540 1348 4605 App.
1362 4540 1412 4591 cin.
1428 4538 1464 4598 11.
1482 4533 1524 4591 26-

304 4610 406 4664 Lucan.
426 4613 446 4672 1,
463 4608 527 4665 263.
552 4612 603 4661 Dio
622 4610 700 4662 Caes.
717 4608 777 4665 xi„
795 4603 831 4659 60
848 4625 875 4674 p.
892 4604 946 4665 258
964 4610 1049 4663 Reim.

376 4680 403 4732 r.
421 4684 460 4734 cr.
478 4685 532 4735 cre.
549 4683 585 4731 au
602 4681 655 4733 att
674 4681 694 4740 1.
715 4676 756 4740 to.
775 4674 793 4731 5
811 4682 839 4731 et
861 4678 900 4740 te.
919 4676 951 4739 ³³
975 4678 1323 4747 re.n1²u.³it‚et.pr0
1341 4682 1396 4734 nnn
1413 4674 1460 4741 32
1482 4676 1521 4733 et.

305 4746 397 4805 eonon
413 4750 482 4805 Βοὴ.
499 4754 528 4803 lo
546 4752 598 4803 cto
618 4752 692 4805 croi.
709 4766 755 4817 pp.
773 4745 835 4816 331,
852 4746 916 4815 338,
933 4746 987 4805 332
1005 4752 1049 4805 Or.
1067 4751 1163 4811 senaa
1181 4769 1225 4822 ep.
1243 4754 1278 4806 ad
1295 4754 1361 4807 Lae.
1379 4749 1422 4807 01.
