3409 5400
328 519 392 586 782
460 510 593 597 QVAM
614 508 857 594 EXQVISITA
880 511 1103 581 CVSTODIA
1123 508 1199 580 VSI
1221 512 1322 581 SINT
1342 511 1448 580 ETG.

414 675 599 742 Masinissa
614 693 682 750 rex,
704 693 822 758 parum
834 675 911 740 fidei
931 677 967 740 in
982 676 1169 762 pectoribus
1184 675 1357 740 hominum
1372 693 1555 759 reponens,

327 783 466 850 salutem
495 802 591 846 suam
620 765 770 846 custodia
798 802 916 853 canum
942 782 1086 848 uallauit.
1137 781 1213 862 Quo
1241 792 1307 844 tam
1335 779 1404 844 late
1435 790 1555 866 patens

327 885 527 976 imperiumi
557 907 622 973 quo
646 895 771 952 tantum
794 887 969 953 liberorum
993 886 1188 954 numerum?
1218 909 1282 974 quo
1310 887 1465 973 denique
1493 899 1554 950 tam

329 1009 401 1060 arta
422 993 644 1058 beniuolentia
667 993 874 1056 constrictam
897 993 1083 1058 Romanam
1112 993 1303 1066 amicitiam,
1332 995 1363 1056 si
1397 993 1445 1056 ad
1474 991 1553 1055 haee

329 1101 450 1166 tuenda
472 1098 553 1164 nihil
576 1099 693 1162 canino
715 1098 835 1163 latratu
858 1121 898 1162 ac
919 1121 1033 1164 morsu
1056 1100 1216 1164 ualentius
1240 1095 1354 1161 duait?
1566 1109 1575 1148 ¹

287 1209 317 1276 3.
416 1205 488 1272 Hoc
511 1225 591 1291 rege
613 1203 774 1268 infelicior
793 1203 988 1280 Alexander,
1012 1208 1105 1270 cuins
1128 1203 1322 1291 praecordia
1343 1202 1426 1268 hinc
1455 1224 1556 1272 arnor.

328 1312 405 1378 hinc
428 1321 534 1376 metus
551 1321 722 1376 torserunt.
767 1309 853 1375 Nam
870 1332 945 1374 cum
961 1313 1087 1377 inlicito
1110 1311 1227 1376 ardore
1250 1311 1407 1395 coniugis
1424 1307 1555 1372 Thebes

330 1427 501 1492 teneretur,
524 1416 567 1480 ad
590 1416 730 1481 eandem
753 1437 793 1479 ex
816 1415 921 1500 epulis
942 1418 978 1480 in
1000 1417 1181 1481 cubiculum
1200 1416 1349 1488 ueniens,
1373 1413 1556 1476 barbarum

330 1533 549 1610 conpunctum
576 1523 662 1586 notis
691 1521 838 1587 Thraciis
871 1524 981 1587 stricto
1009 1522 1120 1609 gladio
1149 1521 1281 1585 iubebat
1313 1520 1465 1592 anteire,
1501 1539 1556 1581 nec

329 1633 419 1717 prius
443 1651 480 1694 se
502 1628 621 1693 ibidem
643 1627 726 1692 lecto
751 1629 971 1710 committebat
993 1649 1093 1714 quam
1109 1650 1131 1690 a
1152 1625 1360 1712 stipatoribus
1378 1623 1569 1710 diligenter·

330 1747 419 1801 esset
441 1745 614 1800 scrutatus.
660 1734 863 1818 Supplicium
890 1736 973 1799 irato
1002 1734 1137 1798 deorum
1166 1733 1297 1796 numine
1320 1732 1557 1816 compositum.

329 1859 436 1927 nsque
450 1839 699 1926 libidinineque
715 1841 821 1904 timori
837 1861 938 1924 posse
953 1842 1125 1925 imperare.
1173 1838 1273 1902 (iuius
1290 1836 1421 1900 timoris
1437 1836 1556 1901 eadem

330 1957 363 2008 et
389 1966 492 2009 causa
519 1955 551 2007 et
578 1945 652 2008 linis
680 1945 748 2011 fuit.
795 1945 1016 2010 Alexandrum
1047 1947 1133 2008 enim
1163 1942 1271 2007 Thebe
1300 1940 1480 2026 pellicatus
1510 1943 1555 2004 ira

331 2062 419 2116 mota
441 2051 610 2117 interemit.

334 2192 358 2247 1.
376 2194 434 2259 rex]
455 2189 517 2246 add.
537 2194 701 2244 numidarum
720 2195 819 2258 populo
843 2208 953 2244 romano
976 2195 1155 2245 amicissimus
1173 2189 1208 2244 Ε.
1228 2190 1241 2260 Ι(
1258 2187 1284 2241 2.
1308 2189 1437 2238 custodia
1450 2207 1469 2237 a
1486 2185 1543 2250 Al

332 2259 357 2316 ³.
375 2267 465 2314 tantus
483 2261 597 2317 DTorr.
616 2265 670 2314 tam
691 2262 719 2315 C.
731 2263 744 2330 (1
757 2273 883 2314 numerus
901 2261 1012 2314 DTcrr.
1024 2263 1038 2329 (Ι
1054 2263 1080 2314 4.
1103 2262 1173 2327 anal
1199 2263 1305 2313 armata
1322 2257 1356 2310 Γ.
1374 2257 1390 2325 ΙΙ
1410 2261 1555 2308 consinus

331 2331 527 2386 ACDl'Torr.
547 2339 573 2384 et
590 2340 649 2386 ante
661 2337 715 2383 tarn
729 2336 788 2384 arta
800 2331 834 2386 E.
847 2333 862 2400 ΙΙ
873 2349 984 2386 romana
997 2336 1113 2384 amicitia
1124 2329 1206 2384 ACD
1214 2330 1291 2384 Torr.
1309 2331 1432 2380 cornicilia
1445 2345 1553 2378 romana

332 2403 367 2458 B.
382 2405 394 2472 i]
408 2403 434 2458 5.
454 2405 518 2456 dixit
535 2403 566 2456 Γ.
579 2404 592 2472 Ι(
603 2402 628 2456 e.
647 2405 754 2454 inferior
772 2403 806 2456 E.
821 2401 833 2472 ΙΙ
848 2405 873 2457 7.
892 2406 980 2455 thebis
993 2402 1022 2455 D
1042 2410 1068 2455 et
1084 2417 1152 2455 corr.
1165 2401 1196 2456 A.
1211 2402 1223 2469 ΙΙ
1237 2400 1263 2454 ll.
1276 2401 1450 2450 coniunctum
1471 2397 1553 2450 ΟΜ

333 2480 358 2526 et
371 2489 415 2542 pr.
434 2472 491 2596 Alii
503 2477 591 2526 nothis
609 2473 640 2526 A.
659 2477 752 2524 nochis
773 2473 801 2527 0.
814 2475 827 2541 Ι(
839 2477 939 2525 thracis
958 2471 980 2524 0
997 2479 1022 2525 ei
1034 2489 1079 2542 pr.
1098 2474 1130 2525 A.
1148 2476 1257 2524 threicia
1276 2485 1347 2521 corr.
1359 2467 1393 2522 A.
1413 2471 1511 2520 traciis
1521 2467 1552 2520 E.

332 2547 442 2595 trahetis
482 2584 488 2597 .
508 2545 637 2596 Threiciis
661 2541 737 2596 Tor-r.
754 2544 768 2612 Ι(
785 2547 897 2612 ant[eire
915 2573 950 2584 -
968 2542 1036 2610 (iu.)
1060 2545 1169 2610 ibildcm
1187 2540 1300 2610 «41110.
1317 2541 1432 2606 ibidem]
1452 2556 1503 2591 οι
1520 2537 1552 2589 D.

332 2617 402 2665 idern
421 2612 510 2666 ΟΕΓ.
523 2612 536 2680 (Ι
549 2615 639 2680 [quam
654 2643 687 2652 -
701 2615 852 2682 dilligenter
869 2614 901 2668 A.
913 2615 928 2681 1(
940 2612 980 2666 11.
999 2615 1145 2680 scrutat[us
1160 2641 1192 2651 -
1208 2613 1289 2679 lraltu
1305 2610 1336 2662 A.
1348 2609 1363 2677 Ι(
1375 2609 1505 2676 deorIum
1522 2636 1553 2645 -·

333 2682 400 2751 (14.)
418 2686 560 2752 interemit]
579 2683 610 2738 A.
620 2685 637 2753 ii
649 2682 689 2739 12.
710 2687 802 2753 posse]
823 2703 887 2740 esse
904 2685 940 2741 Ε.
955 2683 968 2754 ΙΙ
986 2687 1066 2737 Cuius
1084 2714 1119 2724 -
1138 2680 1205 2751 (14.1
1223 2683 1355 2736 interemit
1371 2696 1426 2735 era.
1445 2680 1476 2733 Γ.
1493 2679 1507 2747 (Ι
1524 2681 1551 2728 ti·

333 2757 426 2824 moris]
445 2760 564 2821 tempore
582 2755 613 2809 C.
632 2759 717 2807 timori
735 2754 844 2813 ETorr.

404 2877 430 2931 2.
451 2892 499 2945 pao
523 2883 621 2929 tratum
644 2876 786 2933 liberorum
808 2889 952 2938 summm)
980 2884 1075 2933 Notum
1099 2881 1142 2931 est
1165 2880 1268 2930 dicendi
1291 2891 1392 2947 genum
1419 2892 1474 2944 qao
1496 2873 1553 2926 nib‘

331 2946 401 3011 (tibi)
417 2947 485 2999 tanc
502 2962 564 3006 rear,
584 2953 712 3015 sequente
730 2950 755 3001 si
773 2956 819 3003 aut
835 2951 890 3004 aiei
906 2955 940 3003 ad
959 2954 1153 3022 insigniendam
1168 2951 1305 3000 utilitatem
1317 2949 1362 2998 nel
1374 2948 1550 2997 commodam.

333 3020 405 3082 quod
423 3032 457 3069 ex
476 3019 566 3083 aliqua
584 3035 612 3069 rs
633 3022 736 3083 prodire
754 3028 868 3087 poterat.
888 3026 937 3074 sed
950 3039 1003 3073 non
1017 3021 1113 3087 prodiit
1131 3022 1177 3070 aut
1195 3022 1330 3084 proditura
1347 3022 1390 3069 est
1410 3020 1467 3068 snb
1485 3021 1552 3068 certa

334 3089 496 3140 condicione.
515 3088 554 3140 Cf.
573 3091 686 3141 Phaedr.
705 3092 759 3142 iub.
778 3094 822 3149 lll.
843 3092 886 3153 18.
905 3090 931 3146 s.
954 3096 1032 3145 Ouid.
1048 3108 1130 3143 amor.
1142 3092 1186 3147 ill,
1205 3087 1232 3148 4,
1250 3087 1293 3140 41.
1315 3090 1414 3139 Senec.
1426 3090 1462 3139 de
1471 3090 1550 3150 tranq

334 3160 413 3212 anim.
430 3155 458 3211 il.
482 3160 566 3213 Beati.
580 3162 618 3210 ad
640 3162 702 3214 rior.
722 3178 781 3227 epp.
800 3161 875 3223 1.5.
900 3162 942 3217 lh
966 3166 1080 3215 Gronou.
1099 3164 1132 3211 ed
1157 3160 1252 3211 Senec.
1271 3162 1375 3225 quaest,
1392 3162 1454 3209 nat.
1471 3158 1493 3217 1.
1516 3152 1551 3211 it

334 3246 361 3295 p.
379 3225 441 3283 650.
465 3231 555 3283 llladu.
573 3246 687 3301 gramm.
706 3234 732 3297 s.
752 3229 812 3285 110.
848 3236 888 3285 Eo
905 3250 1007 3303 genere
1031 3234 1187 3284 sinednbio
1206 3233 1334 3281 hocloco
1353 3244 1423 3280 usus
1444 3234 1489 3279 est
1507 3229 1551 3275 Va·

334 3302 425 3360 larius,
445 3302 550 3353 etiarnsi
570 3303 688 3361 datiuum
707 3316 839 3367 personae
859 3322 911 3356 non
931 3306 1034 3356 adiecit.
1071 3303 1121 3353 Vix
1141 3303 1209 3352 enim
1223 3302 1347 3352 credibile
1366 3303 1412 3351 est
1433 3301 1551 3349 librarios

334 3375 435 3423 rectum
451 3386 547 3422 eastum
565 3376 652 3423 matus
662 3402 698 3413 -
711 3388 832 3426 nummos
850 3379 999 3427 mutaturos
1017 3376 1102 3425 luisse
1121 3376 1148 3423 in
1167 3374 1357 3426 accusatiuum.
1376 3386 1441 3421 curn
1454 3372 1550 3420 interim

336 3442 459 3497 facillime
478 3444 504 3493 in
523 3446 697 3508 sequentibus
720 3444 887 3496 contriciam
908 3444 1053 3498 &mamm
1071 3441 1215 3494 amicitiam
1238 3442 1384 3491 occursatiui
1409 3446 1498 3491 notae
1515 3456 1552 3489 er·

335 3514 424 3563 cidere
442 3515 580 3579 potuerint.
616 3515 714 3579 Recepi
732 3517 863 3567 euadente
882 3517 977 3584 Pighio
996 3518 1065 3577 quod
1085 3531 1101 3565 e
1119 3515 1271 3564 coniectura
1288 3514 1341 3561 iarn
1360 3515 1498 3575 posuerat
1514 3512 1552 3559 ab

335 3584 471 3634 breuiator
490 3583 724 3651 Guelferbytanus.
743 3586 794 3637 nisi
813 3589 882 3653 quod
902 3588 944 3637 hic
962 3588 1033 3637 maio
1052 3587 1158 3637 retinuit
1175 3580 1325 3634 contrista.

334 3724 365 3774 ΡΙ
405 3648 441 3771 ³l’
450 3654 488 3774 (lli.
508 3654 564 3777 cili
580 3658 612 3705 de
631 3654 676 3707 eii.
695 3654 727 3713 11.
747 3654 772 3717 1,
791 3654 839 3716 25(
864 3659 899 3709 id.
924 3659 958 3708 de
975 3658 1074 3707 iuuant
1092 3657 1129 3715 li.
1149 3652 1197 3713 49.
1219 3651 1275 3705 144.
1300 3651 1377 3703 Ouid.
1401 3652 1475 3705 ibid.
1499 3646 1553 3703 ³2⁸.

367 3728 402 3774 ui.
442 3732 511 3787 cop.
565 3761 572 3775 .

406 3807 454 3844 aec
467 3792 547 3861 prius
563 3810 592 3846 ae
610 3792 706 3845 ididem
724 3794 790 3847 lecto
812 3796 997 3863 committebat)
1025 3797 1065 3846 ita
1088 3796 1201 3864 Pighius
1223 3796 1317 3851 tacite.
1341 3794 1390 3843 sed
1415 3794 1554 3845 lenissima

334 3864 480 3913 mutatione
499 3866 526 3914 et
543 3867 699 3915 necessario
718 3871 869 3919 emendanti
887 3870 1014 3919 librorum
1033 3869 1190 3932 scripturam
1211 3881 1240 3916 oe
1256 3863 1333 3916 ideas.
1371 3864 1471 3929 Neque
1490 3874 1553 3915 meto

335 3934 474 3983 oblocutus
493 3936 536 3985 est
554 3936 684 3993 Veratius.
721 3939 911 4004 Praeterquam
930 3940 1001 3989 enirn
1023 3940 1092 4004 quod
1113 3938 1183 3987 male
1207 3950 1238 3986 se
1256 3938 1368 3986 haberet
1391 3930 1481 3994 idea.
1502 3948 1553 3984 con

334 4004 414 4053 medo
434 4006 614 4067 praecesserit
632 4004 747 4067 easdem
768 4012 1005 4059 demonstratluum
1023 4023 1170 4073 pronomen
1182 4012 1307 4057 maerente
1318 4008 1413 4057 eodem
1435 4008 1553 4057 subiecto

335 4088 388 4124 non
407 4072 493 4137 seium
513 4076 627 4125 otiosum
647 4082 729 4137 esset,
749 4082 796 4130 sed
816 4082 897 4130 etiarn
916 4082 1022 4130 omnine
1041 4094 1139 4129 nouum
1156 4080 1335 4128 introduceret
1352 4078 1436 4127 alieni
1456 4076 1554 4127 timoris

335 4144 529 4201 documentum.
549 4146 573 4195 si
591 4146 660 4195 idem
680 4149 831 4200 Alexan-der
848 4151 977 4205 Phorcus.
993 4151 1232 4214 quotienscumque
1244 4149 1360 4197 corbitam
1377 4149 1439 4204 iret.
1462 4149 1554 4197 lecton

336 4228 413 4265 suurn
432 4230 449 4263 a
467 4216 641 4279 stipatoribus
659 4220 774 4284 perquiri
792 4221 908 4270 iussisse
927 4222 1069 4277 diceretur,
1092 4236 1151 4269 arm
1170 4222 1260 4268 tamea
1278 4219 1368 4268 arania
1385 4218 1475 4277 baec.
1501 4229 1553 4265 eon

336 4286 556 4350 praecedentibus
584 4288 641 4336 arie
670 4292 854 4348 cohaerentia,
882 4293 916 4340 de
937 4292 996 4341 solo
1017 4291 1140 4357 coniugis
1167 4293 1262 4339 timore
1284 4288 1472 4354 intellegenda
1498 4288 1553 4335 aiat

335 4356 458 4407 Notabile
481 4356 622 4419 praeterea
646 4362 688 4409 est
710 4364 842 4410 scrutatus
865 4364 932 4410 earet
954 4362 1071 4424 patiendi
1095 4361 1247 4429 significatu
1272 4360 1403 4421 positum.
1426 4358 1553 4419 quemad·

335 4428 442 4550 mcpppp
466 4430 501 4477 ab
525 4427 713 4480 humiliare.
733 4430 844 4479 xxviii
852 4465 860 4489 ,
881 4428 909 4488 i.
932 4426 971 4480 10.
996 4432 1035 4482 Gi.
1055 4431 1138 4482 l'rise.
1157 4431 1226 4488 viu.
1248 4446 1274 4492 p.
1293 4424 1354 4479 rtis.
1377 4428 1446 4479 Non.
1466 4420 1553 4484 vlit

410 4564 491 4618 Casiis
508 4566 621 4633 timeris)
648 4570 784 4619 lidebatur
806 4571 887 4639 uulgo
910 4568 1007 4624 timori.
1043 4572 1085 4622 De
1109 4572 1251 4635 archetypi
1271 4570 1404 4633 scriptura
1419 4568 1488 4617 nihil
1506 4568 1553 4615 boe

337 4637 397 4685 loco
416 4638 619 4697 affirmsuerirn,
647 4640 776 4701 siquidem
803 4656 873 4705 quae
890 4642 1036 4693 Bernensis
1059 4643 1127 4692 iiber
1154 4643 1216 4692 olim
1241 4639 1401 4691 exhibuerat
1429 4638 1486 4704 legi
1510 4647 1551 4684 ns·

341 4708 439 4767 queunt
462 4708 515 4755 situ
533 4709 629 4766 deleta.
649 4708 820 4762 abbreulutus
840 4715 929 4762 autern
949 4713 1175 4777 Guelferbytanus
1193 4712 1284 4761 emnia
1300 4711 1370 4763 haec
1388 4708 1473 4761 uerba
1490 4704 1550 4755 ⁰¹²5·
