3409 5400
302 585 336 651 2.

304 1121 334 1187 3.

304 1545 335 1611 4.

344 424 411 492 622
654 419 714 488 ΒΕ
737 416 904 486 STVDIO
924 415 979 486 ΕΤ
1001 412 1253 484 INDVSTRIA.

434 583 535 648 Cuius
547 582 686 646 mirifica
698 579 818 667 proles,
830 581 965 665 propior
978 580 1076 644 aetati
1086 588 1220 644 nostrae
1235 575 1331 650 Ceto,
1344 575 1397 638 ite
1413 573 1589 636 doctr-ins

346 691 521 777 cupiditate
545 688 697 774 flagrauit
719 699 753 752 ut
774 708 816 752 ne
838 689 873 753 iu
896 687 987 752 curia
1002 684 1145 772 quidem.
1167 683 1244 748 dum
1269 695 1419 746 senatus
1453 681 1589 766 cogite.

345 807 541 884 temperaret
562 796 701 880 sibique
724 796 834 858 minus
851 793 997 858 Graecos
1013 792 1116 857 libros
1132 792 1298 855 lectitaret.
1348 787 1440 868 Qua
1463 787 1589 874 quiden

344 904 504 968 industrie
527 901 669 966 ostendit
691 901 764 966 aliis
788 911 937 983 tempora
960 899 1094 972 deesse,
1126 896 1208 961 alios
1238 917 1433 981 superesse
1471 907 1587 978 temp-

343 1011 446 1076 ribus.
635 1067 640 1072 .
1588 1023 1589 1062 t

435 1116 604 1180 Terentius
633 1124 741 1178 autem
765 1112 889 1185 Varro,
917 1110 1082 1176 humanae
1110 1111 1197 1175 nime
1225 1109 1382 1192 exemplo
1414 1119 1457 1170 et
1490 1109 1582 1192 spari·

345 1223 560 1296 semitertius,
583 1243 650 1286 non
673 1222 785 1295 unitis,
816 1219 934 1306 quibus
963 1217 1086 1282 saeculi
1115 1229 1242 1301 tempus
1272 1217 1461 1300 aequauit,
1497 1236 1580 1298 ques

347 1329 421 1394 stilo
444 1330 592 1393 uiuacior
613 1329 683 1394 fuit.
734 1327 772 1391 ln
801 1325 916 1391 eodem
946 1326 1033 1388 enim
1061 1322 1178 1388 lectulo
1210 1335 1242 1386 et
1271 1323 1412 1407 spiritus
1453 1323 1533 1384 eius
1561 1342 1579 1378 e·

346 1438 554 1523 egregiorum
578 1457 715 1521 operum
738 1455 855 1498 cursus
880 1433 1036 1498 extinctus
1062 1441 1121 1495 est.

435 1544 622 1608 Consimilis
645 1540 910 1627 perseuerantiae
925 1537 1039 1602 Liuius
1062 1536 1201 1609 Drusus,
1226 1537 1282 1622 qui
1305 1536 1431 1600 aetatis
1463 1534 1589 1597 uirile-l

347 1661 379 1714 et
401 1653 473 1715 scie
495 1649 665 1714 oculorum
688 1648 845 1721 defectus,
869 1647 921 1709 ius
945 1643 1040 1708 ciuile
1064 1643 1182 1729 populo
1210 1643 1464 1728 benignissime
1490 1642 1579 1703 inre:-

851 1769 1064 1784 *un-un·—

348 1842 371 1898 1.
390 1846 513 1908 proprior
530 1839 556 1893 F
574 1847 600 1894 et
611 1858 658 1912 pr.
675 1840 708 1894 A.
724 1840 738 1908 ll
754 1839 779 1893 2.
804 1842 931 1964 impleuit
950 1855 995 1908 pr.
1017 1837 1050 1892 A.
1070 1835 1083 1908 ΙΙ
1102 1839 1127 1890 in
1147 1835 1220 1890 curii
1237 1853 1283 1906 pr.
1306 1835 1339 1888 A.
1365 1839 1393 1887 in
1419 1839 1500 1888 iuria
1523 1833 1564 1886 ί’.’

347 1914 461 1982 cogitur}
485 1912 534 1965 litt.
552 1916 603 1964 itur
620 1913 649 1965 is
666 1927 763 1964 rasere
782 1910 811 1964 A.
824 1912 838 1980 ΙΙ
868 1951 875 1965 .
894 1913 976 1962 libros
996 1913 1113 1963 tiruecos
1135 1907 1211 1961 Torr.
1223 1907 1273 1976 114.
1292 1911 1471 1972 temporibus
1493 1923 1574 1970 snper

346 1999 412 2036 esse
431 1983 509 2037 Tere.
524 1981 537 2053 ll
550 1982 577 2035 u.
596 1986 746 2049 exemplum
765 1981 821 2049 llll
834 1983 872 2049 et]
892 1985 990 2034 eetutls
1009 1981 1037 2035 Γ.
1049 1981 1174 2052 ll'spatto}
1194 1983 1290 2044 ospitio
1308 1993 1354 2047 pr.
1374 1977 1410 2032 A.
1422 1980 1439 2046 ΙΙ
1455 1977 1483 2030 7.
1503 1995 1574 2028 παπ-,ι

346 2057 452 2108 naudus
470 2071 520 2110 om.
537 2055 565 2110 It*
572 2053 596 2108 Γ
613 2062 638 2108 et
651 2070 696 2124 pr.
716 2054 738 2106 A
745 2052 817 2113 OD,-
834 2051 883 2104 sed
899 2052 1043 2122 suppletum
1061 2053 1089 2105 ie
1107 2067 1190 2118 usurp.
1201 2050 1232 2104 A.
1244 2050 1258 2118 ΙΙ
1269 2047 1294 2100 8.
1305 2050 1378 2116 cius}
1400 2067 1417 2102 e
1499 2053 1538 2098 'us
1549 2047 1572 2099 s.

356 2124 425 2198 1111).
445 2129 488 2195 qui
508 2131 535 2179 et
552 2129 649 2179 aetutls
668 2125 764 2179 DPsr.
782 2130 808 2177 et
825 2123 853 2176 is
872 2139 968 2176 rasura
986 2121 1017 2177 A.
1032 2130 1045 2192 Η
1061 2123 1102 2176 11.
1121 2125 1312 2192 benignissime
1331 2137 1383 2174 om.
1404 2066 1507 2174 Bm?

418 2303 445 2359 2.
463 2308 502 2357 ct.
521 2308 573 2358 Cic.
594 2309 627 2356 de
645 2307 690 2356 un.
710 2305 754 2364 lll,
771 2301 798 2362 2.
817 2302 843 2356 1.
870 2305 937 2356 Ρ1υ1.
957 2305 1013 2355 eat
1033 2304 1094 2356 min.
1115 2301 1157 2356 111.

283 2412 287 2419 ·
420 2375 501 2430 Gaius
517 2375 630 2445 min'pics
642 2374 744 2444 proles)
770 2378 835 2426 ceto
858 2376 1005 2435 Vticensis,
1033 2388 1167 2440 pronepos
1192 2373 1319 2432 censorii.
1344 2387 1403 2424 non
1422 2387 1529 2437 nepos.
1550 2383 1566 2418 r.

346 2450 404 2500 unit
420 2449 574 2500 Torreuius.
602 2449 640 2500 Ct'.
659 2449 690 2499 A.
709 2447 777 2498 Geli.
796 2447 868 2507 xltt.
889 2443 931 2498 19.

417 2533 552 2587 superesse
569 2514 738 2586 temporibus)
766 2518 902 2576 Valerius,
927 2534 985 2568 cum
1016 2533 1128 2570 acumen
1159 2518 1299 2582 quaereret
1328 2517 1354 2565 in
1388 2515 1565 2566 antithesin

347 2591 408 2640 aliis
426 2605 532 2656 quoqne
551 2589 896 2656 scriptoribustrequenter
907 2591 1036 2647 adhibita,
1057 2590 1185 2654 oppositis
1200 2589 1266 2638 inter
1284 2601 1316 2637 se
1329 2583 1423 2638 deesse
1443 2589 1474 2637 et
1492 2599 1564 2651 sepe·-

347 2674 410 2731 essa
429 2657 588 2732 ἀκαιρότερον
605 2661 653 2711 seo
678 2675 730 2711 non
755 2659 963 2725 improbabiliter
982 2662 1066 2711 altero
1085 2662 1136 2711 hoc
1155 2661 1236 2711 uerbo
1250 2673 1316 2709 usus
1332 2662 1385 2709 est.
1424 2657 1565 2721 Superesse

347 2735 436 2783 autem
455 2733 620 2795 temporibus
638 2732 697 2782 sine
715 2733 794 2782 dubio
813 2732 942 2782 hocloco
961 2734 1054 2784 dicitur
1067 2734 1111 2795 qui
1125 2747 1208 2797 supra
1220 2734 1341 2794 tempore
1354 2732 1400 2779 est
1419 2744 1474 2779 nee
1494 2730 1563 2793 oppri-

346 2802 425 2851 mitur
444 2803 479 2850 ab
498 2802 545 2857 iis;
566 2803 610 2865 qui
627 2804 742 2866 imperat
760 2804 933 2866 temporibus,
953 2804 1017 2868 quia
1034 2805 1102 2853 berre
1121 2804 1153 2853 iis
1173 2804 1224 2852 scit
1243 2803 1289 2859 uu,
1309 2806 1391 2863 utque
1412 2802 1486 2851 aeleo
1504 2815 1562 2849 uns·

347 2885 427 2937 quem
445 2872 609 2933 temporibus
629 2873 756 2923 deficitur.
799 2874 839 2921 lta
864 2876 935 2923 recte
959 2874 1072 2924 similem
1097 2872 1206 2941 Vergilii
1229 2874 1389 2922 locutionem
1416 2870 1454 2921 lll
1481 2874 1561 2936 Georg-

350 2938 398 2992 127
425 2955 458 2992 ae
481 2938 576 2992 blundo
599 2948 709 3011 sequeret
729 2957 865 3009 superesse
889 2941 976 2997 iuberi
999 2945 1142 3008 explienuit
1166 2946 1197 2994 Α.
1217 2944 1317 2993 Gellius
1337 2944 1362 3001 1,
1387 2938 1432 2999 22.
1457 2939 1500 2994 tn.
1533 2943 1560 2989 le

347 3012 460 3079 signiter
477 3015 594 3064 maxime
612 3015 752 3065 nouissimi
772 3017 890 3065 editores
910 3017 1007 3073 errrcnt,
1030 3017 1074 3077 qui
1093 3012 1252 3081 temporibus
1270 3018 1349 3065 sexto
1367 3028 1437 3063 casu
1459 3016 1558 3078 positus

346 3088 442 3148 putent
458 3085 593 3151 eitantque
615 3102 675 3137 oum
694 3084 788 3137 Colere
807 3087 960 3148 Ciceronem
986 3088 1019 3137 de
1037 3086 1094 3137 iure
1112 3086 1182 3136 ciuili
1202 3088 1227 3137 iu
1252 3088 1337 3137 artem
1359 3087 1511 3153 redigendo
1528 3100 1559 3146 ap.

347 3156 415 3205 (iell.
431 3155 449 3206 1.
469 3171 492 3207 e.
511 3156 538 3219 5.
557 3156 582 3215 l.
602 3158 647 3207 ubi
664 3160 697 3216 Q.
715 3157 822 3208 'tubero
840 3158 956 3209 scientia
972 3158 1037 3207 iuris
1056 3158 1201 3207 maioribus
1220 3158 1277 3207 suis
1296 3170 1349 3207 oon
1362 3158 1496 3213 defuisse,
1513 3159 1559 3203 tce

345 3228 415 3279 trina
433 3227 513 3277 etiem
532 3229 699 3292 superfuisse
718 3230 826 3287 dicium.
845 3232 926 3294 etque
944 3230 982 3281 tta
1001 3228 1135 3279 Valerium
1154 3230 1374 3292 interpretentur.
1401 3230 1474 3279 alios
1497 3230 1556 3279 nimis

347 3298 488 3350 abundans
506 3300 612 3364 tempus
630 3300 732 3351 babere
750 3314 799 3351 seu
818 3300 871 3351 iltis
891 3300 1000 3351 multum
1019 3301 1147 3364 temporis
1166 3302 1284 3355 restere.'
1306 3300 1333 3348 in
1356 3312 1412 3359 qno
1436 3302 1504 3349 nihil
1524 3300 1556 3345 hs

345 3370 428 3421 beant
445 3371 514 3435 qnod
533 3373 625 3440 agent.
661 3374 737 3431 Quae
760 3385 848 3436 neque
872 3386 931 3428 qum
954 3372 1089 3423 Ciceronis
1113 3371 1158 3421 illo
1181 3372 1241 3421 loeo
1266 3384 1408 3421 commune
1431 3372 1555 3435 quicqum

344 3440 447 3493 habent
464 3443 492 3493 et
509 3443 568 3494 sine
586 3444 666 3493 dubio
685 3444 798 3493 dicenda
816 3446 894 3493 crant
911 3438 973 3493 utiis
990 3455 1126 3508 superesse
1143 3446 1268 3510 ternpore.

415 3507 442 3564 3.
461 3513 500 3563 ct.
518 3515 550 3565 Α.
568 3514 637 3565 Geli.
653 3514 699 3572 111.
720 3510 761 3571 lt),
781 3510 823 3565 11.

416 3586 441 3633 et
463 3582 551 3649 spatio
574 3580 757 3646 reminundus)
782 3584 921 3639 lmeunem
945 3586 1085 3650 archetypi
1109 3586 1208 3635 coticis
1235 3584 1324 3647 explet
1347 3598 1446 3651 mergo
1473 3586 1554 3635 murce

344 3654 499 3712 tiernensis.
518 3656 543 3705 in
562 3671 615 3718 quo
633 3657 779 3720 ascriptum
797 3659 841 3707 eet
858 3652 1045 3712 nemimem
1069 3657 1158 3722 idque,
1184 3670 1344 3721 quamquam
1363 3655 1437 3705 alind
1457 3656 1554 3719 quotus

345 3723 466 3776 eiusdem
490 3725 693 3793 significationis
717 3728 876 3779 uocabulum
900 3727 987 3777 locum
1012 3728 1107 3785 hehet,
1132 3743 1165 3779 eo
1189 3731 1280 3777 temen
1304 3727 1422 3777 maxime
1443 3740 1479 3777 se
1501 3742 1554 3777 corr·

344 3794 467 3850 mesdei.
492 3798 561 3859 quod
586 3797 667 3847 simul
685 3812 796 3849 eausam
819 3798 987 3861 probabilem
1006 3800 1105 3861 aperit,
1125 3814 1172 3849 eur
1190 3800 1300 3849 uerbum
1319 3798 1383 3846 illud
1402 3797 1554 3849 tutemuuu

343 3862 440 3924 Liquet
463 3866 535 3915 enim
557 3865 694 3919 librarium
718 3870 803 3919 treloci
827 3868 905 3918 oculo
930 3884 947 3916 a
970 3869 1065 3919 litteris
1089 3884 1123 3920 ao
1147 3871 1173 3921 in
1197 3864 1371 3919 aestumetur
1400 3870 1436 3919 acl
1459 3872 1554 3919 ersten

343 3933 447 3983 litteras
466 3934 494 3985 in
512 3935 634 3997 proxima
651 3952 719 3989 uoce
733 3940 887 3997 transiisse.
924 3937 993 3987 Fieri
1012 3940 1092 4006 igitur
1104 3942 1193 4003 potest
1205 3944 1234 3991 ut
1245 3942 1296 3991 hoc
1311 3952 1417 4005 quoque
1429 3942 1554 4005 archetypi

342 4004 445 4127 lc3otlieis
465 4005 600 4089 'damnum
629 4009 777 4071 antiquiore
807 4010 897 4071 atique
922 4010 1045 4074 exemplo
1071 4013 1178 4063 adiutus
1203 4012 1326 4062 refecerit
1348 4014 1485 4063 correctos
1510 4012 1554 4062 libri

366 4088 497 4132 0111θῦ818·
1008 4110 1012 4115 ·

414 4144 440 4199 A.
459 4148 498 4197 ct.
517 4149 570 4201 Cic.
589 4148 669 4201 'rusa
689 4152 721 4209 V,
739 4147 783 4208 38.
805 4146 865 4202 tlt.

414 4217 459 4288 psi
475 4219 572 4273 aetum
587 4217 692 4273 siribsr
715 4226 741 4273 et
764 4219 822 4273 acie
842 4220 986 4279 ambrum)
1012 4224 1142 4289 Suspicor
1166 4225 1300 4277 Valerium
1325 4224 1470 4289 scripsisse
1497 4226 1551 4292 qne

342 4307 412 4347 nune
430 4293 457 4343 iu
475 4293 606 4343 Bernemi
624 4294 717 4343 codice
728 4296 763 4343 ub
777 4295 949 4345 emendatore
961 4310 977 4346 e
989 4297 1095 4347 Paridis
1107 4298 1224 4361 epitome
1239 4297 1436 4359 receptumest.
1473 4296 1552 4358 Neque

344 4368 413 4419 enim
432 4365 564 4423 Paridem,
584 4379 644 4414 cnm
663 4365 762 4415 Valerii
780 4368 865 4416 uerba
888 4367 926 4416 ita
944 4368 1081 4425 redderet.
1106 4372 1132 4418 et
1156 4365 1251 4419 celebs
1267 4363 1372 4417 etrite
1390 4370 1415 4415 et
1432 4366 1488 4417 neb
1504 4383 1551 4419 ose
1588 4384 1589 4401 ¹

318 4462 323 4469 ·
343 4436 427 4491 unu
445 4432 569 4503 detester,
589 4437 663 4500 prius
682 4437 747 4486 illud
766 4440 792 4487 et
802 4439 899 4500 sponte
918 4439 1053 4490 adiecisse
1072 4440 1136 4489 mibi
1150 4439 1336 4503 persuadetur.
1354 4439 1425 4499 quod
1441 4438 1552 4489 facillime

344 4523 411 4559 sane
430 4511 493 4559 unte
511 4505 607 4559 aetatis
623 4524 642 4557 a
658 4508 768 4559 librario
786 4510 927 4574 archetypi
946 4510 1045 4560 codicis
1063 4513 1171 4573 poterat
1193 4510 1285 4561 omitti.
1328 4510 1414 4575 Atque
1431 4508 1551 4563 Valerium

344 4580 450 4639 quidem
468 4580 576 4631 nimium
595 4583 721 4644 quantum
739 4594 775 4631 ea
792 4580 960 4645 copulatione
979 4581 1140 4633 delectatum
1159 4594 1232 4640 esse,
1252 4594 1322 4645 quse
1341 4580 1370 4631 nt
1387 4594 1435 4644 per
1451 4586 1550 4636 et-u

346 4649 382 4701 sb
400 4648 459 4701 aliie
477 4650 530 4707 iem
549 4651 727 4708 obscuretur
739 4654 789 4707 est.
