3409 5400
251 489 315 558 301
675 491 734 558 DE
760 483 1049 558 CONSTANTIA.

209 653 240 720 8.
339 650 429 715 Idem
452 653 653 717 constantiae
677 656 881 740 propositum
903 661 1035 717 secutus
1051 649 1213 726 Maeuius,
1237 651 1383 715 centurio
1406 650 1474 714 diui

249 759 407 846 Augusti,
436 779 510 823 cum
533 759 721 825 Antoniano
752 759 836 824 bello
862 779 1101 846 saepenumero
1124 756 1318 821 excellentes
1342 777 1473 844 pugnas

250 863 421 940 edidisset,
448 867 638 952 improuisis
667 869 812 934 hostium
833 868 962 933 insidiis
987 866 1226 930 circumuentus
1251 874 1281 927 et
1305 864 1348 928 ad
1371 863 1473 927 Anto·

248 973 336 1036 nium
368 971 602 1039 Alexandriam
632 976 808 1061 perductus
843 977 1130 1061 interrogatusque
1166 972 1324 1059 quidnam
1358 970 1398 1034 de
1433 990 1473 1033 eo

249 1080 347 1144 statui
371 1078 511 1155 deberet,
536 1080 689 1168 ‘iugulari
713 1081 786 1162 mc',
811 1083 924 1168 inquit,
948 1080 1043 1156 iube,
1068 1082 1146 1167 quia
1161 1101 1228 1143 uon
1242 1078 1357 1148 salutis
1374 1077 1496 1141 bene-⁵

249 1187 321 1250 licio
356 1207 464 1272 neque
498 1189 610 1250 mortis
643 1175 959 1274 suppliciossadduci
986 1210 1122 1272 possum
1162 1199 1198 1250 ut
1234 1197 1290 1250 aut
1317 1184 1472 1248 Caesaris

249 1293 343 1357 miles
367 1292 516 1357 desinam
541 1305 596 1357 aut
618 1305 691 1358 tuus
717 1317 792 1358 csse
815 1295 979 1379 incipiam.
1018 1294 1167 1358 Ceterum
1185 1316 1249 1380 quo
1270 1291 1472 1355 constantius

249 1401 350 1464 uitam
374 1401 582 1486 contempsit,
610 1423 648 1464 eo
672 1401 800 1466 facilius
824 1402 1019 1487 impetrauit.
1066 1400 1230 1464 Antonius
1254 1401 1341 1462 euim
1364 1396 1474 1459 uirtuti

251 1507 320 1570 eius
343 1505 596 1572 incolomitatem
619 1509 736 1574 tribuit.

115 1605 238 1676 11111.
338 1613 505 1698 Conplura
537 1615 675 1678 huiusce
709 1627 806 1680 notae
833 1617 986 1680 Romana
1019 1613 1168 1700 exempla
1202 1621 1375 1697 superant,
1411 1608 1470 1672 scd
1482 1625 1510 1670 11

250 1722 384 1785 satietas
412 1721 511 1784 modo
542 1721 677 1785 uitanda
705 1735 765 1785 est.
818 1722 931 1809 Itaque
964 1723 1037 1793 stilo
1066 1743 1140 1786 meo
1171 1720 1214 1783 ad
1245 1729 1379 1783 externa
1404 1716 1473 1779 iam

250 1825 356 1890 delabi
383 1826 576 1910 permittam.
630 1827 776 1908 Quorum
805 1831 1025 1915 principatum
1047 1837 1157 1892 teneat
1178 1825 1348 1898 Blassius,
1377 1823 1471 1886 cuius

249 1931 434 2004 constantia
456 1931 536 1996 nihil
558 1935 767 2020 pertinacius.
803 1936 975 2022 Salapiam
999 1937 1086 2000 enim
1108 1935 1249 2020 patriam
1266 1954 1358 1996 suam
1375 1952 1472 2014 prae·

250 2039 334 2103 sidio
363 2037 488 2101 Punico
517 2053 711 2126 occupatam
739 2042 902 2106 Romanis
931 2045 1066 2129 cupiens
1098 2043 1285 2113 restituere,
1320 2036 1471 2110 Dasium,

249 2145 408 2210 acerrimo
433 2126 540 2210 studio
557 2169 669 2212 secum
684 2150 718 2212 in
735 2149 1013 2214 administratione
1029 2149 1076 2212 111
1092 2148 1241 2235 publicae
1258 2143 1470 2208 dissidentem
1482 2158 1510 2202 11

250 2262 280 2314 11
303 2251 447 2339 alioquin
470 2263 536 2316 toto
560 2257 669 2318 animo
693 2255 888 2320 Hannibalis
912 2257 1074 2320 amicitiae
1097 2265 1286 2328 uacantem,
1309 2254 1381 2317 siue
1406 2271 1470 2338 quo

248 2365 451 2450 propositum
475 2360 646 2427 consilium
670 2363 786 2448 peragi
811 2384 877 2426 nou
900 2374 1044 2448 poterat,
1068 2361 1111 2426 ad
1133 2360 1220 2424 idem
1245 2382 1327 2446 opus
1352 2359 1471 2446 adgre-

250 2471 405 2535 diendum
433 2470 558 2536 maiore
588 2467 761 2555 cupiditate
791 2493 889 2555 quam
919 2492 977 2556 spe
1013 2471 1147 2532 certiore
1177 2477 1334 2552 temptare
1369 2487 1470 2530 ausus

250 2587 309 2640 est.
356 2577 421 2656 Qui
443 2578 589 2662 protinus
614 2599 799 2641 sermonem
824 2577 905 2650 eius,
929 2576 1065 2640 adiectis
1086 2597 1174 2662 quae
1197 2587 1228 2637 et
1249 2576 1357 2659 ipsum
1381 2594 1471 2637 com·

249 2681 486 2749 mendatiorem
510 2693 541 2747 et
563 2683 729 2748 inimicum
752 2683 945 2749 inuisiorem
967 2681 1093 2747 factura
1113 2671 1324 2757 uidebantur,
1346 2678 1509 2746 Hanni-ao

252 2857 275 2914 l.
293 2860 364 2912 idern
384 2889 419 2899 —
437 2862 559 2912 Maeuius
578 2877 627 2913 om.
645 2860 677 2916 Γ.
693 2862 704 2930 Η
719 2866 827 2913 secutus
846 2862 981 2928 Maeuius]
1001 2863 1077 2914 secut
1095 2887 1108 2914 a
1122 2888 1135 2915 .
1150 2888 1163 2915 ι
1181 2877 1214 2913 us
1232 2860 1262 2914 Δ.
1282 2864 1390 2913 secutus
1408 2855 1427 2911 ὅ
1443 2876 1471 2910 n.

248 2928 429 2993 (litteraria
447 2930 475 2982 ia
492 2939 599 2993 rasura)
618 2932 650 2984 Β.
670 2936 753 2985 secuti
772 2935 893 2998 (secutus
912 2940 993 2994 corr.)
1015 2936 1120 2984 mouius
1144 2938 1188 2999 (us
1207 2932 1235 2983 ia
1252 2940 1360 2990 rorare)
1379 2930 1407 2984 0.
1427 2946 1470 2981 sc·

250 3006 326 3053 cutus
345 3004 447 3053 menius
466 3000 535 3054 DE.
555 3006 663 3054 secutus
682 3007 750 3070 quod
770 3005 828 3055 elus
846 3003 876 3055 F.
895 3008 1004 3055 secutus
1022 3007 1051 3054 C.
1069 3006 1176 3055 Meuius
1198 3002 1274 3056 Torr.
1292 3002 1305 3072 ΙΙ
1324 3001 1350 3056 l.
1372 3006 1405 3053 de
1424 3002 1468 3068 eo]

249 3077 299 3123 deo
304 3088 350 3141 pr.
360 3071 392 3123 A.
404 3072 417 3139 ΙΙ
429 3069 454 3123 ἴ).
465 3075 547 3138 inquit
564 3089 607 3124 me
617 3072 653 3127 D.
666 3073 679 3140 ΙΙ
691 3076 754 3141 nou]
774 3091 860 3140 neque
870 3073 902 3127 F.
921 3091 971 3125 1111
985 3073 1061 3128 Torr.
1076 3074 1088 3143 ΙΙ
1102 3071 1127 3125 6.
1139 3092 1188 3126 nec
1202 3073 1231 3127 C.
1245 3073 1258 3141 ΙΙ
1270 3071 1393 3140 11111111]
1407 3070 1470 3124 add.

249 3160 312 3196 esse
330 3141 463 3195 FI'Tor·r.
476 3143 490 3211 Η
501 3148 571 3195 tutus
588 3160 631 3211 pr.
653 3144 681 3198 C.
696 3145 707 3207 ΙΙ
723 3162 785 3197 csse
804 3162 852 3199 om.
871 3145 904 3197 A.
921 3144 975 3211 118.
994 3147 1123 3197 Antonius
1142 3174 1176 3184 —
1196 3141 1245 3212 (a.)
1262 3148 1352 3195 tribuit
1369 3142 1469 3195 11111.

259 3212 309 3283 1111.
328 3216 534 3267 incolumitatem
552 3213 699 3267 BCDFF
715 3222 741 3267 et
764 3232 832 3268 1111.
851 3215 891 3271 Α,
919 3215 995 3270 Torr.
1013 3215 1027 3284 ΙΙ
1046 3215 1084 3268 111.
1104 3219 1237 3282 Conplura
1253 3245 1289 3254 —
1306 3211 1373 3281 (13.)
1392 3216 1469 3266 Sala·

247 3290 319 3353 piam
344 3286 424 3352 euim]
453 3287 487 3335 Et
510 3290 538 3336 ut
561 3287 638 3337 stilus
662 3292 755 3339 nostor
779 3290 812 3338 ad
837 3291 949 3339 externa
971 3290 1093 3339 transeat
1115 3289 1219 3339 blasius
1243 3289 1375 3351 selapiam
1397 3284 1429 3338 Γ.
1443 3287 1455 3355 ΙΙ

248 3362 333 3418 Quam
352 3358 430 3422 plura
447 3360 527 3409 immo
549 3360 660 3409 huiusce
684 3357 711 3409 r'a
734 3373 831 3410 rasura
849 3357 878 3410 F.
895 3356 908 3424 ΙΙ
929 3356 970 3411 11.
989 3361 1080 3409 stilum
1097 3374 1185 3410 meum
1203 3357 1293 3410 DEF
1306 3363 1332 3408 et
1349 3372 1419 3408 corr.
1437 3356 1467 3411 0.

250 3428 327 3482 Torr.
348 3427 390 3494 Gs.
413 3426 443 3481 V.
465 3424 575 3495 111111
596 3426 636 3481 12.
655 3432 759 3481 blasius
777 3428 806 3481 F.
829 3431 944 3481 Blattius
963 3435 1001 3481 est
1019 3446 1063 3497 op.
1080 3427 1143 3483 Ias.
1164 3427 1272 3483 XXVI.
1297 3425 1341 3480 38.
1362 3427 1473 3487 Βλάπος

248 3515 291 3568 op.
310 3498 378 3569 App.
398 3498 484 3553 Horra.
503 3496 547 3553 45.
563 3500 575 3569 ll
596 3496 636 3553 13.
660 3501 797 3567 Salapiam
815 3499 841 3553 F
864 3506 890 3552 et
911 3500 939 3551 in
962 3516 1059 3553 rosera
1080 3498 1112 3552 Α.
1136 3501 1293 3552 salutariam
1312 3498 1372 3552 BC.
1397 3502 1469 3550 sata·

248 3574 336 3636 pinam
356 3569 385 3624 F.
400 3573 411 3638 ΙΙ
429 3568 470 3624 ll.
490 3574 601 3623 clasium
619 3569 686 3626 DF.
698 3571 711 3640 ΙΙ
727 3569 765 3625 111.
785 3574 884 3636 alioqui
903 3570 964 3623 Bc.
983 3570 995 3641 ΙΙ
1014 3574 1102 3623 11111111
1121 3576 1176 3624 toto
1197 3570 1273 3623 Torr.
1294 3568 1306 3640 ΙΙ
1329 3567 1368 3621 ll.
1391 3586 1469 3635 pera·

247 3660 313 3713 gera
330 3641 362 3695 F.
374 3641 426 3711 1111
445 3658 514 3695 corr.
532 3642 564 3695 F.
576 3641 589 3711 ΙΙ
604 3640 643 3695 19.
662 3646 781 3696 adiectus
799 3642 832 3695 Β.
852 3644 1016 3710 adiectisque
1034 3642 1069 3696 F..
1084 3642 1096 3713 ΙΙ
1110 3642 1154 3696 20.
1171 3645 1316 3694 incisorem
1333 3640 1383 3699 D..

754 3752 966 3765 υ-Ι-ι-ι-

249 3804 369 3853 colorum
390 3818 481 3854 uerum
503 3805 604 3855 uidisse
628 3806 711 3855 credit
729 3806 882 3857 Turranius.
925 3807 978 3856 Sed
1004 3808 1030 3857 et
1054 3808 1114 3870 ipse
1138 3806 1261 3857 Valerius
1285 3805 1375 3868 inepte
1399 3804 1469 3853 hunc

249 3875 429 3923 centurionem
448 3888 482 3923 ea
500 3877 653 3925 condicione
674 3879 728 3926 uita
747 3878 874 3927 donatum
894 3892 957 3927 esse
976 3880 1092 3941 scripsit,
1112 3878 1135 3927 si
1155 3892 1185 3926 sc
1204 3878 1249 3928 Cn.
1268 3876 1400 3939 Pompeii,
1422 3888 1469 3941 ge·

248 3947 305 3995 11111
323 3945 421 4007 ipsios,
440 3946 551 3994 militem
569 3946 684 3996 futurum
703 3948 876 4004 affirmasset,
897 3964 955 3997 cum
974 3966 1025 4012 quo
1042 3952 1163 4012 tempore
1176 3950 1227 3998 hoc
1245 3948 1379 4004 acciderit,
1397 3946 1469 3994 bollo

247 4016 387 4069 Africano,
410 4016 477 4065 inter
495 4018 571 4066 uiuos
590 4019 642 4065 ium
661 4033 713 4067 non
731 4019 811 4067 luerit
829 4020 875 4068 Cn.
895 4020 1047 4082 Pompeius.
1084 4022 1206 4069 Ceterum
1225 4018 1338 4067 similem
1356 4028 1468 4081 prorsus

247 4088 273 4136 in
293 4086 390 4135 Granio
404 4086 517 4137 Petroua
536 4090 712 4137 constantiam
731 4090 863 4151 iidemque
876 4090 1047 4140 Caesarianis
1063 4092 1183 4154 partibus
1202 4089 1359 4154 praestitam
1379 4088 1469 4137 laudat

247 4158 405 4208 Plutarchus
425 4158 503 4207 Caes.
525 4153 564 4207 lli.

318 4224 343 4278 8.
364 4225 488 4279 Caesaris
505 4226 578 4279 mites
590 4225 706 4279 desinam
719 4234 768 4280 out
782 4235 840 4281 taus
854 4245 909 4282 esse
926 4230 1063 4299 incipiam)
1081 4234 1212 4283 Incertum
1229 4234 1272 4282 est
1284 4234 1369 4282 utrum
1384 4232 1469 4280 codex

247 4302 411 4366 archetypus
430 4302 457 4349 iu
476 4301 561 4349 altera
579 4303 679 4350 tantum
699 4302 874 4353 disiunctiuae
893 4306 1043 4355 sententiae
1054 4307 1132 4367 parte
1150 4305 1274 4354 habuerit
1290 4306 1400 4353 uerbum
1414 4316 1469 4352 erse

246 4390 282 4425 an
299 4374 326 4423 in
344 4376 447 4423 neutra.
484 4373 557 4431 Quod
579 4374 716 4422 commodo
729 4374 754 4421 in
767 4376 855 4436 priore
869 4390 902 4425 ex
921 4376 1007 4425 altera
1025 4377 1247 4443 subintellegitur,
1267 4376 1372 4425 omnino
1384 4374 1469 4423 taceri

246 4446 344 4511 nequit.
381 4449 470 4505 Quare
489 4444 513 4493 id
532 4445 692 4507 recepimus,
712 4446 780 4509 quod
797 4446 890 4509 Lipsio
909 4448 962 4495 iam
982 4449 1007 4495 et
1021 4448 1114 4497 Colero
1127 4450 1278 4510 probatum,
1298 4446 1469 4494 confirmatur

246 4519 303 4568 eius
323 4516 442 4565 familiae
460 4516 621 4573 testimonio,
641 4530 721 4576 quam
740 4516 828 4566 littera
846 4518 873 4566 X
892 4518 1111 4584 significauimus.
1148 4519 1238 4585 Magis
1260 4518 1340 4567 etiarn
1360 4517 1468 4565 dubium

245 4588 353 4653 propter
371 4589 500 4636 bonorum
519 4587 644 4636 librorum
663 4586 756 4636 lituras
768 4602 866 4638 nomen
885 4591 927 4637 est
946 4590 1113 4647 centurionis,
1132 4590 1159 4638 in
1179 4606 1231 4654 quo
1246 4588 1369 4653 ponendo
1388 4600 1468 4647 quem

246 4660 324 4721 aequi
341 4662 495 4721 poteramus
514 4658 638 4721 optimus,
658 4660 743 4709 codex
761 4659 943 4709 Beroliuensis
963 4655 990 4719 C,
1009 4661 1118 4710 exhibet
1135 4659 1242 4712 marias.

317 4729 377 4783 aar.
399 4726 420 4782 l.
440 4730 479 4780 Gi.
497 4730 556 4783 Liu.
575 4730 672 4791 XXVI,
691 4724 734 4783 38.
753 4728 821 4796 App.
840 4732 903 4782 bell.
921 4732 1008 4784 liano.
1027 4726 1064 4782 45
1080 4748 1107 4799 p.
1128 4726 1186 4785 itt.
