3409 5400
461 476 467 487 '
500 569 504 578 Ι
590 466 672 536 LIB.
694 466 737 543 11,
760 459 798 532 G.
821 457 853 543 2,
877 476 907 545 9.
931 468 1038 535 5-7.
1352 468 1413 537 185

189 631 266 704 uiri,
289 631 345 718 qui
367 629 470 716 legati
493 651 513 694 a
537 638 655 693 senatu
677 628 851 695 Tarentum
869 626 912 693 ad
927 648 981 694 res
1001 629 1195 715 repetendas
1210 630 1317 705 missi,
1341 652 1414 695 cum

191 736 415 825 &sumsimus
437 734 484 800 ihi
506 734 644 801 iniurias
668 737 884 821 accepissent,
908 758 992 801 unus
1017 738 1114 802 etiam
1131 737 1226 801 urina
1241 756 1414 821 respersus

192 854 295 916 esset,
316 843 352 907 in
375 838 547 916 theatrum,
569 852 606 904 ut
627 850 679 907 est
700 842 901 907 consuetudo
919 843 1090 915 Graeciae,
1116 841 1298 917 introducti,
1321 842 1414 928 lega·

192 950 317 1015 tionem
339 946 459 1034 quibus
483 959 678 1033 acceperant
701 948 810 1013 uerbis
826 961 1032 1037 peregerunt.
1066 949 1117 1015 De
1133 948 1197 1023 his,
1221 969 1306 1035 quae
1322 948 1415 1033 passi

167 1065 298 1127 serant,
322 1054 430 1139 questi
452 1075 520 1118 nou
543 1065 628 1129 sunt,
650 1075 693 1117 ne
717 1052 796 1140 quid
818 1054 902 1119 ultra
924 1077 963 1119 ae
986 1056 1176 1121 mandatum
1194 1066 1282 1119 esset
1303 1054 1414 1141 loque-

191 1169 315 1227 rentur,
337 1159 521 1247 incisisque
544 1160 734 1245 pectoribus·
753 1180 866 1225 eorum
890 1161 1013 1248 antiqui
1036 1162 1138 1227 moris
1161 1170 1331 1246 respectus
1356 1159 1414 1224 do-

192 1268 273 1341 lore,
296 1266 354 1352 qui
376 1286 416 1329 ex
438 1265 636 1333 contumelia
658 1266 878 1352 grauissimus
895 1268 1040 1342 sentitur,
1064 1266 1203 1332 conuelli
1219 1287 1284 1345 non
1301 1266 1415 1351 potuit.

194 1374 310 1439 linem
332 1367 479 1459 profecto
500 1371 713 1436 fruendarum
736 1391 845 1458 opum,
871 1374 988 1459 quibus
1014 1374 1056 1438 ad
1072 1373 1228 1439 inuidiam
1241 1372 1297 1437 diu
1313 1372 1414 1437 abun·

194 1481 349 1553 daueras,
373 1476 550 1542 Tarentina
565 1473 692 1552 ciuitas,
718 1480 886 1565 quaesisti.
923 1478 1009 1545 Nam
1025 1480 1102 1545 dum
1118 1478 1271 1545 horridae
1289 1478 1415 1541 uirtutis

157 1588 229 1651 scin
256 1586 405 1672 seipsum
441 1604 603 1648 conexum
637 1582 890 1649 stabilimentum
918 1587 1022 1649 nitore
1053 1586 1202 1649 fortunae
1232 1584 1415 1669 praesentis

194 1692 308 1757 inflata
329 1689 511 1755 acediosa
525 1691 695 1775 aestimas,
716 1690 753 1753 in
776 1690 1003 1776 praeualidum
1022 1691 1151 1778 imperii
1167 1690 1271 1755 nostri
1287 1710 1415 1753 mucro·

194 1820 271 1863 nem
295 1818 398 1862 caeca
420 1808 452 1860 et
475 1816 591 1861 ameris
614 1797 751 1861 innuisti.
1385 1788 1388 1799 '

282 1902 353 1969 Sed
380 1915 423 1996 ut·
443 1924 464 1967 a
493 1902 571 1966 luxu
599 1902 734 1988 perdide
763 1902 910 1967 moribus
940 1902 982 1967 ad
1011 1903 1226 1969 seuerissima
1255 1902 1457 1976 maiorumb.

194 2010 341 2075 instituta
363 2008 600 2095 transgrediar,
624 2018 722 2072 antea
744 2021 881 2073 senatus
896 2009 1071 2077 adsiduam
1095 2010 1268 2075 stationem
1292 2028 1331 2073 eo
1351 2007 1416 2073 loci

160 2132 188 2176 ts
196 2116 386 2204 peragebat,
410 2116 465 2202 qui
486 2112 652 2199 hodieque
675 2114 867 2179 senaculum
892 2116 1083 2202 appellatur.
1131 2114 1201 2179 Nec
1225 2114 1417 2201 expectabat

196 2235 228 2287 ut
250 2222 357 2286 edicto
381 2218 637 2293 contraheretur,
661 2219 721 2284 sed
742 2221 820 2285 inde
843 2222 959 2285 citatus
983 2223 1131 2308 protinus
1155 2223 1189 2284 in
1213 2220 1337 2283 curiam
1360 2238 1416 2281 ue-

194 2329 315 2403 aiebat,
339 2326 516 2415 ambiguae
530 2326 639 2391 laudis
656 2326 763 2391 ciuem
777 2328 980 2402 existimans,
998 2330 1053 2413 qui
1070 2328 1188 2393 debitis
1204 2329 1251 2391 rei
1268 2322 1417 2410 publicae

194 2434 313 2498 officiis
342 2454 410 2497 non
438 2455 501 2498 sua
529 2445 645 2518 sponte
675 2430 736 2495 sed
763 2433 877 2497 iussus
905 2433 1113 2521 fungeretur,
1146 2436 1223 2519 quia
1260 2428 1417 2517 quidquid

193 2540 330 2625 imperio
362 2540 490 2626 cogitur
524 2540 667 2625 exigenti
699 2540 810 2626 magis
841 2562 941 2626 quam
969 2540 1149 2627 praestanti
1173 2548 1343 2624 acceptum
1366 2557 1416 2599 re·

160 2644 306 2710 ufertur.

282 2750 366 2816 Illud
388 2773 520 2839 quoque
542 2754 702 2818 memoria
723 2751 935 2839 repetendum
959 2767 1024 2829 est,
1048 2753 1136 2840 quod
1159 2754 1296 2818 tribunis
1312 2751 1459 2838 plebisi.

193 2861 316 2924 intrare
343 2859 469 2924 curiam
498 2879 564 2922 non
587 2859 715 2933 licebat,
741 2871 814 2924 ante
838 2859 955 2926 ualuas
981 2873 1087 2926 autem
1111 2861 1227 2946 positis
1252 2857 1416 2922 subselliis

194 2965 328 3029 decreta
349 2975 479 3050 patrum
502 2965 721 3030 attentissima
743 2985 825 3029 cura
845 2967 1094 3042 examinabant,
1111 2979 1155 3042 ut,
1179 2967 1208 3031 si
1232 2987 1297 3052 qua
1312 2986 1352 3028 ex
1368 2965 1416 3028 eis

192 3069 450 3155 improbassent,
473 3082 547 3136 rata
570 3091 646 3136 esse
670 3091 736 3135 non
760 3072 914 3137 sinerent.
959 3071 1072 3160 Itaque
1094 3073 1259 3137 ueteribus
1283 3083 1417 3136 senatus

156 3175 355 3242 aeonsultis
387 3175 413 3240 T
442 3177 550 3243 littera
578 3177 742 3244 subscribi
769 3178 910 3254 solebat,
939 3202 1043 3267 eaque
1072 3191 1151 3246 nota
1172 3178 1418 3266 significabatur

198 3337 224 3391 1.
240 3339 374 3403 pateam
390 3335 545 3392 ABDEF
561 3344 587 3390 et
599 3353 645 3407 pr.
667 3338 695 3391 C.
715 3339 727 3406 ΙΙ
746 3333 773 3392 5.
793 3342 899 3406 quaesti
915 3355 960 3408 pr.
979 3339 1011 3392 Α.
1031 3338 1043 3408 11
1063 3340 1107 3407 ac]
1146 3355 1208 3388 nam
1225 3336 1262 3388 D.
1280 3334 1294 3401 ΙΙ
1311 3337 1337 3386 el
1373 3349 1416 3386 uc·

195 3412 289 3461 notor
305 3407 371 3460 Par.
388 3414 413 3460 et
429 3424 499 3461 eom
514 3407 608 3478 ,11111
627 3409 897 3477 insitusque-ssssd
907 3413 1011 3462 iurulsli
1023 3426 1072 3460 orn.
1086 3409 1112 3462 Γ
1110 3448 1117 3462 .
1133 3405 1138 3468 Ι
1158 3411 1281 3473 intusque
1293 3402 1347 3458 ΑΒ
1381 3401 1417 3456 Ε.

193 3483 285 3530 iustus
303 3495 320 3531 e
337 3475 374 3531 D.
394 3479 516 3534 devrad
523 3478 598 3546 Ptol
616 3495 632 3530 e
648 3476 724 3532 codd.
742 3477 831 3549 ceap.
850 3477 1080 3546 elwine-118.
1093 3477 1231 3542 inuidiam]
1252 3471 1313 3528 edd.
1332 3488 1417 3539 usque

194 3565 287 3617 ωηο
304 3549 337 3602 A.
351 3549 364 3612 ΙΙ
385 3549 427 3602 10.
446 3567 594 3603 eonnexrm
611 3549 666 3613 (Α).
683 3565 831 3602 connexum
848 3549 914 3602 ΒΕ.
927 3551 941 3617 ΙΙ
963 3546 1004 3602 13.
1023 3551 1077 3600 Sed
1095 3575 1130 3590 ·-
1149 3544 1217 3610 tlt.)
1233 3549 1309 3596 oms
1359 3545 1418 3594 dier

194 3638 245 3674 ou.
264 3620 296 3675 Γ.
307 3624 322 3690 ΙΙ
335 3619 377 3676 14.
395 3626 507 3673 senatu
525 3627 607 3674 autea
624 3620 656 3675 Γ.
668 3623 682 3690 ΙΙ
693 3624 752 3671 loeo
769 3618 806 3674 D.
819 3621 832 3688 ΙΙ
852 3617 893 3674 15.
911 3624 1080 3701 peragebant
1097 3618 1129 3671 A.
1146 3617 1159 3684 ΙΙ
1177 3617 1307 3677 hodieque
1338 3616 1418 3667 hodie

194 3691 260 3746 DE
277 3699 304 3744 et
320 3708 392 3746 corr.
410 3691 439 3746 0.
453 3691 465 3763 ΙΙ
480 3695 631 3744 senatulum
648 3691 684 3746 Ε.
699 3694 712 3756 ΙΙ
729 3687 769 3743 111.
782 3693 960 3742 atuaheratur
977 3706 1006 3741 ss
1016 3703 1114 3742 rasura
1124 3687 1158 3740 Β.
1172 3684 1184 3758 ΙΙ
1202 3683 1241 3739 18.
1252 3685 1415 3754 ruamur]

195 3763 227 3814 ὅ»
243 3777 340 3815 resero
358 3762 390 3815 A.
401 3762 416 3830 ΙΙ
432 3760 556 3827 quiequid
575 3778 645 3816 corr.
664 3763 696 3814 Δ.
716 3761 729 3828 ΙΙ
747 3759 793 3814 21.
817 3763 938 3812 illud-
961 3761 1085 3828 tribunis]
1105 3760 1228 3812 'leibunls
1250 3757 1331 3808 otum
1349 3753 1382 3807 Γ.
1393 3756 1406 3823 ΙΙ

195 3837 310 3886 tnboms
328 3835 428 3900 piebis}
446 3838 467 3883 t.
485 3851 506 3888 r.
525 3851 552 3899 p.
571 3836 589 3887 Ι.
607 3834 639 3885 Α.
658 3836 700 3886 tri.
718 3836 771 3898 pte.
790 3831 819 3882 is
835 3845 934 3884 rasura
945 3831 975 3885 0.
995 3833 1108 3882 tribunis
1126 3831 1231 3897 plebeis
1247 3827 1284 3880 D.
1296 3823 1417 3895 1121111·

195 3910 277 3956 nstus
300 3907 429 4028 cpnsultts
447 3905 482 3972 Τ]
506 3921 530 3956 s.
548 3923 571 3957 c.
591 3921 612 3957 c.
631 3905 660 3956 is
682 3918 780 3957 rasere
797 3901 829 3956 Α.
855 3903 883 3958 S.
903 3907 931 3954 c.
949 3901 981 3956 Γ.
997 3907 1049 3956 oss.
1069 3917 1115 3970 pr.
1133 3901 1168 3954 D.
1190 3899 1203 3969 ΙΙ
1221 3895 1265 3955 25.
1284 3900 1417 3970 signitica-

196 3979 294 4027 bsntur
335 4014 342 4027 .

267 4115 305 4168 sd
327 4133 371 4169 res
392 4116 558 4186 repetendas)
588 4119 753 4182 Praepositio
777 4132 807 4169 re
829 4121 938 4183 propter
962 4119 1128 4182 praecedens
1152 4131 1196 4168 res
1219 4118 1246 4166 iu
1268 4117 1417 4180 archetypo

194 4189 331 4240 excidisse
350 4191 462 4240 uidetur.
498 4189 642 4241 Sollemnis
660 4190 687 4238 in
705 4190 884 4257 legationibus
903 4191 1025 4247 formida,
1048 4203 1102 4254 qus
1122 4203 1167 4239 res
1185 4189 1271 4251 repeti
1290 4188 1416 4240 dicuntur,

193 4261 266 4310 uus
283 4262 347 4310 nota
365 4263 415 4311 est.
448 4262 488 4311 Gi.
502 4261 587 4311 Varro
606 4261 640 4309 de
658 4261 693 4308 lin
715 4259 801 4312 .l.at.
819 4260 876 4317 illl,
898 4256 939 4311 15.
958 4261 1011 4312 Cic.
1030 4261 1063 4310 de
1082 4261 1126 4312 od'.
1146 4261 1165 4317 1,
1187 4254 1229 4317 11,
1247 4253 1297 4312 :tte
1316 4257 1350 4307 id.
1369 4271 1417 4318 pre

193 4331 269 4382 Sest.
286 4325 331 4389 211,
350 4327 395 4381 51.
414 4331 481 4383 Piin.
499 4333 526 4382 h.
546 4346 573 4382 n.
590 4330 677 4388 XXII,
695 4275 722 4388 3,
740 4325 767 4380 3.
795 4331 825 4381 ln
843 4331 901 4382 Liu.
920 4332 941 4388 1,
960 4325 1005 4390 32,
1024 4325 1042 4382 5
1060 4345 1094 4381 ex
1112 4331 1211 4394 optimo
1230 4329 1288 4377 cod.
1302 4325 1417 4376 tierent.

193 4403 267 4453 idem
284 4403 411 4452 mendum
430 4404 565 4453 euenum
584 4406 635 4452 est.

266 4467 293 4522 t.
310 4470 470 4533 smum)
487 4474 527 4526 Cf.
546 4473 632 4523 Varro
650 4473 684 4522 de
701 4473 767 4540 ling.
784 4473 844 4526 Lat
863 4473 920 4532 1111,
938 4467 982 4525 ³2
1314 4471 1317 4478 '

267 4539 293 4594 1.
311 4543 351 4593 ct.
369 4543 467 4596 Zonar.
486 4545 542 4603 vn,
563 4539 604 4596 15.
623 4543 764 4594 rtemann.
783 4545 808 4594 d.
825 4544 902 4596 Ram.
921 4545 1001 4594 senat
1017 4559 1040 4595 z.
1060 4543 1112 4594 seit
1129 4542 1154 4592 d.
1174 4555 1229 4603 rep.
1248 4554 1274 4602 p.
1290 4531 1340 4586 1011
1358 4549 1416 4601 sqq.

264 4617 372 4667 metu
389 4609 515 4665 cessans
535 4611 674 4675 Tls'ttern)
700 4614 808 4673 Eorum,
833 4629 902 4680 qrroo
922 4615 948 4665 in
971 4616 1030 4665 cod.
1048 4613 1120 4666 Petri
1137 4610 1258 4676 Danielis
1284 4606 1416 4675 leguntur,

192 4680 328 4742 aurita
343 4698 366 4736 s.
384 4697 408 4737 e.
428 4698 450 4737 c.
469 4683 560 4740 litters
576 4688 632 4736 tres
649 4686 730 4737 notae
747 4700 771 4739 s.
782 4699 804 4736 c.
817 4697 851 4744 a,
871 4686 1018 4738 recondere
1030 4699 1111 4738 manu
1124 4682 1250 4748 seuque,
1268 4677 1417 4746 “⁰0¹⁸ss
