3409 5400
590 503 673 603 nis.
695 500 739 615 u,
763 510 800 602 o.
825 536 857 614 s,
880 536 953 603 ext.
975 546 1006 614 t·
1031 540 1062 605 s.
1367 544 1434 611 417

80 740 104 779 ς
211 700 460 785 potentissimae
483 696 678 773 iudicentur,
703 697 875 763 clementie
898 707 931 762 et
951 698 1144 765 liberalitate
1161 702 1434 771 instructissimus

210 814 335 872 tentum
359 808 483 872 nonin
507 804 619 869 eculeo
643 804 686 869 ab
708 803 967 871 Atheniensibus
982 807 1147 891 inpositus
1163 819 1228 887 est3
1252 822 1337 876 certe
1360 828 1436 899 post

211 913 333 978 obitum
361 912 484 980 nullom
513 910 640 977 Atticae
669 912 832 999 regionis,
869 934 953 999 quoe
984 914 1118 981 ossibus
1149 918 1220 983 eius
1250 918 1435 998 inicerent,

211 1020 377 1107 glebulam
399 1019 535 1096 inuenit,
557 1020 669 1085 iussus
694 1030 785 1085 extra
808 1020 892 1085 iines
914 1022 1034 1106 proici,
1062 1024 1150 1089 intre
1178 1046 1262 1112 quos
1292 1027 1435 1112 optimus

88 1176 106 1188 ..
187 1126 295 1192 sciuis
319 1126 452 1195 uixerat.

79 1392 104 1435 J
214 1352 236 1415 1.
255 1362 284 1411 ei
301 1372 350 1413 orn.
369 1357 401 1413 Γ.
413 1358 560 1429 illiberteie
578 1356 610 1412 A.
624 1356 674 1428 112.
693 1376 746 1412 non
764 1362 867 1413 tentum
885 1358 1228 1432 connerinensem
1249 1362 1313 1418 Par.
1325 1363 1434 1433 licente]

210 1430 499 1573 lffntcelnssrffltiw
510 1429 524 1502 ΙΙ
536 1428 561 1487 3.
580 1432 732 1501 iniceretur]
752 1436 901 1487 uerteretur
918 1433 955 1489 E.
967 1434 982 1505 ΙΙ
992 1430 1018 1489 4.
1037 1438 1113 1487 extre
1125 1436 1207 1503 fines]
1226 1437 1295 1489 iines
1314 1441 1389 1489 esset
1401 1434 1433 1492 1⁴⁹.

210 1714 303 1769 minem
322 1718 428 1771 defendi
446 1732 531 1785 posse
551 1719 740 1780 arbitrabatur,
760 1722 895 1787 iinppius‚
919 1722 1072 1773 duriuscule
1096 1724 1133 1772 ite
1156 1723 1274 1787 positum
1291 1725 1367 1787 puisi
1384 1740 1433 1789 pro

211 1804 259 1851 eo,
279 1794 350 1854 quod
368 1792 411 1842 est
429 1791 473 1841 ‘ed
492 1790 685 1842 conciliandum
704 1794 839 1843 bominum
865 1795 979 1861 gretiam
1004 1808 1106 1859 eosque
1131 1795 1165 1843 sd
1184 1795 1276 1858 portes
1295 1808 1361 1845 sues
1379 1798 1433 1846 ire·
1457 1827 1462 1843 .

211 1863 333 1913 bendos'.
369 1862 423 1913 Sed
442 1876 520 1913 nemo
538 1876 664 1928 umquem
678 1878 779 1931 perere
797 1880 845 1929 pro
863 1863 1006 1915 conciliare
1024 1869 1070 1915 out
1082 1865 1149 1915 dixit
1160 1867 1208 1916 aut
1219 1868 1307 1917 dicere
1318 1868 1433 1930 poteret,

211 1934 262 1983 nisi
282 1935 315 1984 de
340 1935 419 1985 rebus
445 1934 694 1993 condicionibusue‚
719 1950 787 2001 quas
811 1936 863 1999 ipsi
887 1938 1022 1986 nobismet
1045 1936 1175 1987 eiiieimus
1200 1940 1227 1987 et
1249 1952 1434 2001 procreamus.

211 2004 352 2055 Hominum
371 2019 489 2055 eruorem
508 2018 604 2069 perere
621 2006 670 2055 tibi
687 2008 797 2069 poteris,
815 2006 917 2071 poteris
935 2008 1033 2065 odium.
1052 2009 1168 2067 amicos,
1186 2024 1251 2059 nem
1268 2010 1330 2072 ipsi,
1350 2010 1378 2059 ut
1395 2011 1434 2060 ite

211 2076 306 2135 dicem,
326 2076 439 2127 facimus
458 2077 560 2127 amicos
577 2080 695 2127 nostros.
736 2079 827 2141 lpsiun
846 2079 995 2135 hominem.
1018 2094 1096 2143 quern
1119 2080 1167 2129 tibi
1191 2081 1353 2139 connibenti,
1378 2096 1432 2132 non

85 2150 102 2196 ,Ε
167 2181 177 2191 .
213 2148 274 2197 ideo
293 2148 435 2213 peperisse
458 2148 563 2199 diceris.
609 2146 709 2197 Similis
729 2152 888 2207 causaest,
914 2165 960 2199 cur
982 2150 1044 2199 terri
1067 2152 1185 2215 nequent
1208 2152 1277 2215 qnod
1296 2152 1323 2201 in
1341 2167 1432 2202 recen·

209 2218 320 2269 iioribus
340 2220 499 2286 quibusdam
518 2218 592 2269 libris
611 2220 768 2283 temptatum
788 2222 838 2277 est,
859 2212 896 2269 ad
909 2217 1062 2284 potiendum
1080 2218 1216 2275 bominem,
1237 2234 1271 2271 ee
1288 2223 1386 2279 mente,
1405 2222 1433 2270 ni

79 2298 81 2308 ⁴
210 2290 300 2348 t'oilor.
320 2294 348 2339 ut
366 2290 562 2359 significaretur
582 2290 742 2341 Phocionem
765 2290 809 2341 bis
834 2291 1003 2354 potissimum
1027 2292 1133 2340 dotibus
1155 2294 1313 2341 instructum
1336 2292 1431 2351 inisse,

211 2376 280 2427 quse
304 2361 411 2412 eiiicere
436 2362 585 2424 potuissent
609 2362 637 2409 ut
660 2362 734 2411 ciues
758 2376 819 2411 eum
842 2361 955 2411 libenter
978 2362 1078 2412 ferrent
1096 2379 1129 2412 sc
1152 2364 1314 2426 peterentur.
1362 2363 1432 2412 Nem

211 2430 317 2483 etiamsi
336 2432 392 2496 pati
411 2432 522 2482 dicimus
540 2444 603 2491 oon,
626 2448 738 2495 quorum
756 2433 974 2482 consuetudinem
998 2447 1051 2484 non
1075 2434 1227 2497 respuimus
1250 2447 1301 2483 nec
1318 2434 1433 2484 moleste

211 2504 331 2561 ierimus,
351 2503 396 2567 (ci.
415 2502 476 2555 Ter.
496 2503 577 2553 Andr.
597 2503 615 2561 1,
637 2500 661 2560 1,
680 2498 724 2562 35,
743 2501 789 2553 Sic
806 2501 864 2554 uita
882 2507 954 2554 not.-
964 2501 1054 2569 facite
1072 2517 1159 2554 omnes
1172 2501 1298 2571 persone
1310 2516 1342 2553 oc
1355 2502 1433 2570 poti:

213 2572 275 2627 com
299 2570 393 2641 quibru
415 2578 472 2624 erot
503 2588 609 2639 cumque
637 2588 703 2633 ono.
731 2571 768 2624 iis
789 2587 845 2624 rese
869 2570 979 2634 dedere,
1007 2571 1107 2625 Eorum
1129 2572 1226 2625 studiis
1249 2570 1357 2641 obsequi
1359 2594 1371 2632 ,·
1394 2573 1433 2624 ito

208 2642 344 2706 sedisne
365 2642 427 2695 Sine
450 2640 554 2695 inuidia
577 2640 680 2695 taudem
703 2643 824 2697 inuenies
847 2650 873 2695 et
901 2645 1000 2697 amicos
1020 2652 1124 2714 poree.)
1147 2652 1238 2696 umen
1267 2646 1372 2695 dotibus
1398 2646 1433 2695 ed

211 2717 366 2781 patiendum
389 2717 523 2766 bominem
547 2715 740 2780 potentissimis
764 2719 908 2768 instructus
931 2733 1011 2768 nemo
1039 2719 1171 2782 uppeiiori
1198 2720 1300 2782 potest,
1331 2719 1382 2767 nisi
1405 2719 1433 2767 in

212 2803 263 2854 quo
291 2789 353 2839 iiine
379 2789 455 2838 dotes
480 2789 598 2838 efficient
622 2790 650 2838 nt
673 2790 733 2852 ipse
758 2789 826 2838 ulios
852 2789 930 2840 ieciie
960 2791 1077 2854 perteret
1105 2805 1137 2840 nc
1160 2790 1278 2853 potietur
1302 2790 1433 2839 homines.

211 2859 304 2925 Neque
322 2875 386 2910 uero
405 2861 495 2927 magis
514 2859 672 2911 adiuuemus
690 2861 804 2910 uirorum
824 2862 962 2911 doctorum
981 2861 1152 2919 coniecturis,
1178 2875 1247 2926 ques
1270 2860 1434 2924 protulerunt

210 2931 372 2990 innumeros,
391 2927 428 2982 od
441 2927 599 2998 pariendum
618 2929 739 2982 bonorem
758 2929 829 2996 (ΑΜ.
843 2933 870 2982 ct
884 2932 1082 2994 diotecensi).
1101 2927 1138 2981 od
1145 2927 1296 2998 pecandum
1307 2929 1434 2982 bominem

210 3003 321 3071 (mgb),
341 2998 378 3053 od
390 2998 553 3069 percendum
571 3000 670 3054 bomini
688 3001 797 3067 (lipsi,
817 2999 854 3052 od
866 2999 1027 3069 piscandum
1045 3001 1170 3053 bominem
1189 3003 1317 3067 (voret),
1336 2999 1374 3052 od
1391 3016 1433 3052 on·

206 3071 331 3141 piendum
349 3072 474 3124 bominem
493 3073 611 3140 (Porio).
648 3075 708 3124 Vno
719 3075 791 3124 baud
805 3074 939 3138 displicuit
950 3074 1078 3133 Torrcnii.
1099 3069 1136 3124 ud
1143 3070 1301 3142 pariendum
1319 3088 1434 3125 umorem

209 3141 346 3197 bominum
382 3145 493 3196 Molioni
510 3149 602 3198 temen
625 3147 747 3208 equidem
770 3149 872 3196 morteto
895 3147 987 3196 ordine
1012 3146 1139 3212 supplere
1163 3141 1200 3194 od
1211 3141 1372 3211 pariendum
1389 3143 1433 3195 io·

209 3213 307 3264 minum
326 3230 448 3266 amorne.
485 3216 578 3280 ltaque
596 3217 657 3266 dum
676 3217 787 3268 meliore
806 3218 936 3276 docebor,
961 3218 1065 3268 litteras
1091 3216 1224 3279 scripturo
1245 3218 1386 3266 distinctos
1406 3217 1433 3265 in

211 3285 360 3351 menetypo
377 3286 468 3337 codice
482 3287 621 3338 'interiisse
639 3291 749 3351 putubo.

282 3359 380 3406 roomo
397 3371 450 3407 oon
467 3355 497 3407 in
514 3355 600 3408 mulso
619 3353 652 3406 ab
669 3356 870 3410 Atheniensibus
886 3356 1026 3426 inpositos
1042 3361 1090 3415 est)
1108 3359 1149 3406 ite
1164 3359 1272 3408 inuerso
1290 3359 1434 3406 uerborum

212 3429 311 3486 ordine,
331 3443 390 3478 cnm
409 3429 468 3478 iibri
487 3441 591 3479 summo
610 3443 744 3479 consensu
763 3433 931 3479 nectentem
948 3429 1093 3484 truderent,
1110 3429 1220 3478 cotenus
1230 3427 1435 3476 usitatissimum

211 3501 272 3550 hnic
291 3500 415 3563 scriptori
434 3499 536 3549 dicendi
555 3511 642 3566 genus
661 3500 783 3551 restituit.
819 3497 873 3566 (Cf.
892 3500 978 3563 praei.
997 3515 1024 3562 p.
1041 3494 1098 3558 ii.)
1133 3499 1230 3552 Recte:
1249 3513 1344 3562 perum
1363 3497 1435 3547 enirn

212 3571 296 3620 nbiuit
312 3571 377 3632 quin
395 3571 563 3636 torqueretur
580 3571 712 3624 Phocion:
732 3583 818 3634 neque
836 3572 927 3619 tamen
944 3573 1031 3618 tortus
1049 3571 1101 3619 est.
1138 3569 1176 3621 Ci.
1201 3568 1269 3620 Piut.
1290 3569 1371 3619 Phoc.
1389 3563 1434 3620 ³5.

213 3643 336 3692 Ceterum
354 3642 490 3691 abistiuus
507 3657 566 3692 curn
585 3641 784 3706 praepositione
802 3639 830 3688 in
852 3655 902 3702 pro
926 3641 1007 3689 dandi
1032 3653 1099 3688 casu
1123 3641 1169 3687 unt
1194 3641 1349 3689 accusation
1373 3653 1434 3689 cum

212 3714 306 3764 eedem
331 3713 542 3777 praepositione,
573 3725 650 3778 quem
680 3713 707 3761 in
730 3711 888 3774 compendio
912 3709 991 3760 buius
1020 3710 1135 3774 exempti
1161 3711 1252 3775 posuit
1273 3711 1321 3762 lui.
1345 3709 1433 3767 Paris,

212 3786 324 3849 excepto
343 3799 395 3834 uno
414 3785 465 3835 boc
484 3785 543 3834 ioco
561 3798 615 3832 non
635 3784 732 3859 iegitur
756 3783 826 3846 opud
845 3781 996 3840 valerium.
1020 3782 1064 3846 qni
1087 3781 1243 3847 pierumque
1266 3783 1344 3832 tertio
1366 3795 1434 3830 cusu

211 3855 365 3922 utitur(111‚
384 3851 411 3915 3.
430 3856 483 3907 exi.
501 3849 527 3906 2.
548 3854 590 3910 Vi.
610 3852 635 3910 8.
657 3851 680 3905 1.
700 3853 769 3910 Viii.
791 3849 831 3904 ii.
852 3853 905 3904 ext.
923 3849 950 3910 5,
968 3849 1064 3904 eculeo.
1084 3853 1103 3908 1.
1123 3851 1149 3908 8.
1167 3855 1221 3904 ext.
1242 3849 1265 3904 1.
1283 3853 1315 3912 V,
1337 3849 1360 3912 1,
1379 3853 1434 3904 ext.

210 3922 236 3980 6.
256 3927 311 3986 vii,
334 3925 357 3984 1,
379 3924 403 3985 1,
421 3939 493 3992 repo.
513 3924 556 3984 vl,
575 3919 601 3982 9,
620 3921 646 3976 2.
666 3923 733 3983 vm,
753 3919 778 3982 9,
798 3920 890 3980 ext2.
909 3919 1064 3975 ceneto.
1083 3923 1128 3980 111,
1143 3919 1167 3982 i,
1188 3921 1211 3976 1.
1231 3920 1433 3982 V11‚2.e1t5‚

211 3997 323 4066 copiti),
347 3999 478 4048 interdurn
496 3997 652 4047 accusetiuo
671 4011 729 4046 curn
754 3996 953 4060 praepositione
977 3994 1052 4057 (1111.
1072 3989 1102 4049 b,
1122 3991 1154 4053 ³.
1178 3993 1206 4044 in
1230 4006 1329 4062 room-
1351 3995 1384 4054 V,
1410 3991 1433 4052 1,

212 4072 265 4120 ext.
286 4067 297 4120 1
319 4066 347 4118 in
364 4083 438 4120 uoto
455 4065 570 4132 sedem).
608 4067 664 4118 Nec
682 4081 750 4117 senc
763 4066 862 4116 difficili
879 4067 1026 4116 mutatione
1037 4066 1165 4115 eiterutro
1174 4067 1257 4116 modo
1268 4067 1338 4116 hoec
1349 4067 1434 4116 uerba

212 4142 246 4192 od
265 4140 407 4208 uulgarem
425 4141 528 4191 dicendi
548 4154 668 4189 normam
687 4139 859 4206 reiingnntur.
901 4136 970 4187 Sunt
984 4139 1075 4187 tomen
1098 4151 1158 4186 cum
1182 4137 1359 4200 antiquiorum
1377 4139 1434 4186 tum

211 4213 386 4262 recentiorum
405 4211 707 4277 scriptorumexernpin‚
725 4209 822 4272 quibus
842 4209 991 4258 detenditur
1002 4208 1137 4257 ablaticus
1156 4221 1215 4257 cum
1233 4209 1434 4272 praepositione

210 4279 247 4335 in.
289 4282 357 4332 Nolo
382 4283 418 4332 uti
436 4282 551 4334 Cornelii
573 4282 632 4332 ioco
657 4278 780 4346 (cimi,
801 4277 828 4344 1)
852 4284 883 4330 ut
903 4293 1041 4347 nonquons
1063 4277 1092 4328 in
1116 4275 1155 4328 eis
1172 4279 1281 4343 (bortis)
1302 4273 1434 4328 cuswden

210 4351 366 4422 hiponensi
383 4355 436 4414 ubi,
458 4356 483 4406 si
500 4354 625 4405 obsolute
642 4354 759 4417 positum
784 4351 950 4415 accipiemus
974 4352 1083 4400 uerbum
1108 4350 1185 4409 iliud,
1210 4349 1433 4414 quemadmodum

210 4427 237 4476 in
256 4427 318 4478 beii
337 4425 392 4478 Ab.
412 4423 436 4485 7,
455 4423 481 4484 2.
499 4421 705 4486 (ombrionibur
722 4419 759 4473 nd
772 4427 870 4489 portos
886 4419 980 4490 oppidi
998 4426 1024 4471 et
1040 4416 1168 4472 melodiis
1184 4418 1334 4487 inpositis),
1357 4419 1432 4467 ubie-

210 4497 282 4549 iiuus
299 4496 329 4548 in
347 4495 386 4548 eit
402 4511 436 4547 ne
455 4499 505 4548 erit
522 4497 629 4557 quidem
647 4497 727 4559 uptus
747 4497 782 4544 nb
800 4495 970 4559 imponendo,
990 4497 1018 4543 ut
1035 4496 1108 4543 recte
1126 4493 1228 4541 monuit
1239 4491 1433 4553 Nipperdeius3
1471 4527 1478 4534 .

210 4583 261 4620 nec
279 4569 348 4619 Liuii
366 4569 489 4633 exemplo
507 4567 632 4626 XXXVI,
653 4562 695 4624 12,
716 4562 757 4624 11,
777 4565 821 4613 ubi
840 4566 936 4615 similis
945 4565 1013 4615 rutio
1032 4564 1177 4614 intercedit.
1213 4561 1435 4610 electissimum

211 4643 256 4692 est
272 4641 408 4692 ciceronis
426 4640 490 4690 iilud
509 4642 542 4690 de
563 4641 618 4690 net.
643 4639 716 4688 deor.
740 4636 765 4694 1,
790 4631 838 4694 2⁰,
863 4633 911 4696 ot,
937 4633 1028 4703 Itaque
1050 4628 1212 4701 inposuistis
1234 4629 1264 4680 in
1288 4627 1436 4681 cauetur

210 4709 310 4764 menis
325 4709 509 4778 sempiternom
528 4707 675 4763 mneos.
701 4709 744 4758 ubi
770 4709 830 4758 uide
848 4707 953 4758 Diuisit
977 4705 1203 4758 commentorium.
1241 4703 1279 4755 Cf.
1298 4702 1378 4754 etiem
1396 4702 1434 4750 in·

211 4783 461 4853 terpr.on1.iu.1,
484 4779 524 4846 18,
544 4777 570 4845 Q
590 4783 618 4834 et
635 4779 700 4835 sui
719 4779 777 4849 lug.
797 4773 840 4842 til,
862 4775 886 4830 l.
