3409 5400
324 506 390 574 586
732 505 793 571 ΒΕ
816 501 1132 571 TESTAMENTIS.

282 666 313 732 o.
413 664 501 745 Quid
515 666 675 733 Mamerci
689 666 810 732 Aemili
823 664 941 753 Lepidi
961 663 1105 729 consulis
1122 684 1223 750 quarn
1239 683 1362 749 graue
1384 658 1552 724 decretos?

324 772 491 837 Genucius
514 774 658 859 quidam,
680 774 795 839 matris
810 791 956 859 magnae
980 770 1105 844 Gallus,
1129 792 1151 835 a
1174 770 1234 837 Gn.
1260 768 1407 834 Oreste
1434 778 1555 849 praem}

324 878 414 944 urbis
442 881 672 965 impetrauerat
704 890 740 943 ut
769 878 894 944 restitui
930 897 966 942 se
1002 878 1036 940 in
1064 876 1154 941 bona
1182 874 1293 941 Naeui
1326 874 1417 937 Ani
1452 872 1558 934 iubs«.

324 1006 462 1072 quorum
484 986 735 1073 possessionem
758 983 939 1050 secundum
955 981 1083 1047 tabulae
1099 984 1285 1047 testamenti
1311 981 1368 1045 ab
1388 982 1480 1063 ipso
1497 997 1560 1039 ace

323 1103 424 1179 perat.
469 1091 663 1179 Appellatus
677 1091 865 1157 Mamercus
889 1112 910 1154 a
926 1088 1079 1164 Surdino,
1103 1089 1196 1153 cuius
1214 1088 1366 1151 libertus
1390 1085 1562 1149 Genucio.

323 1198 477 1263 heredem
492 1199 626 1273 fecerat,
640 1198 839 1283 praetoriam
853 1194 1110 1261 iurisdictionem
1123 1194 1310 1280 abrogauit,
1328 1192 1449 1281 quod
1467 1191 1562 1255 dicus

324 1306 505 1369 Genucium
528 1306 705 1392 amputatis
728 1304 909 1389 suiipsius
934 1312 1050 1388 sponte
1078 1300 1277 1389 genitalibus
1300 1300 1490 1387 corporis
1513 1316 1564 1381 pe:-

323 1410 407 1476 tibus
419 1432 526 1499 neque
548 1412 693 1477 uirorum
708 1432 815 1497 neque
827 1409 999 1475 mulierum
1016 1429 1151 1472 numero
1167 1404 1282 1489 haberi
1297 1406 1465 1471 debere.
1502 1403 1564 1465 Cos-

323 1518 462 1583 ueniens
484 1517 669 1593 Mamerco,
699 1518 900 1583 conueniens
932 1515 1071 1599 principi
1102 1523 1237 1577 senatus
1266 1512 1485 1585 decretum,
1518 1531 1565 1593 qu

290 1608 301 1623 ⁰
322 1626 490 1711 prouisum
514 1638 564 1689 est
593 1646 636 1689 ne
658 1624 803 1689 obscena
829 1622 967 1687 Genucii
994 1621 1180 1709 praesentia
1205 1620 1475 1707 inquinataque
1500 1632 1574 1679 uitet

323 1730 496 1797 tribunalia
516 1731 768 1818 magistratuum
791 1728 853 1793 sub
877 1730 987 1814 specie
1011 1729 1100 1814 petiti
1122 1727 1202 1792 iuris
1224 1724 1490 1809 polluerentur.

326 1888 348 1942 l.
367 1890 489 1941 mamerti
506 1886 543 1941 D.
567 1890 690 1939 mamurii
707 1886 743 1940 Β.
767 1890 873 1939 manieti
896 1886 1168 1955 arrreptitiorum
1192 1880 1220 1939 F.
1236 1882 1291 1951 112.
1310 1888 1460 1954 genieius
1474 1880 1560 1953 pal

322 1962 440 2028 mnibus
459 1955 585 2012 cnuti.
607 1954 643 2010 Vt
658 1972 706 2010 aus
723 1957 786 2011 Par.
799 1956 849 2026 113.
868 1960 1020 2024 impetrauit
1036 1956 1071 2014 E.
1083 1958 1097 2026 ΙΙ
1109 1958 1196 2008 Naeui
1213 1956 1276 2023 Ani]
1295 1959 1444 2009 nusuiani
1467 1952 1560 2007 ΜΕ

319 2045 364 2098 pr.
383 2027 418 2085 A,
440 2027 518 2083 Torr.
536 2032 624 2081 naeuii
647 2031 701 2081 anii
719 2043 788 2081 corr.
807 2028 839 2083 A.
866 2032 971 2081 ueniant
991 2028 1050 2083 CF.
1074 2026 1136 2080 odd.
1160 2029 1245 2079 liberti
1270 2030 1380 2079 surdini
1411 2041 1513 2091 *urps
1528 2021 1555 2073 li.

332 2098 347 2167 ΙΙ
358 2098 383 2154 5.
402 2104 548 2152 mamertus
565 2098 602 2153 D.
620 2105 767 2152 marturius
784 2099 820 2153 E.
842 2102 973 2152 municius
993 2099 1024 2154 F.
1036 2099 1050 2167 ΙΙ
1066 2101 1182 2151 sordinio
1204 2096 1270 2150 Fet
1288 2112 1365 2150 corr.
1385 2098 1426 2151 A.
1457 2098 1554 2147 serdire

322 2170 457 2240 Β.115.εε
474 2170 499 2224 i.
517 2173 649 2241 genicium
668 2170 694 2223 Ε
707 2177 733 2223 et
746 2184 791 2238 pr.
802 2170 835 2223 A.
853 2174 982 2241 genitium
994 2168 1086 2224 ΟΜ.
1098 2171 1111 2239 ΙΙ
1123 2170 1148 2223 i.
1168 2170 1296 2234 amputati
1312 2183 1360 2235 pr.
1384 2169 1421 2223 C.
1435 2170 1453 2235 it
1467 2165 1492 2219 9.
1511 2180 1553 2214 ur

322 2246 408 2295 merto
425 2241 461 2296 D.
480 2248 611 2295 mamerto
629 2241 664 2296 E.
683 2244 807 2294 manicito
825 2241 857 2296 F.
872 2242 884 2313 ΙΙ
898 2246 968 2307 qtrod
989 2242 1021 2295 A.
1033 2240 1046 2309 ΙΙ
1064 2240 1105 2295 10.
1125 2244 1261 2293 obscoena
1278 2255 1352 2293 corr.
1373 2240 1410 2293 A.
1432 2242 1449 2308 Η
1468 2239 1550 2307 geri-t¹2

323 2312 351 2369 Ε
368 2320 395 2367 et
405 2330 452 2382 pr.
469 2312 502 2368 A.
520 2316 612 2383 genitit
631 2313 693 2368 CD.
711 2315 813 2384 gemitii
830 2312 860 2366 F.

323 2459 465 2522 explicato,
484 2459 514 2508 ut
524 2458 647 2520 equidem
665 2457 766 2521 opinor,
785 2456 941 2522 compendio
960 2454 1016 2509 ΡΗ.
1034 2450 1148 2506 Vitffls.
1184 2452 1260 2513 Quod
1272 2463 1367 2502 tamen
1390 2452 1546 2503 transl-uu

323 2546 342 2579 ιι
360 2533 509 2580 correctore
527 2530 553 2578 in
572 2530 690 2579 codicem
709 2529 874 2579 Beruensem
894 2530 920 2579 et
939 2528 1000 2577 inde
1024 2528 1051 2575 iu
1069 2525 1231 2576 recentiores
1256 2524 1360 2589 aliquot
1386 2525 1481 2574 libros
1499 2536 1546 2584 pm
1573 2559 1574 2562 ,

323 2602 407 2649 basse
425 2600 528 2649 uidetur
540 2600 657 2664 Lipsius,
677 2615 736 2649 corn
756 2600 886 2649 dubitaret
904 2614 939 2648 un
958 2598 1125 2649 referendum
1136 2598 1210 2645 esset
1228 2594 1263 2645 ud
1274 2595 1306 2647 L.
1321 2595 1459 2646 sisenem
1480 2604 1543 2657 prae

323 2670 421 2720 fectum
440 2670 505 2726 urbi,
525 2684 603 2736 quem
622 2674 863 2723 commemorarunt
882 2670 999 2720 Velleius
1019 2670 1050 2727 ll,
1069 2662 1112 2726 98,
1135 2666 1244 2718 Tacitus
1263 2682 1326 2718 uun.
1344 2666 1401 2726 vt,
1430 2662 1481 2720 lt),
1500 2661 1541 2712 ati

322 2740 375 2790 Sed
395 2755 429 2790 ne
448 2742 534 2790 dicam
553 2743 587 2792 de
605 2741 712 2792 diuerso
730 2743 917 2806 praenomine,
942 2757 995 2791 non
1014 2744 1057 2790 est
1074 2739 1193 2804 proiecto
1212 2740 1268 2787 ueri
1287 2738 1378 2788 simile
1400 2739 1489 2788 talem
1508 2737 1541 2781 ts·

322 2825 416 2860 norum
434 2813 638 2875 possessionem
655 2814 718 2862 tune
735 2813 864 2876 temporis
882 2814 915 2862 ud
930 2811 1058 2876 praelecti
1072 2809 1165 2860 urbani
1178 2809 1355 2878 cognitionem
1372 2807 1537 2873 pertinuisse

322 2881 451 2931 Fortasse
469 2895 538 2945 quae
557 2882 600 2931 hic
612 2886 755 2932 narrantur
771 2884 951 2951 intellegenda
963 2884 1025 2932 sunt
1037 2884 1070 2932 de
1084 2883 1112 2932 G.
1126 2880 1265 2943 Calpurnio
1278 2879 1390 2934 Pisone,
1413 2877 1539 2930 Ciceronis

320 2953 436 3074 qqquqtl,
446 2952 700 3078 popsuleuafflq
715 2949 1064 3075 ffiikpplqpnillqlssppius
1084 2953 1243 3001 mentionem
1263 2950 1331 3002 iecit.
1357 2943 1536 3002 celeratur.

373 3059 382 3072 ·
410 3037 426 3071 ὓ
469 3035 486 3070 tt
515 3035 541 3070 Β·
583 3056 591 3078 ι
894 3059 902 3080 ι
958 3059 965 3080 ι
1002 3059 1010 3077 ι

391 3089 418 3142 tt.
435 3088 566 3143 Mamaos·
582 3089 678 3142 Aemili
694 3089 794 3158 Lepidi
811 3093 936 3148 conabo
958 3095 1131 3144 Consulatum
1150 3093 1260 3142 obtinuit
1277 3107 1303 3142 s.
1323 3107 1348 3142 ιι.
1366 3107 1395 3144 c.
1418 3087 1482 3141 liii.
1507 3085 1536 3134 Εἰ

321 3160 694 3227 tast.Gap.Cic.B1-nt.di,
715 3159 774 3216 175.
796 3163 870 3217 Suet.
890 3168 969 3216 Caes.
988 3161 1014 3216 6.
1043 3165 1154 3214 Praeter
1173 3166 1261 3212 sutem
1280 3165 1404 3212 urbanus
1426 3161 1533 3212 einsdru

320 3236 384 3286 anui
400 3237 447 3287 cn.
466 3233 588 3284 Aufidius
606 3236 719 3286 Orestes
737 3236 804 3292 erat,
823 3250 858 3286 ex
877 3236 990 3288 Aureliis
1010 3237 1153 3299 adoptatus
1173 3251 1191 3283 ι
1208 3235 1254 3284 cn.
1273 3231 1389 3290 Aufidio,
1412 3234 1485 3284 idem
1502 3227 1533 3293 qu'
1571 3244 1572 3258 ¹

320 3307 489 3358 consolatum
559 3305 595 3356 sit
612 3321 637 3356 s.
657 3319 682 3358 u.
700 3321 725 3358 c.
742 3300 803 3358 68³.
823 3308 863 3360 Cf.
881 3309 934 3358 Cle.
952 3323 992 3370 pr.
1011 3308 1082 3356 dorn.
1103 3300 1144 3362 tt,
1162 3299 1206 3358 35.
1573 3349 1574 3358 ,

391 3375 478 3430 Naeui
494 3319 558 3438 frit}
578 3376 696 3427 uarices
720 3378 748 3427 et
770 3379 901 3430 editiones
924 3379 996 3428 mels
1021 3378 1089 3427 bueo
1107 3377 1264 3426 coniunctim
1287 3375 1393 3438 scriptu
1418 3376 1533 3425 exhibent

321 3447 460 3502 Nurritani.
496 3449 578 3499 ltecte
596 3451 666 3499 enim
684 3448 739 3498 iam
757 3448 912 3499 Perizonlus
934 3449 1121 3498 animaduertit
1143 3447 1298 3497 testatorem
1323 3446 1399 3495 illum
1423 3447 1532 3497 tibertus
1573 3480 1574 3516 ,

320 3522 405 3572 fnisse
423 3521 517 3570 Naeuii
536 3520 642 3570 Surdint
658 3520 772 3584 ideoque
791 3523 818 3569 et
835 3521 922 3584 ipsum
942 3519 1074 3570 Naeuium
1093 3518 1220 3568 debuisse
1238 3517 1376 3581 appellari
1419 3517 1471 3566 cni
1491 3513 1533 3576 opi

320 3592 392 3644 nioni
414 3592 640 3642 confirmationem
664 3590 743 3642 etiert
763 3605 888 3641 nummus
912 3592 982 3655 apud
1009 3590 1119 3640 liuttici.
1143 3589 1181 3647 V,
1204 3604 1231 3651 p.
1254 3581 1322 3642 sbti.
1345 3585 1532 3651 inscriptusl.

320 3661 471 3714 Nssvtvs
490 3659 670 3714 svuuths.
711 3663 752 3712 De
770 3675 802 3711 eo
820 3665 922 3712 tantum
941 3663 1030 3711 dubito
1054 3675 1116 3710 nuru
1135 3661 1207 3710 reete
1226 3660 1285 3710 ideo
1310 3659 1349 3707 uir
1366 3658 1533 3708 doetustous
1573 3668 1574 3676 ¹

321 3734 464 3783 coniecerit
481 3734 623 3799 tegendum
642 3745 706 3783 esse
724 3732 752 3782 ia
772 3727 841 3782 boso
859 3730 1005 3785 Naeuium.
1042 3731 1168 3787 ‘Potest',
1191 3731 1282 3792 iuquit,
1302 3735 1346 3779 ‘en
1363 3731 1533 3794 sequentibus
1573 3753 1574 3761 ι

321 3803 412 3868 colligi
430 3803 563 3852 hominem
581 3804 626 3852 bic
643 3805 759 3853 nondum
780 3817 844 3853 esse
867 3805 1045 3862 nominatum,
1068 3803 1175 3864 quondo
1200 3803 1237 3850 ait
1260 3797 1335 3850 euius
1357 3795 1476 3850 liberter
1496 3796 1533 3848 Gr

319 3868 425 3919 ιιιιοίιιιιι
446 3867 567 3920 taedeo·
587 3871 704 3936 sereret.
745 3874 867 3923 Dixisset
894 3875 963 3923 euim
994 3876 1037 3923 uot
1065 3871 1139 3924 cuius
1161 3869 1271 3922 utam
1293 3874 1351 3921 eret
1372 3865 1532 3922 Nm
1573 3870 1574 3874 ’

320 3939 345 3988 si
363 3953 424 3987 eum
442 3940 495 3987 inm
515 3953 598 4002 sopra
615 3943 653 3990 ita
670 3945 845 4000 nominasset.
868 3944 911 3993 uei
929 3945 1053 4006 superius
1072 3945 1105 3994 ad
1125 3957 1222 3994 nomen
1241 3942 1371 3992 Naeuisni
1389 3942 1533 3991 addidisset
1573 4000 1574 4004 Ἰ

319 4009 443 4058 libertum
468 4021 527 4056 cum
552 4009 636 4060 fuisse
657 4009 780 4064 Sordini'.
824 4013 903 4075 Atqui
927 4015 1014 4076 ipsum
1037 4014 1244 4065 hominem-suo
1269 4012 1375 4062 nomine
1393 4025 1412 4060 s
1433 4012 1531 4062 Valet-b
1573 4039 1574 4052 ι

319 4079 372 4126 buc
390 4077 451 4126 loco
470 4077 648 4144 significatum
667 4081 753 4132 fuisse
770 4098 805 4133 ox
822 4085 856 4133 iis
871 4083 1037 4146 perspicitur,
1057 4099 1127 4146 ιμιιιο
1139 4085 1293 4150 sequuntur.
1312 4095 1422 4149 quem
1435 4094 1533 4150 pora*

317 4145 417 4200 uiuam
434 4173 465 4184 -
487 4143 521 4196 ub
539 4146 613 4214 ipro
631 4157 777 4216 uccqrerat.
819 4158 987 4216 Quapropter
1010 4157 1090 4206 credo
1114 4169 1212 4206 nomen
1235 4156 1259 4205 ei
1278 4154 1363 4204 tbisse
1382 4153 1532 4204 Naeuiusa
1573 4145 1574 4154 ’

318 4222 440 4286 patrono,
459 4233 611 4286 cognomen
628 4235 662 4271 ex
680 4225 810 4274 seruitute
827 4225 957 4274 retentum
976 4225 1069 4278 Anius.
1111 4227 1205 4288 Neque
1229 4227 1307 4276 aliter
1324 4237 1395 4286 quae
1412 4224 1530 4274 Valerius
1573 4262 1574 4278 .

320 4293 468 4357 scripserat
484 4291 614 4341 intellexit
631 4291 713 4341 lulius
732 4293 819 4350 Paris,
841 4294 916 4345 cuius
935 4297 1120 4360 compendium
1138 4299 1272 4364 integrum
1290 4296 1418 4363 cognosci
1437 4308 1530 4358 operes

319 4365 432 4429 pretium
451 4365 504 4414 est.
540 4360 671 4414 Genucius
687 4359 794 4428 quidm
811 4363 905 4416 mattis
921 4381 1030 4434 mappae
1048 4365 1149 4422 Galim
1172 4383 1190 4418 u
1207 4364 1310 4420 Naeuio
1326 4363 1395 4417 Asu
1412 4363 1443 4416 ιἰι
1459 4370 1528 4416 teuta

319 4439 403 4486 nesto
420 4433 581 4494 mmm,
603 4431 748 4501 inpetrauit
764 4448 782 4485 ιι
801 4433 847 4487 ca.
867 4434 958 4490 Oreste
976 4443 1103 4506 praetore
1126 4435 1227 4490 urbere
1249 4443 1280 4488 ut
1301 4435 1329 4488 iu
1346 4433 1420 4488 tm
1437 4433 1528 4490 Neruii

319 4504 429 4557 ueniret.
464 4503 518 4557 Sed
534 4503 659 4557 Aemilius
675 4502 828 4558 Mamm
844 4520 914 4562 cur..
936 4507 1117 4576 intermitatur
1140 4523 1157 4560 o
1174 4504 1291 4560 Surdim
1304 4512 1420 4575 putrem
1437 4505 1528 4560 meus

319 4573 353 4627 Ae
370 4573 523 4634 meditate,
554 4575 697 4628 rectoriam
714 4573 923 4630 iurisdietionem
936 4576 1087 4645 abruperit,
1106 4577 1177 4647 quod
1188 4577 1288 4632 diceret
1300 4576 1442 4632 Graccis·
1452 4591 1526 4644 seqre

319 4643 437 4698 ιιὲνονιιιιι
451 4646 527 4715 perti
545 4663 575 4699 ιιι
591 4645 723 4716 interposi
735 4663 816 4715 poree
833 4663 914 4717 acque
931 4647 1073 4703 mutinum.
1110 4653 1140 4701 ln
1158 4653 1256 4717 quibus
1274 4665 1415 4715 perperam
1436 4649 1524 4713 duplici

320 4716 455 4785 gentilicio
473 4720 581 4770 nomine
598 4720 666 4788 bbg.
684 4720 774 4772 Maius
785 4721 917 4772 Naeuium
934 4720 1048 4772 Annium
1065 4722 1155 4786 posuit
1171 4736 1221 4786 pro
1239 4721 1342 4774 Naeuio
1359 4721 1436 4781 tato,
1452 4733 1522 4787 qoem
