3409 5400
251 492 318 567 tet
665 486 726 555 Dii
748 482 1058 555 FORTITVDINE.

211 652 244 721 3.
341 651 413 721 Hoc
439 650 505 716 loci
533 647 700 714 Leonidas
730 646 851 713 nobilis
879 648 1065 733 Spartanus
1094 648 1250 723 occurrit,
1279 648 1373 714 cuins
1401 670 1479 736 pro·

253 762 370 847 posito,
393 778 502 843 opere,
526 757 612 821 exitu
634 752 715 819 nihil
737 755 864 819 fortius.
917 752 1005 818 Nam
1034 773 1110 817 eum
1133 751 1217 818 CCC
1238 754 1367 819 ciuibus
1390 757 1482 842 apud

254 849 489 950 Thermopylas
513 862 571 925 toti
585 859 688 931 Asiae
713 859 871 935 obiectus,
896 879 1032 945 manem
1050 858 1142 923 illum
1165 869 1198 923 et
1218 862 1305 924 mari
1319 871 1351 924 et
1371 872 1480 927 terrae

251 970 400 1046 Xerxen,
422 989 484 1033 nec
512 965 699 1033 hominibus
729 976 853 1033 tantum
884 965 1059 1031 terribilem
1088 965 1149 1029 sed
1170 963 1324 1052 Neptuno
1348 990 1480 1054 quoque

253 1076 419 1163 conpedes
449 1084 480 1137 et
507 1072 598 1137 caelo
631 1071 782 1135 tenebras
812 1073 1034 1146 minitantem,
1069 1074 1251 1157 pertinacia
1280 1076 1409 1139 uirtutis
1435 1077 1509 1141 ads

252 1184 400 1249 ultimam
422 1179 684 1265 desperationem
707 1178 843 1264 redegit.
892 1176 1043 1241 Ceterum
1065 1178 1205 1261 perfidia
1227 1188 1259 1242 et
1280 1179 1407 1245 scelere
1428 1183 1480 1246 in·

254 1290 400 1355 coleram
423 1290 493 1353 eius
516 1286 662 1375 regionis
685 1292 717 1345 et
736 1282 802 1347 loci
833 1268 1092 1368 opportunitate,
1122 1304 1188 1369 qua
1216 1283 1393 1369 plurimum
1418 1288 1480 1353 ad.

253 1395 437 1471 iuuabatur,
462 1392 631 1479 spoliatae,
655 1390 803 1453 occidere
828 1390 991 1454 dimicans
1015 1412 1115 1475 quam
1138 1389 1350 1477 adsignatam
1372 1392 1438 1457 sihi
1461 1416 1483 1457 a

255 1502 558 1591 patriastationem
581 1499 735 1563 deserere
751 1494 876 1571 maluit,
900 1496 1049 1581 adeoque
1073 1495 1174 1559 alacri
1198 1498 1307 1561 animo
1331 1519 1412 1563 suos
1436 1499 1483 1564 ad

253 1608 290 1675 id
312 1606 486 1693 proelium,
517 1627 581 1691 quo
604 1605 737 1690 perituri
760 1614 868 1675 erant,
902 1600 1091 1667 cohortatus
1120 1612 1171 1667 est
1199 1613 1235 1664 ut
1260 1602 1382 1667 diceret
1411 1605 1522 1671 ‘Siets

255 1714 428 1801 prandete,
451 1710 692 1784 conmilitones,
717 1720 885 1793 tamquam
906 1707 994 1792 apud
1010 1708 1134 1771 inferos
1154 1709 1342 1774 caenaturi.
1387 1710 1481 1775 Mor-s

257 1830 327 1883 erat
356 1820 561 1891 denuntiata;
589 1814 861 1889 Lacedaemonii,
891 1814 1026 1899 perinde
1055 1835 1095 1877 ac
1123 1814 1262 1879 uictoria
1289 1825 1481 1901 esset·pro·

257 1925 374 1998 missa,
401 1923 486 1987 dieto
509 1920 662 2006 intrepidi
683 1930 871 2007 paruerunt.

215 2020 247 2087 4.
349 2026 537 2114 Othryadae
567 2048 696 2115 qaoque
726 2046 840 2112 pagna
867 2028 988 2111 pariter
1017 2048 1056 2089 ac
1084 2035 1189 2090 morte
1217 2027 1371 2111 speciosa
1394 2027 1484 2114 Thy·

257 2135 397 2199 restium
418 2134 516 2199 laude
540 2156 637 2222 qnam
659 2133 766 2218 spatio
788 2128 886 2197 latius
907 2130 1015 2197 solum
1030 2133 1183 2195 cernitur.
1229 2131 1295 2213 Qui
1317 2136 1521 2219 sanguineis

260 2263 321 2307 suo
345 2242 474 2327 seriptis
497 2241 609 2307 litteris
627 2240 795 2323 dereptam
810 2237 960 2301 hostibus
977 2239 1148 2301 uictoriam
1169 2248 1294 2303 tantum
1316 2259 1384 2303 non
1400 2251 1485 2325 ,post

259 2347 329 2415 fata
351 2369 414 2412 sua
436 2348 471 2413 in
494 2350 601 2417 sinum
624 2346 749 2435 patriae
773 2353 907 2411 cruento
931 2343 1081 2432 trophaei
1103 2344 1193 2408 titulo
1208 2342 1333 2411 retulit.

768 2496 982 2511 m

262 2576 285 2630 l.
304 2580 406 2629 1100-
420 2576 469 2647 (2.)
488 2581 568 2647 Nam]
588 2580 723 2631 Leonidas
742 2576 773 2630 Γ.
785 2576 798 2644 ΙΙ
810 2581 869 2630 loco
881 2576 918 2629 D.
930 2575 944 2643 ΙΙ
955 2577 1104 2641 Spartanus
1118 2577 1214 2626 nobilis
1228 2574 1304 2628 tarr.
1316 2572 1368 2641 112.
1387 2578 1485 2642 quibus

259 2646 292 2701 Β.
304 2646 317 2716 ΙΙ
329 2649 411 2731 apud]
425 2654 504 2717 atque
516 2650 576 2776 ἦα
589 2646 614 2704 3.
633 2650 836 2716 thermophylas
849 2647 881 2702 A.
896 2647 908 2719 ΙΙ
922 2664 997 2697 mare
1009 2662 1052 2714 pr.
1065 2644 1098 2697 A.
1110 2647 1123 2714 ΙΙ
1135 2650 1206 2697 terra
1217 2643 1284 2700 ΒΓ.
1300 2646 1312 2715 ΙΙ
1326 2643 1352 2697 1.
1365 2648 1484 2697 Xerxem

260 2727 306 2770 aet
323 2737 406 2773 xerxe
426 2720 545 2776 BCDE
583 2718 658 2773 Torr.
671 2722 684 2787 ΙΙ
695 2717 721 2770 5.
741 2721 827 2785 caeto]
848 2725 923 2771 caelu
942 2725 988 2770 aut
1006 2722 1073 2768 endo
1093 2721 1129 2782 (ii
1143 2734 1189 2787 pr.
1201 2716 1233 2769 A.
1253 2722 1322 2770 eribo
1343 2717 1365 2770 C
1375 2722 1400 2769 et
1411 2733 1483 2770 corr.

260 2789 291 2842 A.
311 2793 389 2841 cetho
408 2789 441 2844 Β.
461 2795 527 2844 coho
547 2792 583 2844 D.
602 2793 670 2842 chao
689 2790 723 2842 Ε.
744 2794 801 2842 celo
821 2789 851 2842 Γ.
866 2790 914 2858 iii.
934 2792 1112 2854 oportunitate
1131 2803 1221 2856 merpo
1239 2787 1271 2840 A.
1290 2807 1339 2842 om.
1353 2787 1443 2856 pr.A.
1458 2791 1471 2862 ΙΙ

262 2877 340 2928 qaam
355 2876 400 2928 pr.
418 2861 451 2914 A.
463 2861 513 2984 'iil'
531 2865 644 2929 ideoque
663 2859 1029 2926 aeromantiam
1047 2861 1131 2912 alacri
1153 2859 1180 2911 Ε
1202 2865 1227 2911 et
1251 2874 1320 2912 corr.
1339 2859 1377 2914 A,
1406 2857 1485 2913 Torr.

270 2929 284 2998 ΙΙ
297 2933 385 2983 animo
403 2945 452 2984 em.
495 2932 527 3000 ,Η
540 2930 580 2984 10.
602 2937 629 2984 ιι1
648 2932 757 2999 diceret]
779 2935 870 2983 dicens
887 2928 1004 3000 111111.
1030 2933 1148 2982 cenaturi
1167 2929 1198 2981 A.
1211 2927 1224 3002 ΙΙ
1242 2926 1282 2984 12.
1301 2931 1484 2983 Lacedaemo·

260 3002 312 3052 niis
331 3000 392 3056 Dr
409 3009 434 3054 et
446 3019 492 3072 pr.
510 3002 540 3056 A.
565 3001 599 3055 Vt
615 3019 663 3056 tros
680 3002 759 3054 etium
777 3002 866 3070 Par-,fl
887 2999 926 3053 13.
951 3001 1031 3068 dicto]
1058 3005 1135 3052 doctu
1156 3017 1202 3069 pr.
1220 3001 1252 3054 A.
1279 3004 1380 3054 ductori
1398 3000 1424 3053 Β
1432 2999 1486 3054 OE

264 3070 341 3125 Turr.
363 3071 397 3124 Vt
414 3073 608 3128 ues'DI'Por.
627 3079 653 3125 et
671 3088 739 3125 corr.
759 3072 789 3126 A.
805 3071 817 3142 ΙΙ
830 3075 962 3140 intrepide
983 3071 1059 3125 Torr.
1071 3069 1084 3138 11
1100 3068 1141 3123 11.
1161 3075 1186 3136 s.
1205 3071 1231 3124 1.
1252 3087 1300 3125 om.
1319 3070 1384 3195 EA
1404 3073 1484 3123 Ochi·

262 3145 327 3194 rede
345 3141 380 3196 Ε.
392 3144 405 3211 11
418 3146 532 3214 quoque]
554 3161 616 3196 uero
635 3142 701 3209 1111
718 3145 828 3211 pariter]
848 3149 952 3209 partem
970 3143 1004 3196 Β.
1022 3143 1035 3210 ΙΙ
1052 3146 1219 3209 thyreatrum
1236 3141 1361 3195 ABCD=
1385 3179 1392 3192 .
1409 3141 1423 3210 ΙΙ
1442 3138 1484 3195 111.

262 3215 393 3280 direptam
410 3213 560 3268 ABODE
576 3215 638 3267 Pur.
659 3213 736 3267 Torr.
761 3211 820 3265 Vid.
833 3213 871 3267 cd
888 3213 924 3275 ll,
943 3211 970 3274 ti,
989 3212 1014 3266 8.
1027 3215 1040 3282 ΙΙ
1052 3217 1154 3266 tantum
1166 3213 1230 3281 non]
1251 3215 1433 3266 tantummodo
1446 3209 1483 3265 D.

275 3281 288 3358 ΙΙ
304 3281 345 3336 17.
364 3287 436 3338 iacta
453 3285 485 3340 A.
498 3287 511 3357 ΙΙ
523 3287 629 3356 signum
647 3283 681 3338 Ε.
696 3283 707 3354 11
722 3287 825 3351 trophei
845 3284 876 3337 A.

262 3504 297 3550 ab
315 3503 367 3552 hoe
384 3503 452 3560 loeo,
473 3503 542 3566 qnod
561 3501 648 3550 simile
667 3500 826 3564 opinabatur
838 3499 992 3557 Torrenias,
1013 3500 1112 3548 Valerii
1125 3498 1276 3560 exemptum
1294 3497 1327 3557 V,
1347 3494 1373 3556 ti.
1393 3495 1420 3558 2,
1440 3499 1485 3548 abi

261 3574 295 3623 de
313 3574 387 3624 hiatu
406 3573 510 3624 locutus
529 3573 617 3640 pergit
626 3583 727 3693 2οὸιιιιιιι
745 3597 779 3608 -
798 3569 826 3620 r'a
844 3567 912 3621 iliad
924 3567 1088 3638 profundam
1108 3567 1167 3633 epit.

331 3639 357 3695 3.
377 3645 415 3694 Cf.
434 3643 531 3694 llerod.
551 3645 607 3700 Vll,
662 3640 686 3694 2.
707 3642 823 3692 Pausan.
841 3642 887 3698 111.
906 3639 932 3701 1,
953 3640 977 3692 1.
996 3642 1063 3691 Plut.
1078 3635 1484 3704 apophth.Lac.(Leoaid.)13.

260 3715 352 3765 lustin.
370 3715 403 3770 ll,
426 3711 466 3764 ii.
485 3715 543 3764 Aoi.
562 3731 588 3763 u.
606 3716 633 3762 b.
652 3714 696 3770 lll,
716 3708 760 3762 25.
785 3715 865 3764 Oros.
884 3715 915 3770 ll,
935 3711 961 3770 9.
981 3715 1042 3763 cett

334 3787 360 3832 et
377 3781 449 3834 caelo
467 3781 597 3844 tenebras)
617 3785 752 3849 Ambigua
770 3782 902 3846 scripture
920 3785 1020 3832 codicis
1037 3783 1192 3836 Ite-mensis,
1211 3795 1281 3845 quse
1300 3781 1327 3830 et
1344 3782 1485 3846 archetypi

262 3853 319 3908 ttrit,
339 3867 400 3900 com
417 3853 521 3902 litterae
541 3855 662 3904 consulto
679 3855 717 3901 ita
735 3854 823 3916 pictae
842 3866 907 3902 esse
931 3855 1071 3903 uideantur
1092 3853 1122 3902 at
1144 3851 1264 3918 intellegi
1287 3853 1434 3916 nequeant,
1459 3855 1487 3902 et

262 3921 386 3971 librarios
406 3923 432 3970 et
449 3925 612 3973 recentiores
632 3923 821 3990 grammaticos
841 3924 876 3970 ad
894 3924 986 3972 uarias
1005 3924 1173 3972 coniecturas
1191 3923 1301 3972 induxit.
1336 3921 1396 3973 Non
1414 3938 1486 3972 com·

262 4005 448 4049 memorarem,
468 3993 519 4042 nisi
538 4007 555 4041 a
573 3995 694 4056 pluribus
714 3991 843 4053 probatae
865 3996 972 4048 essent,
998 3994 1084 4042 Coieri
1109 3993 1291 4055 suspiciones,
1316 3994 1486 4044 scribendum

264 4061 310 4110 snt
327 4063 353 4109 et
370 4057 433 4108 coto
451 4057 579 4121 tenebras,
599 4077 658 4111 eum
677 4067 783 4112 ueteres
796 4064 893 4125 poetae
911 4063 980 4112 teste
993 4063 1077 4111 Paulo
1089 4063 1201 4112 diacono
1215 4079 1242 4127 p.
1254 4059 1286 4114 31
1303 4064 1376 4112 Mea.
1390 4065 1486 4114 cubum

264 4130 395 4180 dixissent
412 4145 461 4192 pro
479 4132 564 4204 ragio,
584 4135 630 4182 aat
648 4136 673 4182 et
691 4127 763 4182 eaelo
782 4129 862 4182 cliuos
879 4132 906 4195 (i.
926 4147 951 4182 c.
970 4133 1110 4196 tenebras)
1128 4131 1297 4184 minitantem.
1333 4134 1488 4185 Lenissima

264 4200 335 4252 enim
352 4202 472 4258 mutatio,
491 4217 545 4250 nna
563 4203 665 4254 scilieet
682 4203 781 4252 bneola
799 4204 891 4252 addita
902 4203 985 4252 efficit
1003 4205 1072 4269 quod
1090 4207 1167 4254 unice
1180 4207 1270 4268 aptum
1284 4207 1312 4254 et
1323 4219 1387 4256 acro
1400 4205 1486 4256 simile

264 4269 428 4325 retinuimus.
464 4272 534 4322 Nam
552 4271 624 4324 caeto
642 4269 762 4324 tenebras
779 4273 834 4322 iam
852 4275 951 4323 editam
970 4279 1014 4324 est
1031 4276 1093 4324 inde
1112 4277 1147 4323 ab
1166 4276 1243 4325 Aido.
1329 4301 1333 4306 -

336 4339 451 4409 adeoque
469 4341 565 4405 alcen)
592 4347 657 4394 Cum
681 4345 845 4408 archetypus
870 4345 929 4395 sine
953 4359 1037 4396 sensu
1060 4348 1204 4408 praeberet
1225 4342 1349 4412 saepe,
1368 4348 1396 4394 in
1414 4348 1486 4395 dete-

264 4417 378 4466 rioribus
391 4416 549 4476 quibusdam
563 4416 637 4466 libris
651 4417 712 4464 ante
725 4413 811 4465 alacri
823 4416 982 4466 inculcatum
996 4420 1038 4466 est
1057 4420 1116 4466 tam.
1153 4418 1294 4467 Mendumr
1310 4422 1369 4467 ecte
1381 4417 1487 4465 sustulit

264 4485 423 4542 Turranius,
446 4487 580 4536 coniciens
604 4483 728 4554 adeoque.
776 4487 885 4536 Poterat
907 4489 1006 4538 afferre
1029 4501 1141 4551 prorsus
1165 4489 1252 4538 simile
1271 4489 1423 4552 exemplum
1440 4487 1486 4545 iii,

265 4553 283 4606 8
301 4559 353 4608 est.
371 4553 397 4613 2,
418 4553 483 4607 adeo
499 4555 834 4624 perseuerasssesteatiae
852 4572 916 4608 sace
951 4562 1113 4624 ropapsotor
1132 4556 1217 4608 aaut
1233 4563 1263 4608 st
1279 4583 1316 4596 —-
1334 4556 1442 4608 diceret.

313 4623 359 4751 18⁴
379 4626 637 4752 318110101182.
669 4629 745 4681 Ouid.
764 4630 827 4680 fast.
845 4629 878 4688 11,
897 4573 957 4683 titi.
985 4629 1055 4679 Plat.
1078 4631 1174 4692 parati.
1194 4622 1222 4681 3.
1249 4629 1346 4680 Senes.
1364 4623 1486 4686 ιιιιιιιῖ,

264 4713 292 4762 Ρ·
363 4711 379 4752 θ
398 4735 405 4752 ι
446 4713 483 4766 ip.
