3409 5400
318 523 359 587 14

315 679 404 765 (val.
426 677 451 754 Ι,
478 677 508 752 1,
531 685 593 739 ext.
617 674 662 755 3.)
954 669 1036 754 (cie.
1060 671 1101 735 do
1124 671 1164 737 N.
1187 669 1229 736 D.
1251 667 1306 746 ΠΙ,
1331 670 1384 744 34,
1406 669 1465 752 83.)

358 789 451 854 Fano
475 785 556 849 enim
578 781 797 867 Proserpinae
828 799 900 862 epo-
999 783 1074 846 &rm
1096 783 1209 847 fanum
1230 779 1443 864 Proserpinae
1463 777 1519 842 Lo-

314 901 388 964 lt'alo
409 893 536 967 Locris,
561 912 635 954 cum
652 909 714 972 W
729 891 823 952 allum
847 908 900 951 se·
954 892 1018 956 cris
1042 891 1259 974 capiloaiaset,
1289 886 1450 969 nouipolrot
1469 887 1521 968 Sy—

316 1003 422 1070 cundo
435 1011 532 1066 uento
545 1001 646 1063 classe
663 999 832 1070 ueheretur,
856 996 899 1059 ri·
953 1018 1102 1063 recusas:
1113 998 1285 1080 isqttecum
1298 995 1522 1060 secundissimo

316 1115 397 1178 dens
433 1108 548 1175 amicis
598 1104 780 1169 ‘Videtisne
788 1101 806 1178 ,⁹
845 1105 898 1178 ait,
953 1119 1050 1173 uento
1061 1127 1187 1171 carrum
1199 1111 1321 1180 teneret,
1338 1103 1444 1167 ridens
1461 1101 1522 1165 ‘Vi-

316 1233 424 1310 ‘quam
449 1217 539 1280 bona
560 1213 728 1299 nauigatio
753 1211 795 1276 ab
818 1213 901 1294 ipsis
955 1213 1101 1288 detisne‚'
1132 1215 1246 1296 inquit,
1283 1213 1406 1284 ‘arnicb
1435 1228 1521 1298 qaam

315 1329 378 1392 diis
395 1320 631 1390 immortalibus
653 1319 825 1407 sacrilegis
842 1322 901 1382 tri·
953 1323 1043 1387 bona
1066 1346 1086 1387 a
1109 1321 1172 1385 diis
1191 1318 1425 1383 immortalibus
1441 1318 1524 1382 naui-

315 1431 458 1499 baare*
514 1428 668 1494 Detracto
704 1429 796 1492 etiam
829 1425 899 1490 Ioui
955 1432 1044 1517 gatio
1068 1427 1241 1514 sacrilegis
1264 1426 1383 1491 derare
1403 1463 1445 1474 -
1463 1447 1526 1490 eam

316 1541 467 1628 Olympio
490 1537 594 1620 maprei
621 1535 775 1622 ponderis
800 1556 899 1600 aureo
954 1539 1043 1600 —ia
1045 1537 1163 1620 sonam
1174 1537 1312 1599 uenisset
1325 1533 1412 1599 Iouis
1424 1535 1527 1621 Olym·

316 1647 467 1722 amiculo,
486 1665 629 1732 quocum
646 1656 801 1729 tyrannus
819 1641 899 1706 Gelo
955 1645 1010 1730 pii,
1027 1664 1161 1708 aureum
1174 1646 1203 1707 ei
1215 1643 1353 1706 detraxit
1364 1642 1529 1708 amiculam

316 1779 333 1820 e
372 1755 535 1822 manubiis
575 1749 900 1838 Karthaginiensium
951 1753 1066 1836 prandi
1089 1753 1243 1840 pondere,
1272 1775 1335 1839 quo
1359 1752 1459 1814 Iouem
1480 1769 1529 1811 or·

290 1872 498 1950 emanarat,
530 1859 714 1944 iniectoque
746 1859 776 1922 ei
801 1857 900 1922 laneo
954 1871 1050 1925 uarat
1062 1881 1102 1926 ex
1112 1861 1276 1926 manubiis
1285 1857 1531 1944 Karthaginien·

228 2008 232 2014 »
316 1969 413 2060 pallio
437 1969 519 2032 attat
547 1976 671 2030 aestate
699 1987 800 2053 graue
825 1987 901 2029 esse
955 1970 1041 2034 sium
1057 1980 1214 2056 tyn-annus
1229 1968 1318 2042 Gelo,
1342 1973 1431 2050 elprae
1445 1967 1477 2028 ia
1498 1984 1532 2027 eo

316 2095 451 2145 aureum
483 2073 673 2147 amiculum,
708 2073 815 2138 hieme
843 2075 900 2137 fri·
954 2078 1047 2141 etiam
1058 2078 1225 2158 cauillatus
1234 2083 1289 2151 est,
1302 2086 1425 2141 aestate
1436 2091 1533 2162 graue

317 2184 440 2273 gidum‚
463 2185 583 2247 unam
599 2188 699 2245 auten
723 2181 767 2245 ad
782 2187 901 2245 atterm-
955 2205 1031 2249 esse
1055 2205 1189 2249 aureum
1214 2183 1402 2257 amiculum,
1430 2181 1534 2245 hieme

316 2312 374 2376 quc
395 2303 522 2376 tempus
551 2291 629 2354 anni
651 2291 764 2372 aptiae.
810 2287 901 2353 Idem
954 2293 1120 2380 frigidum,
1144 2293 1233 2374 eique
1258 2292 1391 2356 laneum
1405 2289 1537 2377 pallium

316 2400 473 2487 Epidauri
486 2396 684 2482 Aesculapio
696 2396 834 2462 barbam
843 2419 901 2461 au·
954 2401 1079 2475 iniecit,
1115 2419 1186 2464 cem
1219 2400 1256 2463 td
1282 2419 1350 2463 esee
1381 2397 1423 2462 ad
1453 2414 1539 2460 omne

315 2528 407 2572 ream
437 2506 523 2571 demi
551 2506 660 2578 iussit,
697 2507 780 2587 quod
807 2505 902 2588 adfir·
956 2509 1033 2571 anni
1056 2506 1214 2594 tempus¹)
1237 2508 1369 2582 diceret·
1394 2506 1539 2586 idemque

316 2621 415 2677 enaret
452 2635 514 2676 noa
558 2613 732 2678 conuenire
774 2623 902 2699 patrem
956 2614 1145 2701 Aesculapii
1153 2614 1322 2701 Epidaurii
1333 2613 1472 2678 barbam
1484 2635 1541 2676 au·

316 2723 492 2805 Apollinem
507 2720 684 2795 inberbem,
708 2723 812 2803 ipsam
826 2721 902 2785 bar·
955 2744 1046 2787 ream
1077 2721 1164 2786 demi
1191 2724 1303 2798 iussit3
1336 2742 1434 2804 neptae
1460 2723 1543 2783 caim

316 2831 429 2894 benun
451 2830 602 2911 conspici.
652 2827 743 2893 Idem
766 2849 901 2893 mensas
957 2831 1133 2895 conuenire
1155 2829 1328 2895 barbatum
1343 2849 1412 2893 esee
1426 2830 1543 2911 filium,

318 2948 494 3026 argenteas
523 2943 612 3019 elprae
634 2957 748 3001 careae
770 2956 787 2999 e
806 2936 903 3019 sanis
956 2958 1027 3003 cem
1048 2939 1082 3001 in
1104 2938 1245 3001 omnibu
1257 2939 1354 3022 sarria
1372 2948 1467 3023 pater
1482 2936 1545 2998 im·

318 3047 456 3119 mtelit,
486 3044 637 3131 quodque
667 3045 702 3108 in
728 3046 781 3107 lais
810 3062 903 3106 more
955 3044 1066 3110 barbis
1088 3052 1178 3110 creet.
1223 3044 1314 3110 Idem
1335 3067 1474 3110 mensas
1493 3066 1547 3108 ar·

318 3154 476 3218 Graeciae
489 3153 645 3237 scripturn
660 3152 903 3217 annonarum
958 3164 1095 3240 genteas
1115 3155 1152 3217 de
1171 3152 1462 3217 omnibutdclebrt'a
1479 3153 1547 3214 ies-

319 3263 453 3327 deorum
469 3280 524 3323 eas
538 3279 614 3333 eece,
639 3259 685 3322 uti
705 3280 742 3323 se
757 3258 902 3323 bonitate
957 3255 1001 3325 sil
1014 3262 1144 3345 auferri,
1167 3262 1202 3324 in
1217 3260 1329 3343 prabet
1346 3260 1436 3346 quod
1453 3279 1547 3322 more

318 3391 430 3433 corum
437 3368 645 3451 praedicauit.
683 3364 773 3431 ldem
788 3364 902 3429 Victo·
955 3371 1054 3433 aeteri
1071 3368 1230 3433 Graeciae
1252 3368 1446 3454 inscriptum
1466 3382 1547 3429 esser

317 3478 385 3541 rias
410 3496 528 3540 aureas
552 3486 584 3539 et
599 3486 730 3560 pateras
755 3485 786 3537 et
809 3495 901 3537 coro·
956 3477 1124 3543 Bonorum
1137 3476 1283 3549 deorum,
1307 3476 1353 3539 uti
1376 3496 1413 3538 se
1432 3493 1546 3536 eorun‘

320 3606 392 3657 nas,
417 3604 500 3671 quae
518 3582 767 3647 simulacrorum
790 3601 902 3665 porro-
955 3586 1099 3650 bonitate
1111 3586 1188 3647 aelle
1198 3583 1327 3647 dicebat.
1361 3582 1458 3647 Idem
1466 3578 1546 3643 Vic·

319 3692 378 3755 ctis
402 3690 554 3755 manibus
579 3689 821 3754 sustinebantur
843 3686 902 3751 tol·
956 3695 1087 3757 toriolas
1117 3714 1235 3757 aureas
1267 3703 1299 3753 et
1326 3703 1464 3777 pateras
1496 3712 1546 3751 co·

318 3796 405 3860 lebat
428 3808 459 3858 ct
490 3818 547 3859 eas
580 3818 616 3860 se
640 3798 807 3883 accipere,
837 3818 903 3860 non
955 3821 1140 3886 ronasquc,
1176 3820 1261 3886 quae
1292 3796 1545 3862 simulacrorurr

320 3903 446 3969 auferre
460 3902 596 3977 dicebat,
605 3924 758 3985 perquam
772 3903 903 3967 stultum
956 3908 1114 3993 porrectis
1130 3905 1282 3969 manibus
1300 3904 1546 3970 sustinebantut

320 4010 905 4097 esseorpumeatando,aquibusboua
957 4016 1025 4077 sine
1047 4013 1235 4076 dubitatione
1254 4011 1385 4077 tollebat
1406 4010 1546 4099 eaquo²

320 4139 500 4205 precamur,
526 4119 566 4182 ab
589 4116 640 4183 his
661 4118 903 4205 porrigentibus
958 4142 994 4184 se
1008 4122 1167 4206 accipere,
1181 4142 1246 4183 non
1256 4122 1384 4185 auferre
1399 4118 1546 4184 dicebat

320 4224 404 4291 nolle
429 4246 567 4291 sumere.
958 4246 1033 4292 esse
1062 4229 1143 4291 enim
1167 4227 1344 4302 stultitiam,
1374 4250 1395 4291 a
1429 4226 1543 4313 quibu

956 4336 1046 4400 bona
1067 4356 1285 4420 precaremur,
1310 4334 1351 4398 ab
1374 4336 1424 4398 iis
1447 4334 1545 4419 porri

958 4442 1300 4529 gentibusetdaatibae
1311 4441 1396 4507 nolle
1405 4462 1545 4506 sumerr

386 4712 412 4777 ¹)
430 4715 534 4764 Excidit
551 4712 666 4763 sortasse
686 4705 774 4777 aptius
791 4712 855 4777 post
872 4714 978 4780 tempere.
1016 4714 1054 4762 Cf.
1072 4712 1149 4765 Lact.
1166 4712 1229 4765 inst.
1248 4712 1300 4765 diu.
1318 4712 1350 4774 ll,
1368 4706 1394 4773 ⁴1,
1420 4706 1468 4764 19.

385 4781 412 4849 ²)
431 4784 509 4837 Haud
528 4787 685 4837 dubie'cum
705 4782 810 4835 Valerio
828 4785 973 4853 tegendum
991 4797 1092 4853 eoaque.

636 5108 732 5205 s
