3409 5400
300 518 366 586 tao
450 514 510 581 ne
533 509 792 579 uvrarronn
815 460 983 575 uonvu
1005 505 1096 574 avr
1118 505 1372 573 sonrvnaa.

299 676 438 742 deformi
458 674 591 742 inunitu
607 671 757 737 consedit
771 672 880 746 etiam,
903 680 937 734 ut
958 668 1178 733 clarissimum
1202 666 1368 754 eloquium
1396 674 1431 727 et
1454 684 1530 749 pru·

300 782 496 847 dentissima
517 790 694 866 praecepta
708 776 914 842 temulentiae
935 775 1080 841 lasciuiis
1097 775 1246 840 eleuat-ct.
1294 772 1379 838 Orta
1396 768 1528 841 deinde,

298 900 335 954 ut
355 909 416 975 par
438 897 518 961 erat,
541 886 688 951 omnium
709 882 947 969 indignatione,
970 880 1174 947 Xenocrates
1197 880 1322 945 uultum
1344 881 1383 943 in
1408 876 1525 941 eodem

297 992 413 1061 habitu
435 992 591 1058 continuit
613 991 804 1075 omissaque
826 1011 873 1064 re,
898 1010 996 1075 quam
1019 988 1212 1063 disserebat,
1235 986 1277 1049 de
1291 984 1470 1049 modestia
1490 1004 1524 1045 ac

298 1100 514 1187 temperantia
533 1096 625 1182 loqui
647 1096 764 1181 coepit.
815 1094 915 1159 Cuius
946 1096 1109 1183 grauitate
1137 1094 1298 1159 sermonis
1323 1092 1551 1175 resipiscam

299 1218 432 1273 coactus
460 1201 613 1277 Polemo,
651 1202 793 1287 primum
829 1223 988 1266 coronam
1024 1202 1131 1286 capite
1159 1198 1337 1263 detractam
1374 1196 1525 1284 proiecit.

297 1311 398 1399 paulo
421 1318 498 1396 post
518 1306 690 1373 brachium
712 1307 798 1371 intra
820 1306 954 1393 pallium
980 1306 1122 1381 reduxit,
1150 1304 1348 1391 procedente
1375 1314 1525 1387 tempore
1615 1290 1617 1395 ᾗ

297 1420 365 1483 oris
388 1412 571 1480 conuiualis
594 1411 791 1477 hilaritatem
813 1412 976 1497 deposuit,
999 1412 1042 1477 ad
1065 1411 1212 1477 ultimum
1236 1422 1337 1476 totam
1356 1410 1526 1474 luxuriam
1615 1434 1617 1513 p

298 1525 396 1601 exuit,
416 1523 581 1607 uniusque
599 1520 757 1584 orationis
774 1518 991 1583 saluberrima
1006 1518 1170 1582 medicina
1186 1530 1322 1582 sanatus
1348 1538 1391 1579 ex
1409 1514 1527 1579 infami

297 1652 451 1720 ganeone
472 1628 635 1692 maximus
663 1624 882 1711 philosophus
912 1626 1027 1691 euasit.
1078 1623 1310 1711 Peregrinatus
1340 1632 1395 1686 est
1425 1619 1560 1685 huiusu
1616 1684 1617 1699 χ

297 1738 429 1805 animus
451 1735 487 1798 in
508 1732 664 1817 nequitia,
687 1752 752 1794 non
775 1730 944 1797 habitauit.

255 1836 286 1903 2.
385 1840 483 1927 Piget
510 1836 740 1901 Themistoclis
774 1837 1032 1901 adulescentiam
1067 1832 1254 1923 adtingere,
1289 1836 1361 1900 siue
1393 1846 1525 1922 patrem
1615 1874 1617 1899 r

299 1947 469 2032 aspiciam,
485 1942 700 2009 abdicationis
716 1944 939 2029 iniungentem
952 1952 1074 2018 notam,
1090 1944 1161 2007 siue
1173 1953 1319 2016 matrem,
1336 1942 1525 2028 suspendio

214 2066 220 2075 ·
298 2052 391 2117 linire
405 2052 506 2115 uitam
522 2057 654 2136 propter
670 2048 714 2112 fili
729 2048 961 2133 turpitudinem
977 2060 1136 2123 coactam,
1152 2070 1225 2112 cum
1242 2048 1387 2111 omnium
1403 2062 1526 2133 postea
1616 2049 1617 2127 1

298 2158 377 2223 Grai
399 2156 571 2243 sanguinis
597 2154 740 2219 uirorum
756 2154 959 2219 clarissimus
983 2154 1118 2219 extiterit
1139 2152 1348 2238 mediumque
1365 2152 1556 2239 Europaeo

297 2275 330 2331 et
349 2263 454 2329 Asiae
476 2260 530 2326 uel
552 2260 625 2345 spei
653 2259 708 2323 uel
737 2259 977 2345 desperationis
1008 2261 1130 2347 pignus
1157 2260 1263 2324 fuerit.
1311 2258 1407 2324 Haec
1434 2262 1522 2324 enim

296 2390 373 2435 eum
398 2367 515 2435 salutis
542 2384 625 2431 suae
651 2375 825 2450 patronum
852 2364 981 2443 habuit,
1014 2366 1071 2432 illa
1106 2366 1226 2433 uadem
1262 2365 1422 2431 uictoriae
1462 2364 1522 2430 ad·
1615 2388 1617 2441 1

295 2476 447 2563 sumpsit.

254 2573 286 2641 3.
386 2579 532 2645 Cimonis
556 2598 635 2642 uero
656 2577 857 2643 incunabula
878 2578 1032 2663 opinione
1056 2577 1210 2643 stultitiae
1233 2578 1363 2643 fuerunt
1384 2574 1519 2639 referta

294 2684 454 2752 Eiusdem
488 2682 667 2764 [stultitiae]
709 2684 849 2770 imperia
882 2682 1038 2750 salutaria
1072 2683 1293 2750 Athenienses
1329 2692 1552 2746 senserunt.»

293 2790 408 2878 ltaque
431 2791 541 2875 coegit
562 2809 621 2852 eos
644 2790 788 2876 stuporis
812 2801 917 2854 semet
939 2792 1031 2877 ipsos
1056 2789 1231 2865 damnare,
1259 2790 1316 2876 qui
1344 2810 1420 2856 eum
1449 2801 1518 2854 sto·

292 2895 396 2961 lidum
420 2893 635 2959 crediderant.

252 2993 284 3063 4.
383 2998 471 3065 Nam
494 2996 687 3062 Alcibiaden
718 2999 815 3083 quasi
837 2998 924 3065 duae
950 3001 1099 3067 fortunae
1129 3002 1264 3089 partitae
1293 3011 1384 3076 suut,
1411 2999 1516 3065 altera

280 3127 380 3194 ‚quae
403 3105 433 3170 ei
456 3102 656 3168 nobilitatem
679 3102 841 3180 eximiam,
866 3105 1071 3172 abundantes
1089 3107 1232 3183 diuitias,
1253 3107 1394 3172 formam
1418 3127 1514 3190 prae·

294 3211 542 3286 stantissimam,
564 3210 713 3276 fauorem
728 3210 850 3276 ciuium
866 3233 1077 3298 propensum,
1100 3234 1232 3279 summa
1245 3212 1393 3298 imperia,
1415 3231 1547 3298 prae-ar
1615 3279 1616 3286 χ

294 3322 407 3408 cipuas
437 3316 600 3406 potentiae
636 3315 755 3391 uires,
773 3317 1065 3404 flagrantissimum
1100 3320 1269 3407 ingenium
1309 3317 1511 3407 adsignaret,
1615 3339 1616 3350 ι

293 3425 396 3494 altera
424 3445 509 3514 quae
538 3422 797 3502 damnationem,
826 3425 970 3503 exilium,
999 3426 1220 3493 uenditionem
1248 3425 1425 3501 bonorum,
1461 3428 1513 3491 in·

290 3617 319 3676 2.
335 3621 479 3674 temulente
497 3617 529 3673 F.
543 3615 556 3690 ΙΙ
570 3621 679 3670 lasciuia
692 3634 739 3687 pr.
756 3616 788 3671 Α.
800 3619 851 3689 114.
871 3623 1044 3688 obmissaque
1062 3617 1093 3674 1¹⁸.
1108 3619 1120 3692 ll
1140 3618 1166 3674 5.
1185 3621 1320 3686 respicere
1334 3636 1379 3688 pr.
1401 3619 1430 3675 0.
1451 3625 1464 3688 ΙΙ
1483 3619 1510 3676 b.

290 3694 397 3757 polenia
414 3689 449 3745 E.
461 3692 475 3760 ΙΙ
486 3693 570 3755 primo
588 3688 679 3743 EFF.
691 3689 705 3756 Η
717 3705 816 3741 corona
834 3696 868 3743 de
887 3694 974 3756 capite
993 3695 1113 3744 detracta
1130 3689 1161 3744 F.
1173 3691 1187 3759 ΙΙ
1199 3689 1225 3744 8.
1237 3693 1394 3744 conuiuiaiis
1410 3691 1474 3746 OD.
1485 3693 1500 3760 ΙΙ

290 3763 422 3814 1ιικοι1ιιιι
458 3776 481 3815 r.
498 3759 530 3814 A.
542 3756 593 3828 119.
617 3763 699 3812 extitit
716 3758 748 3812 F.
763 3757 775 3829 ΙΙ
790 3765 867 3812 unius
886 3765 1014 3826 cuiusque
1035 3761 1088 3832 (1.1]
1101 3764 1212 3814 orationi
1230 3759 1262 3814 A.
1283 3760 1295 3828 ΙΙ
1314 3765 1426 3814 senatus
1447 3761 1470 3816 0
1485 3769 1512 3814 et

286 3845 333 3898 pr.
350 3831 382 3883 Α.
400 3831 414 3898 ΙΙ
446 3831 473 3885 0.
492 3836 535 3883 eet
552 3846 601 3886 cm.
615 3846 660 3897 pr.
678 3829 710 3884 Α.
722 3830 735 3897 ΙΙ
752 3834 843 3897 huius}
864 3835 921 3884 cius
939 3831 974 3884 Ε.
992 3829 1059 3900 lilii.
1079 3833 1116 3900 etl
1136 3849 1168 3883 ac
1186 3831 1221 3886 E.
1241 3829 1308 3900 1117.
1334 3835 1430 3884 salutis
1450 3849 1509 3884 eum

290 3897 332 3961 (Ρ)
351 3899 428 3954 Torr.
440 3902 453 3968 ΙΙ
468 3896 507 3954 itt.
527 3903 552 3965 S.
570 3899 588 3953 :t
606 3915 655 3951 om.
673 3899 705 3952 Γ.
721 3903 734 3970 ΙΙ
752 3903 886 3968 opinione]
897 3901 988 3952 ultima
1003 3902 1052 3954 titt.
1068 3901 1241 3956 ιἰιναιιιναΑ.
1256 3906 1268 3972 ΙΙ
1282 3901 1326 3956 20.
1345 3903 1497 3970 eidelel

290 3970 419 4022 stultitiae
437 3986 487 4023 om.
506 3968 567 4023 DE
587 3969 664 4022 Tota.
676 3971 689 4038 ΙΙ
700 3967 743 4024 22.
763 3975 929 4023 crediderunt
946 3969 1062 4038 111123.
1084 3975 1140 4025 lam
1159 3988 1229 4026 corr.
1248 3973 1281 4030 Α.
1298 3971 1375 4026 Torr.
1393 3989 1509 4041 namque

290 4052 361 4092 corr.
378 4037 415 4094 D.
429 4038 442 4109 ΙΙ
456 4043 614 4093 alcibiadem
632 4039 697 4094 DE
707 4040 770 4093 Fr.
784 4041 796 4111 ΙΙ
810 4039 853 4094 211.
874 4043 1019 4109 potentiae]
1039 4061 1109 4109 pone
1127 4041 1158 4098 F.
1174 4040 1242 4114 1128.
1260 4046 1352 4110 iuopia
1364 4042 1396 4098 F.

791 4158 1004 4174 m

360 4211 386 4271 2.
406 4219 444 4270 Gi.
454 4219 531 4270 Corn.
541 4217 607 4282 Nep.
618 4218 712 4269 Them.
725 4216 747 4270 1.
758 4217 816 4269 hol.
825 4235 851 4271 u.
862 4221 888 4270 h.
899 4221 931 4278 ll,
944 4217 986 4271 ta.
995 4220 1068 4273 Stob.
1079 4235 1159 4273 serm.
1172 4217 1231 4272 tlt.
1244 4221 1373 4272 libanius
1387 4224 1455 4276 doct.
1465 4219 1507 4276 20.

289 4292 325 4343 At
341 4290 500 4341 Plutarchus
518 4289 613 4340 'rbem
630 4285 648 4339 2
670 4303 776 4340 omnem
795 4290 869 4340 ittam
888 4291 986 4342 famam
1006 4294 1039 4343 ds
1058 4293 1225 4343 abdicatione
1243 4293 1329 4356 patris
1354 4295 1433 4346 etde
1451 4309 1507 4345 ma·

287 4364 336 4416 tria
355 4362 506 4412 uoluntaria
524 4363 608 4410 morte
626 4359 724 4409 falsam
743 4362 823 4424 atque
842 4363 1052 4414 commenticiam
1071 4365 1162 4414 habet.

357 4429 385 4486 3.
401 4429 530 4484 Eiusdem
553 4427 701 4496 [atdtitiae]
725 4429 849 4498 imperta)
875 4433 975 4484 Vocem
999 4436 1075 4484 uncis
1098 4451 1116 4485 a
1140 4449 1183 4485 mc
1205 4435 1337 4486 inclusam
1360 4435 1505 4487 tollendam

287 4518 351 4556 esse
375 4504 441 4553 uidit
462 4502 585 4566 Lipsius,
614 4515 701 4566 neque
731 4502 872 4566 qnisquam
889 4500 1040 4572 {oblocutus
1065 4509 1116 4556 est.
1158 4507 1284 4568 ascripta
1312 4519 1377 4558 esse
1402 4508 1506 4557 uidetur

286 4577 323 4626 ab
339 4575 430 4636 inepto
448 4572 650 4636 interpolatore,
670 4573 715 4633 qui
733 4587 879 4634 pronomen
898 4571 1025 4635 eiusdem,
1054 4577 1123 4644 quod
1147 4577 1291 4628 manifesto
1315 4579 1350 4628 ad
1369 4578 1503 4629 Cimonem

285 4645 408 4710 pertinet,
427 4645 462 4694 ad
480 4642 617 4693 stultitiam
634 4641 803 4694 referendum
822 4659 885 4697 esse
904 4652 1035 4699 censeret.

356 4709 382 4764 l.
400 4714 439 4765 ct'.
458 4715 534 4765 coru.
553 4713 620 4775 Nep.
638 4713 722 4766 atriu.
743 4711 766 4766 1.
785 4715 854 4768 Plut.
874 4717 957 4770 dleib.
978 4715 1008 4776 t;
1028 4719 1078 4770 etc.
