3409 5400
571 515 654 584 nis.
676 514 750 598 Vll,
773 516 811 586 0.
834 518 867 597 2,
890 526 921 599 ς.
945 520 975 589 3.
999 522 1030 589 4.
1350 525 1415 595 iss

89 713 90 749 r
182 700 313 767 pacem
334 678 533 746 restituendo
556 680 745 767 profuisset,
767 682 814 747 ita
829 678 1049 751 Hannibalem
1071 686 1311 753 summouendo
1333 708 1416 755 non·

89 820 92 859 r,
183 786 277 853 nihil
298 790 474 854 nocuisset.
520 786 602 852 liius
627 789 714 854 enim
737 789 876 854 transitu
904 790 939 854 in
960 788 1090 858 Italiam
1113 791 1328 861 dormientem
1350 795 1415 861 ism

183 894 308 982 populi
336 894 478 959 Romani
512 894 662 959 rdrtutem
699 895 887 971 excitatam,
921 899 1087 985 metuique
1124 897 1243 963 debere
1274 920 1317 963 ne
1346 902 1415 967 acri

89 1013 90 1019 ’
186 1002 326 1067 aemulo
356 1001 494 1067 liberata
520 1002 555 1065 in
585 1002 725 1067 eundem
760 1024 913 1069 somnum
948 1004 1180 1072 reuolueretur.
1238 1003 1276 1069 In
1311 1026 1415 1093 aequo

88 1173 94 1183 ,
156 1109 293 1196 sigitur
307 1107 468 1174 malorum
484 1108 596 1193 posuit
610 1111 661 1173 uri
677 1119 771 1186 tecta,
793 1113 919 1177 uastari
935 1132 1046 1199 agros,
1069 1110 1234 1177 exhauriri
1251 1113 1417 1179 aerenum

187 1226 223 1278 et
248 1215 351 1301 prisci
372 1214 501 1279 roboris
525 1235 646 1281 neruos
669 1214 826 1281 hebetari.

89 1393 94 1403 ι
285 1319 383 1402 Quid,
405 1321 486 1386 illud
506 1323 628 1387 factum
644 1317 738 1387 Lucii
758 1322 922 1389 Fimbriae
942 1322 1127 1389 consularis
1148 1346 1248 1411 quam
1265 1324 1456 1410 sapiensll.

89 1471 93 1478 ·
187 1428 222 1494 A
247 1427 294 1495 M.
319 1427 448 1493 Lutatio
471 1428 618 1504 Pinthia,
649 1429 822 1515 splendido
854 1432 961 1518 equite
983 1432 1152 1508 Romano,
1180 1430 1278 1495 iudex
1307 1430 1414 1497 aditus

188 1535 235 1599 de
261 1536 456 1621 sponsione,
485 1558 584 1622 quam
612 1537 643 1600 is
670 1558 745 1600 cum
773 1536 966 1603 aduersario
996 1537 1084 1626 quod
1116 1538 1165 1603 uir
1191 1538 1300 1605 bonus
1329 1547 1417 1602 esset

89 1690 92 1728 ,
149 1660 180 1705 1o
189 1643 336 1720 fecerat,
363 1663 543 1729 numquam
566 1642 602 1707 id
622 1642 780 1709 iudicium
807 1646 1069 1731 pronuntiatione
1098 1666 1160 1710 sua
1189 1644 1280 1708 linire
1302 1643 1415 1718 noluit,

190 1768 236 1813 no
260 1761 317 1815 aut
338 1750 511 1835 probatum
532 1752 650 1828 uirum,
673 1753 703 1817 si
718 1762 834 1818 contra
848 1772 925 1815 eum
942 1750 1132 1827 iudicasset,
1154 1751 1245 1817 fama
1260 1750 1417 1837 spoliaret

191 1866 253 1922 aut
272 1857 395 1923 iuraret
414 1858 524 1923 uirum
545 1859 667 1925 bonum
690 1878 777 1936 esse,
800 1880 876 1925 cum
899 1879 941 1924 ea
962 1880 1016 1925 res
1032 1857 1323 1925 innumerabilibus
1344 1856 1415 1923 lau·

192 1962 293 2029 dibus
316 1965 529 2034 contineatur.

89 2249 90 2256 ,
192 2193 222 2250 2.
240 2196 383 2249 transitum
397 2212 441 2265 pr.
459 2193 491 2249 A.
503 2194 517 2265 ΙΙ
528 2198 683 2250 dormientis
700 2194 738 2253 D.
749 2194 801 2265 110.
819 2198 910 2263 populi
928 2196 1051 2263 Romani]
1072 2198 1120 2249 rei.
1137 2212 1164 2261 p.
1183 2193 1214 2249 F.
1231 2192 1245 2264 ΙΙ
1262 2194 1415 2261 excitatam]

195 2265 261 2322 edd.
280 2269 386 2353 dicebat
402 2268 438 2321 E.
449 2266 464 2335 Η
475 2271 604 2355 metpisse
621 2266 691 2353 D-J!
708 2269 775 2336 acri]
793 2271 873 2338 graui
890 2266 922 2322 F.
941 2265 958 2355 ΙΙΙ
972 2265 1146 2353 insomnium
1166 2264 1231 2351 Cat
1241 2279 1289 2351 pt·-
1306 2263 1338 2317 Α.
1348 2262 1371 2387 ,i
1389 2262 1416 2319 5.

196 2354 314 2461 pxafunrp
326 2353 372 2408 pr.
389 2337 421 2421 A:
441 2342 468 2391 et
480 2354 565 2459 pann
582 2337 618 2393 F..
630 2339 643 2408 ΙΙ
654 2336 680 2392 b.
698 2356 781 2462 ucpuo
801 2336 884 2425 cap
895 2342 1010 2392 haerterr
1026 2335 1115 2419 WZA·
1134 2339 1248 2457 hebrtppr
1262 2349 1342 2457 leoga!
1362 2334 1416 2459 ὢ

196 2426 276 2535 rii
282 2408 1210 2551 ii?rii.t¹.'i.tti“⁸istt..tiiiiiiittti‘siitt.
1228 2420 1360 2543 aiiii
1379 2476 1417 2530 rr.

197 2552 316 2618 Lutatio]
335 2555 366 2612 Q.
386 2555 455 2603 enim
474 2552 584 2604 luctatio
602 2550 637 2604 F..
655 2552 669 2621 ΙΙ
684 2554 792 2617 pinchia
809 2550 845 2606 D.
869 2553 970 2618 pinthie
994 2548 1027 2603 F.
1051 2548 1148 2614 picthio
1167 2546 1199 2601 F.
1222 2548 1320 2613 Pythia
1340 2544 1416 2599 Terr.

201 2620 237 2675 Vt
252 2637 302 2675 nor
318 2622 396 2674 etiem
413 2622 476 2677 Par.
491 2619 504 2694 11
518 2624 639 2674 addictus
650 2620 773 2676 arcer.
792 2624 898 2674 additus
919 2624 948 2677 0.
962 2624 975 2693 ΙΙ
988 2618 1014 2675 9.
1026 2620 1172 2685 sponsione
1187 2642 1200 2671 r
1213 2615 1245 2669 Α.
1256 2616 1270 2684 ΙΙ
1282 2620 1351 2681 qued
1365 2616 1415 2683 uir]

198 2690 262 2748 add.
280 2695 300 2748 l.
319 2694 349 2747 Ρ.
367 2696 395 2746 ni
412 2696 453 2747 uir
470 2700 559 2748 benus
578 2696 654 2748 esset
670 2696 688 2748 i
706 2709 797 2761 narpo
816 2692 847 2748 A.
862 2692 874 2765 ΙΙ
896 2691 937 2748 10.
955 2707 1098 2760 numquam
1117 2718 1151 2728 -
1170 2689 1255 2757 linire]
1274 2688 1303 2740 ia
1320 2702 1418 2742 rosera
1451 2719 1455 2728 .

197 2763 260 2848 1431!
278 2781 412 2830 nunquam
435 2781 533 2820 rasura
555 2766 588 2819 A.
604 2766 618 2835 Η
635 2766 728 2888 nomi
751 2781 800 2819 cm.
825 2763 893 2818 Fet
905 2782 951 2835 pr.
971 2766 999 2820 c.
1024 2763 1106 2814 noirrit
1128 2775 1225 2812 rasura
1247 2758 1279 2813 A.
1311 2755 1349 2842 l't
1370 2773 1418 2812 aas

198 2841 277 2889 ebone
293 2834 357 2890 Par.
368 2836 382 2905 ΙΙ
396 2834 436 2890 ll.
455 2840 603 2906 expoliaret
620 2835 651 2890 F.
662 2835 701 2905 ΙΙΙ
723 2873 731 2889 .
750 2837 933 2889 continebatur
950 2836 986 2892 Ε.
1008 2833 1185 2888 contineretur
1203 2831 1264 2885 Par.
1284 2829 1339 2886 Cre.
1358 2828 1375 2884 l.
1393 2843 1416 2884 e.

269 3047 295 3103 4.
314 3051 352 3103 Gi.
372 3051 426 3105 Cic.
444 3053 478 3103 de
496 3051 541 3105 off.
559 3051 605 3111 lii,
628 3045 669 3109 itt.
688 3047 731 3106 ii.

268 3119 351 3173 iactr·
373 3119 518 3183 Fimbriae)
541 3123 677 3174 Edebatur
699 3124 795 3192 uulgo,
819 3124 950 3176 suadente
969 3124 1120 3182 Perizonio,
1145 3121 1367 3186 quemadmodum
1391 3121 1419 3170 in

200 3193 333 3258 plerisque
355 3193 431 3243 libris
457 3195 647 3260 manuscriptis
669 3195 805 3246 inuentum
829 3199 885 3255 est,
914 3193 1018 3246 Iiiciaii
1039 3191 1183 3246 Fimbriae.
1229 3191 1263 3242 At
1281 3191 1415 3241 Fimbriae

201 3279 252 3315 non
270 3262 347 3312 erant
364 3264 433 3314 iuter
450 3264 582 3321 Licinios.
606 3265 656 3316 sed
677 3265 745 3316 inter
762 3266 887 3324 Flauios,
910 3281 998 3332 neque
1020 3266 1089 3316 alius
1110 3265 1228 3315 Fimbria
1250 3263 1417 3311 consulatum

202 3333 310 3385 obtinuit
327 3335 433 3396 praeter
450 3335 478 3384 c.
497 3333 620 3385 Flauium
637 3335 798 3392 Fimbriam,
823 3337 955 3404 collegam
981 3337 1009 3386 C.
1028 3336 1106 3385 Marii
1128 3335 1154 3386 in
1176 3334 1260 3384 altero
1279 3332 1338 3381 eius
1357 3344 1418 3380 con·

202 3405 287 3454 suiain
307 3419 333 3455 a.
351 3419 377 3456 u.
396 3417 419 3455 e.
437 3397 499 3455 650.
534 3404 627 3469 ltaque
644 3405 738 3454 Licinii
757 3407 921 3474 gentilicium
940 3419 1037 3456 nomeu
1055 3407 1145 3470 utique
1164 3404 1261 3454 laisum
1280 3403 1330 3451 est.
1366 3400 1418 3449 Do-

202 3475 306 3526 leudum
324 3475 434 3538 propter
450 3475 557 3524 lituram
575 3475 674 3524 codicis
686 3475 831 3526 tiernensis
849 3475 990 3539 archetypi
1005 3475 1163 3539 scripturam
1177 3487 1229 3523 non
1242 3471 1309 3520 satis
1322 3469 1419 3534 liquide

203 3545 328 3614 cognosci
345 3557 438 3608 posse.
474 3544 508 3595 Ni
525 3548 616 3595 tamen
635 3547 724 3595 omnia
741 3560 785 3596 me
803 3545 906 3601 fallunt,
925 3547 970 3594 iilo
989 3545 1055 3594 libro
1067 3541 1191 3595 Liciniae
1207 3541 1331 3591 traditum
1352 3541 1418 3596 crat.

204 3616 369 3683 quodetiam
388 3615 574 3683 Mogontinam
592 3616 742 3679 occupauit.
777 3614 836 3666 lam
855 3630 919 3665 uero
938 3615 1041 3665 Paridis
1060 3615 1184 3678 epitome,
1203 3626 1272 3676 qrrae
1287 3611 1419 3660 Fimbriae

204 3687 275 3737 Lucii
293 3700 457 3749 praenomen
474 3685 573 3744 tribuit,
592 3699 721 3748 perquam
739 3687 797 3736 ueri
815 3685 902 3736 simile
927 3685 1012 3735 recidit
1035 3699 1069 3734 ex
1090 3685 1142 3734 boc
1159 3683 1235 3732 Lucii
1253 3682 1359 3733 nomine
1377 3696 1419 3731 ar·

204 3759 310 3822 chetypi
327 3758 451 3808 mendum
470 3758 556 3806 ortum
575 3769 654 3813 esse,
673 3757 732 3806 siue
749 3758 777 3806 in
794 3753 899 3807 Licinii
915 3757 974 3806 siue
996 3757 1022 3805 in
1040 3751 1165 3806 Liciniae
1182 3756 1334 3806 aberratum
1353 3754 1419 3805 erat.

204 3829 322 3896 Longius
345 3826 472 3895 progredi
495 3827 521 3877 in
549 3827 715 3877 emendando
738 3827 791 3876 hoe
819 3827 879 3877 loce
903 3841 956 3876 non
984 3825 1058 3885 licet,
1087 3840 1250 3889 quamquam
1273 3837 1420 3889 pronomen

205 3913 307 3964 quoque
329 3899 394 3947 illud
418 3898 517 3947 falsum
545 3899 601 3954 cst;
632 3898 691 3948 erat
718 3898 788 3948 enirn
812 3897 895 3947 Gaius
918 3897 1045 3949 Fimbria.
1090 3897 1145 3947 Sed
1176 3911 1235 3947 eum
1262 3911 1312 3960 pro
1336 3895 1418 3945 Lucio

205 3969 306 4022 Paridis
324 3969 470 4019 auctoritas
488 3969 584 4025 iaciat,
607 3967 665 4019 fleri
687 3970 777 4032 potest
798 3971 828 4018 ut
851 3970 912 4033 ipse
937 3971 1030 4021 auctor
1053 3969 1080 4018 in
1103 3967 1275 4032 praenomine
1297 3967 1419 4031 ponendo

205 4042 295 4104 lapsus
313 4040 357 4097 sit,
376 4040 446 4105 quod
465 4039 617 4102 frequenter
635 4040 767 4090 accidisse
785 4039 900 4090 diximus
918 4041 946 4089 in
963 4039 1048 4104 praei.
1066 4053 1093 4104 p.
1112 4031 1155 4092 33.
1197 4039 1290 4100 ltaque
1309 4052 1420 4088 reuoca·

207 4112 289 4161 uinus
308 4111 377 4174 quod
396 4110 449 4160 iam
467 4110 579 4179 Pighius
597 4111 733 4170 ediderat,
751 4125 812 4161 cum
830 4111 962 4161 editiones
986 4112 1049 4160 ante
1067 4123 1127 4160 eum
1146 4110 1301 4175 plerumque
1319 4105 1421 4160 licinii

207 4181 407 4232 circumisrrent.

273 4247 342 4319 qaod
358 4250 403 4302 ait·
421 4248 503 4302 bonas
520 4255 596 4315 esset)
613 4253 715 4310 cicero,
734 4266 750 4302 e
769 4267 822 4315 quo
841 4253 951 4321 singula
968 4253 1025 4303 iero
1044 4253 1128 4302 uerba
1145 4252 1196 4301 hoc
1216 4252 1274 4302 loco
1294 4251 1420 4314 surripuit

207 4323 339 4382 Valerius,
363 4323 472 4387 propria
493 4323 648 4386 sponsionis
671 4323 787 4374 formula
808 4324 902 4382 utitur,
927 4321 956 4374 ni
977 4322 1022 4373 air·
1044 4319 1127 4374 donus
1150 4327 1224 4375 esset.
1261 4322 1336 4381 Quod
1358 4334 1417 4370 cum

208 4394 282 4446 eiiam
304 4395 331 4444 in
354 4393 411 4444 iulii
430 4394 535 4444 Paridis
559 4395 674 4458 epitome
697 4394 832 4445 inuentum
858 4395 894 4444 sit
916 4398 943 4446 ct
965 4395 1027 4445 inde
1048 4394 1185 4444 transierit
1209 4394 1235 4441 in
1256 4391 1418 4442 recentiores

209 4465 304 4529 aliquot
325 4465 423 4525 libros,
452 4467 529 4517 erant
552 4466 595 4530 qui
618 4465 753 4515 Valerium
777 4466 814 4515 ita
837 4467 1032 4516 emendandum
1054 4465 1201 4514 crederent.
1246 4461 1301 4511 Sed
1323 4461 1418 4510 eadem

208 4551 314 4604 pmrsus
330 4537 462 4602 particula
478 4537 523 4587 bic
532 4538 626 4586 auctor
637 4537 810 4601 sponsionem
819 4536 910 4600 incipit
927 4537 971 4595 Vl,
992 4533 1015 4596 1,
1036 4532 1077 4587 10.
1105 4535 1195 4600 Aqua
1206 4533 1276 4595 quod
1292 4530 1419 4580 discessit

209 4610 280 4661 Paris
299 4612 346 4659 aut
363 4621 397 4659 ex
415 4609 524 4678 ingenio
542 4610 642 4660 iecisse
660 4608 855 4659 existimandus
878 4608 934 4668 eet,
959 4621 1019 4658 eum
1042 4607 1067 4656 ei
1091 4604 1264 4671 sponsionum
1288 4602 1419 4653 formulae

210 4682 264 4734 nne
287 4676 368 4732 dnbio
390 4681 471 4732 nobe
493 4680 602 4739 inerim,
629 4681 676 4730 aut
697 4681 762 4743 quia
785 4680 820 4729 ad
842 4679 996 4744 primarium
1020 4677 1098 4728 rediit
1120 4676 1219 4728 Valerii
1242 4675 1355 4733 iontem,
1379 4673 1416 4725 td.

210 4751 282 4806 Tullii
299 4755 335 4807 de
350 4751 448 4806 eideiis
464 4752 558 4807 libros.
592 4751 661 4805 Vide
678 4763 749 4819 quae
765 4751 952 4804 adnotmtrnus
970 4751 1005 4801 ad
1023 4747 1057 4810 ii,
1074 4744 1101 4810 8,
1118 4743 1145 4799 2.
