3409 5400
288 503 355 570 518
663 496 723 565 DE
745 494 847 563 FIDE
871 488 1131 561 SERVORVM.

289 663 447 749 unguenti
471 660 632 727 occultam
657 658 773 724 salutis
797 652 982 719 custodiam
1008 652 1136 718 detexit.
1187 650 1263 716 lstis
1294 651 1387 715 enim
1419 650 1540 711 uesti-

290 770 354 857 giis
383 776 511 843 eor‘um,
546 768 602 854 qui
634 768 774 830 miseros
803 761 1117 848 persequebantur,‘
1134 778 1241 845 sagax
1267 756 1405 820 inducta
1446 775 1540 816 cura

290 873 436 940 abditum
459 874 560 961 fugae
583 874 653 937 cius
679 870 783 935 cubile
808 869 947 932 odorata
975 874 1033 932 est.
1085 863 1116 929 A
1146 864 1263 950 quibus
1293 861 1538 947 conprehensi

291 981 380 1045 serui
402 980 533 1044 latentis
556 980 756 1064 multumque
780 996 818 1038 ac
843 974 899 1065 diu
921 973 996 1036 torti
1018 972 1186 1058 negabant
1208 991 1244 1035 se
1269 971 1353 1033 scire
1380 968 1445 1031 ubi
1473 967 1538 1029 do-

290 1088 401 1153 minus
425 1098 521 1151 esset.
568 1084 644 1149 Non
667 1084 820 1148 sustinuit
842 1080 961 1144 deinde
984 1079 1129 1143 Plancus
1153 1090 1219 1140 tarn
1243 1076 1356 1140 fideles
1383 1088 1560 1160 tamques

291 1195 371 1259 boni
394 1190 533 1275 exempli
557 1210 672 1255 seruos
697 1189 831 1252 ulterius
856 1188 1011 1258 cruciari,
1041 1184 1100 1247 sed
1124 1184 1286 1268 processit
1311 1183 1347 1245 in
1370 1181 1533 1245 medium

293 1297 506 1385 iugulumque
541 1296 662 1383 gladiis
697 1293 833 1357 militum
865 1292 991 1357 obiecit.
1053 1290 1152 1370 Quod
1186 1303 1351 1353 certamen
1386 1305 1534 1351 mutuae

296 1403 533 1468 beniuolentiae
558 1402 696 1466 arduum
720 1400 847 1463 dinosci
870 1400 949 1463 facit
971 1411 1079 1460 utrum
1092 1396 1224 1482 dignior
1239 1395 1393 1459 dominus
1413 1396 1534 1464 fuerit,

297 1510 351 1595 qui
375 1522 442 1574 tam
465 1520 669 1573 constantem
695 1526 865 1571 seruorum
890 1505 986 1566 fidem
1017 1504 1231 1586 experiretur,
1263 1524 1305 1564 an
1329 1504 1436 1573 serui,
1474 1502 1534 1586 qui

295 1628 364 1681 tem
386 1617 474 1681 iusta
497 1616 622 1679 domini
644 1611 871 1679 misericordia
900 1610 1103 1696 quaestionis
1133 1610 1271 1672 saeuitia
1293 1608 1532 1671 liberarentur.
1543 1619 1568 1660 tt
1603 1645 1604 1684 ,

255 1717 286 1783 6.
387 1719 486 1800 Quid,
503 1718 620 1783 Vrbini
635 1719 835 1803 Panapionis
849 1737 967 1779 seruus
984 1736 1082 1801 quam
1098 1715 1298 1779 admirabilis
1316 1713 1405 1776 iidei!
1438 1714 1533 1777 Cum

298 1826 343 1891 ad
364 1825 534 1888 dominum
556 1827 773 1910 proscriptum
798 1822 1014 1886 occidendum
1031 1822 1284 1885 domesticorum
1303 1819 1426 1883 indicio
1453 1841 1533 1882 eer-

299 1931 398 1994 tiores
423 1930 528 1993 iactos
551 1930 669 1995 milites
691 1933 726 1994 in
749 1930 922 1994 Reatinam
945 1929 1056 1993 uillam
1078 1930 1212 1992 uenisse
1228 1938 1418 2012 cognosset
1442 1946 1532 1990 con·
1603 1929 1605 1986 l

299 2044 424 2099 mutata
447 2056 522 2101 cum
545 2058 584 2100 eo
608 2050 711 2113 ueste,
734 2046 918 2122 permutato
935 2038 1034 2099 etiam
1057 2035 1156 2099 anulo
1178 2033 1269 2097 illum
1284 2033 1413 2118 postico
1437 2032 1530 2095 elam

300 2142 418 2217 emisit,
441 2164 479 2206 se
504 2154 611 2207 autem
634 2144 668 2207 in
693 2142 877 2207 cubiculum
901 2164 938 2205 ac
966 2140 1119 2204 lectulum
1147 2140 1269 2223 recepit
1295 2149 1327 2201 et
1354 2150 1389 2199 ut
1412 2138 1565 2201 Pana-15

300 2248 434 2335 pionem
457 2248 561 2313 occidi
584 2270 707 2335 passus
732 2261 791 2312 cst.
837 2247 955 2312 Breuis
973 2246 1069 2311 huius
1093 2247 1172 2311 faeti
1193 2246 1347 2319 narratio,
1371 2244 1434 2324 sed
1457 2266 1528 2307 non
1603 2291 1604 2294 ,

302 2385 328 2443 3.
347 2392 447 2442 aditum
465 2388 603 2457 Elleius]
624 2393 694 2441 itlius
716 2388 791 2444 Torr.
812 2390 824 2458 ll
842 2388 868 2442 4.
895 2393 1010 2441 latentes
1034 2386 1179 2441 Acnrr.
1204 2403 1253 2438 om.
1278 2382 1408 2448 (Effert.
1425 2386 1438 2449 11
1457 2388 1528 2436 mut·
1603 2319 1604 2388 d

302 2462 423 2531 tumque]
448 2477 500 2525 que
524 2476 572 2515 om.
592 2461 620 2513 F.
639 2460 693 2529 115.
718 2462 824 2528 deinde]
850 2464 957 2512 domum
979 2460 1011 2513 F.
1027 2461 1041 2526 ΙΙ
1056 2462 1164 2525 plantus
1185 2457 1244 2511 OF.
1267 2460 1389 2521 plaucius
1408 2456 1446 2509 D.
1466 2458 1481 2523 ΙΙ
1501 2456 1527 2508 (i

302 2532 429 2599 medium]
454 2548 542 2583 meum
567 2530 597 2585 F.
616 2534 628 2601 ll
646 2532 670 2585 s.
696 2534 757 2582 fecit
781 2532 811 2585 F.
828 2531 841 2600 ll
859 2532 885 2584 ll.
904 2536 1044 2583 constante
1068 2546 1206 2583 seruorum
1231 2530 1284 2579 tide
1308 2528 1364 2593 F.ll
1381 2527 1420 2581 ll.
1440 2531 1527 2579 urbini

303 2600 364 2654 Dr
381 2608 408 2653 et
420 2616 464 2669 pr.
482 2600 515 2654 A.
534 2619 617 2655 urucn
636 2601 698 2655 Pur.
718 2608 744 2653 ct
761 2616 830 2654 corr.
848 2602 882 2654 A.
902 2605 996 2653 urbani
1014 2600 1106 2655 GEF.
1126 2601 1226 2653 Vrbinii
1246 2596 1323 2651 Torr.
1338 2598 1350 2667 ll
1365 2602 1527 2663 panopionis

304 2669 364 2724 Dr
380 2676 406 2724 et
423 2687 492 2726 corr.
511 2671 544 2728 Δ,
567 2672 668 2742 Tornll
681 2675 756 2740 cum]
777 2678 905 2736 Quicum
926 2673 1004 2725 Torr.
1027 2670 1086 2725 Vtri.
1105 2671 1142 2724 ad
1162 2668 1198 2729 it,
1225 2668 1264 2726 10.
1286 2676 1335 2723 eet.
1354 2669 1406 2737 2.st
1428 2668 1467 2722 12.
1488 2673 1526 2721 iu

305 2744 373 2792 dicio
391 2741 453 2795 EF.
470 2743 484 2811 ll
502 2739 543 2795 13.
563 2749 741 2812 cognosceret
759 2743 843 2798 CEF.
868 2747 1044 2814 cognouisset
1061 2743 1127 2797 Dl'.
1155 2741 1215 2797 Vid.
1234 2739 1277 2794 cd.
1296 2740 1333 2802 it,
1359 2740 1526 2810 10,8.ΙΙΙ4.

306 2814 395 2863 anullo
409 2828 454 2882 pr.
472 2813 504 2866 A.
518 2813 530 2884 ΙΙ
545 2819 649 2881 postica
668 2813 782 2884 Γ.1115.
803 2821 829 2866 ot
848 2817 887 2882 ut]
907 2820 935 2867 et
953 2831 984 2866 se
1003 2819 1031 2865 ut
1043 2814 1079 2868 D.
1098 2819 1179 2882 utque
1196 2813 1228 2867 Γ.
1242 2811 1253 2882 ΙΙ
1274 2816 1453 2878 pauopionem
1469 2811 1530 2864 ΒΡ

307 2880 384 2936 Torr.
401 2887 561 2949 ponpionem
579 2885 614 2940 E.

377 3007 450 3059 serm
467 3007 582 3073 latentis)
607 3010 712 3062 latentis
730 3013 859 3064 omissum
878 3017 922 3064 est
938 3014 966 3064 in
983 3013 1100 3080 uolgatis
1119 3013 1288 3068 editionibus,
1309 3012 1434 3072 quamuis
1452 3013 1526 3060 anila

307 3080 414 3130 omnino
432 3081 641 3145 interpolationis
654 3084 772 3146 suspicio
786 3085 826 3137 sit.
866 3086 967 3134 Vitiose
980 3087 1071 3134 tamen
1089 3084 1116 3133 in
1129 3079 1383 3150 codicibus'legitur
1400 3080 1525 3140 letata,-

308 3164 369 3199 nam
389 3165 484 3201 seruos
503 3168 608 3218 quoque
627 3155 739 3204 latuisse
758 3157 808 3204 dici
828 3156 892 3206 nihil
911 3157 1044 3205 intererat
1090 3156 1258 3217 Quapropter
1276 3155 1335 3202 sine
1354 3155 1436 3203 dubio
1453 3158 1523 3204 recte

308 3221 462 3273 Perizonius
482 3226 631 3274 coniecerat
655 3225 796 3292 legendum
821 3241 886 3276 osse
904 3224 1022 3280 lassatis,
1047 3228 1117 3290 quod
1141 3240 1188 3274 cur
1212 3225 1348 3274 transierit
1369 3225 1397 3274 in
1418 3222 1524 3275 latentes

308 3292 387 3342 facile
405 3297 573 3358 perspicitur.
608 3295 733 3348 Probauit
756 3299 886 3348 Perizonii
909 3299 1087 3348 coniecturam
1108 3296 1261 3347 Torrenius.
1303 3293 1358 3346 Sed
1383 3311 1442 3346 cum
1460 3297 1522 3346 hae·

308 3363 403 3414 sileret
420 3379 490 3416 anne
507 3364 615 3417 latentes
633 3369 798 3435 signiticaret
815 3383 911 3419 seruos
929 3370 990 3419 ilios
1009 3383 1041 3418 se
1052 3382 1158 3430 quoque
1176 3368 1324 3428 abdidisse,
1343 3382 1376 3417 nc
1389 3369 1523 3432 conspecti

309 3437 337 3486 et
354 3449 386 3484 co
407 3436 453 3486 niti
472 3439 605 3487 dominum
624 3442 773 3503 proderent.
793 3442 913 3490 neutrum
933 3441 1040 3502 recepit.

399 3504 474 3558 dade
497 3507 620 3565 Plancus)
651 3511 804 3561 Perizonius
834 3513 976 3579 legendum
1005 3523 1069 3559 esse
1099 3511 1202 3559 consuit
1225 3507 1325 3559 &mum
1348 3524 1398 3572 pro
1424 3505 1520 3564 Made.

309 3577 405 3634 falsus.
424 3579 448 3628 si
466 3579 591 3631 librorum
602 3583 760 3644 scripturam
770 3585 919 3633 sententiae
932 3599 984 3632 non
997 3581 1140 3632 conuenire
1151 3581 1289 3644 putauerit.
1314 3581 1383 3629 Nam
1397 3581 1522 3643 particula
1603 3632 1604 3635 ,

310 3645 404 3699 deiude
422 3663 507 3714 saepo
532 3653 672 3717 sequentia
696 3655 811 3702 antrectit
835 3655 886 3709 ita,
911 3657 939 3703 ut
963 3654 1042 3702 simul
1065 3668 1124 3702 eum
1148 3653 1279 3720 singulari
1304 3653 1329 3700 ui
1355 3667 1387 3700 ac
1410 3653 1522 3715 pondere

310 3721 519 3782 comprehendat
540 3724 729 3784 praecedentia
752 3727 779 3772 et
798 3725 932 3790 significet
955 3726 1012 3775 iero
1031 3727 1094 3789 post
1112 3720 1185 3774 tatic.
1222 3723 1262 3773 Ci.
1281 3724 1396 3772 Gronou.
1415 3723 1449 3771 ad
1467 3723 1521 3773 tiu.

310 3789 367 3846 llll,
386 3785 429 3846 tit.
453 3785 493 3848 15,
513 3806 591 3852 quem
610 3795 700 3843 citauit
718 3793 871 3853 Torrenius,
893 3799 965 3844 reete
984 3795 1123 3844 oblocutos
1144 3794 1289 3843 Perizonio.

381 3855 407 3909 li.
427 3860 464 3910 Cf.
484 3859 579 3910 Sonec.
592 3864 625 3912 de
644 3865 730 3916 benet.
744 3865 787 3921 ill,
807 3861 850 3916 25.
871 3865 938 3927 App.
952 3865 1000 3915 eiu.
1014 3865 1071 3924 llll,
1090 3859 1134 3916 44.
1154 3865 1272 3915 diucrob.
1292 3863 1348 3915 Sat.
1368 3866 1387 3922 l,
1408 3861 1449 3915 ll.
1466 3864 1522 3917 Dio.

312 3927 389 3978 Cass
408 3928 515 3985 XLVll,
536 3927 569 3980 lll
586 3947 613 3994 p·
631 3929 681 3983 tbi
703 3936 784 3986 Rcim.
803 3935 901 3988 Zonar.
920 3935 955 3991 X,
977 3932 1017 3985 17.

353 4066 359 4079 ι
387 3993 480 4047 Vrbini
500 3999 669 4066 Panapionis)
694 4007 761 4055 Mire
780 4007 853 4068 prius
877 4020 973 4054 nomen
998 4009 1150 4070 corruptum
1174 4010 1218 4057 est
1241 4007 1268 4056 in
1287 4008 1378 4056 codice
1397 4007 1521 4056 Vaticano

311 4067 370 4118 luni
389 4067 501 4127 Paridis,
521 4071 663 4124 exhlbentc
681 4089 779 4129 araon.
804 4077 874 4137 quod
899 4082 1000 4125 temere
1024 4080 1121 4126 asciuit
1145 4080 1278 4128 corrector
1297 4078 1355 4128 libri
1375 4079 1520 4134 tiernensis,

313 4153 372 4189 curn
391 4141 472 4188 antea
489 4143 525 4190 ibi
545 4145 616 4192 recte
636 4146 769 4212 legeretur
786 4143 883 4195 urbini.
919 4146 950 4194 iu
965 4149 1122 4215 cognomine
1141 4149 1202 4211 plns
1221 4150 1388 4198 tribuendum
1406 4152 1447 4198 est
1464 4165 1521 4198 corr·

313 4211 406 4263 sensui
425 4209 537 4268 Paridis,
557 4215 602 4275 qui
620 4216 662 4264 bis
681 4217 789 4265 exbibet
806 4216 1001 4279 Panapionem,
1026 4221 1052 4267 ei
1076 4220 1278 4269 Valerianorum
1302 4221 1434 4275 codicum,
1458 4220 1521 4270 inter

314 4295 381 4348 quos
399 4282 543 4333 Beruensis
561 4285 647 4346 prima
666 4299 760 4336 manus
780 4288 891 4336 alteram
911 4290 1046 4353 syllabam
1066 4291 1107 4338 bis
1126 4303 1174 4353 per
1193 4291 1315 4340 uocalem
1333 4303 1358 4347 u,
1378 4293 1458 4340 semei
1476 4305 1520 4354 per

313 4353 431 4411 celleri,
451 4369 531 4416 quarn
550 4355 705 4406 deriuationi
725 4358 834 4407 alterius
854 4359 955 4409 formae
978 4375 1106 4425 perquam
1131 4365 1204 4411 certe
1229 4361 1375 4429 ambiguae
1398 4377 1416 4410 a
1430 4356 1480 4412 mir
1495 4366 1521 4410 et

312 4419 394 4506 dator
411 4439 460 4489 pro
478 4422 531 4494 ὤψ,
551 4441 605 4488 que
624 4427 795 4477 Foreollinius
816 4429 888 4478 illam
907 4435 1001 4483 tuctur.
1043 4433 1168 4497 idemque
1192 4446 1302 4487 nornen,
1326 4433 1396 4493 qrrod
1414 4447 1460 4481 nos
1477 4448 1519 4495 po·

313 4509 424 4554 suunus,
443 4499 513 4562 apud
527 4497 676 4562 Appianum
695 4513 798 4564 quoquc
816 4501 842 4550 iu
862 4505 958 4553 mondo
971 4503 1089 4552 codicum
1109 4505 1193 4553 latere
1212 4505 1380 4559 arbitramur,
1400 4505 1441 4550 ubi
1458 4519 1520 4552 none

313 4567 419 4634 quidem
437 4568 551 4638 legimus
564 4565 679 4622 Ἄππιον.
716 4571 862 4630 diacrobio,
881 4574 908 4623 ni
926 4576 1031 4625 codices
1051 4575 1152 4632 fallunt,
1172 4578 1246 4624 recto
1265 4589 1331 4623 casu
1346 4575 1456 4624 Vrbinus
1473 4577 1518 4631 est,

313 4637 363 4688 sed
383 4639 470 4690 uerior
487 4642 614 4708 gentilici!
631 4641 745 4692 nominis
764 4641 851 4693 torma
874 4659 907 4695 ea
927 4659 991 4695 csse
1015 4645 1131 4706 uidetur,
1157 4647 1232 4694 cuius
1256 4646 1402 4713 genitiuum
1425 4645 1519 4710 proprie

313 4707 419 4768 duplice
437 4707 448 4758 i
466 4712 634 4762 scribendum
651 4725 716 4763 esse
732 4714 856 4765 indienui.
