3409 5400
273 464 338 531 382
512 460 571 528 DE
594 456 887 527 HVMANITATE
908 459 966 525 iti
989 459 1252 526 CLEMENTIA.

274 634 447 710 postquam
470 623 599 687 senatui
620 620 757 687 relatum
781 632 841 697 est,
871 622 1030 686 aceerdte
1052 623 1172 686 iuuene
1193 641 1294 708 quam
1317 620 1421 707 potuit
1441 640 1497 683 sc·

273 742 386 795 curata
417 730 627 794 excusatione
655 750 737 793 usus
769 741 834 806 est,
870 729 958 816 quod
992 750 1052 792 nee
1085 740 1292 815 quaestorem
1325 727 1372 791 illi
1405 746 1498 790 more

273 837 432 903 maiorum
456 835 588 901 obuiam
611 836 757 901 misisset
785 858 845 899 nec
874 834 1004 922 publice
1029 858 1103 901 eum
1133 833 1277 921 bospitio
1305 834 1499 917 excepisset.

273 966 377 1032 eaque
400 962 468 1009 nen
491 965 555 1008 sua
576 943 796 1031 neglegentia,
820 942 882 1007 sed
903 943 1010 1027 ipsius
1035 941 1141 1006 subite
1165 953 1198 1004 et
1211 937 1415 1006 clandestino
1439 937 1498 1003 ad·

271 1063 370 1115 uentu
393 1052 481 1115 faeta
503 1049 590 1125 dixit,
614 1048 758 1133 stillum
782 1071 800 1113 e
824 1050 918 1113 curia
938 1050 1087 1134 protinus
1111 1048 1154 1111 ad
1182 1048 1331 1133 publicos
1360 1058 1522 1133 penatess

273 1158 406 1223 deduxit
427 1156 640 1244 hortatusque
664 1168 713 1220 est
734 1168 769 1219 ut
783 1156 943 1242 depositis
960 1154 1112 1219 sordibus
1129 1152 1271 1219 adeundi
1287 1155 1393 1239 ipsius
1410 1154 1497 1218 diem

274 1274 406 1351 peteret.
449 1263 537 1343 Quin
560 1265 658 1328 etiam
680 1284 778 1327 curae
801 1262 916 1326 babuit
938 1270 974 1325 ut
996 1263 1026 1325 ei
1048 1282 1186 1326 munera
1208 1282 1267 1347 per
1290 1273 1499 1347 quaestorem

275 1370 393 1435 cotidie
416 1370 578 1437 darentur.
625 1369 687 1435 llis
711 1370 870 1458 gradibus
894 1369 1075 1433 officiorum
1106 1370 1266 1459 iacemem
1296 1370 1339 1433 ad
1368 1368 1498 1453 regium

274 1478 443 1565 fastigium
468 1478 570 1540 erexit
591 1476 762 1564 effecitque
786 1487 821 1541 ut
844 1475 916 1563 plus
941 1475 1014 1562 spei
1036 1476 1071 1539 in
1091 1474 1212 1539 auxilio
1227 1474 1339 1561 populi
1353 1473 1500 1538 Romani

276 1606 374 1671 quam
396 1596 502 1649 metus
526 1585 560 1648 iu
583 1605 645 1648 sua
665 1584 796 1649 fortuna
818 1596 1001 1669 reponeret
1509 1600 1537 1643 te

232 1684 262 1751 2.
364 1690 469 1777 Atque
492 1702 527 1755 ut
549 1691 590 1755 ab
614 1692 779 1755 uniuersis
803 1690 950 1777 patribus
974 1691 1169 1777 conscriptis
1194 1688 1237 1753 nd
1260 1687 1412 1775 singulos
1442 1707 1499 1749 ue·

275 1800 380 1875 niam,
414 1797 453 1861 lt.
485 1798 658 1862 Cornelius
693 1797 810 1862 consul
837 1798 943 1883 prime
971 1795 1097 1861 Punico
1125 1795 1227 1870 belle,
1264 1816 1338 1862 curn
1366 1792 1499 1858 Olbiam

276 1904 432 1991 oppidum
455 1905 607 1990 cepisset,
630 1924 689 1989 pro
714 1926 778 1991 quo
801 1903 980 1968 fortissime
1004 1904 1166 1967 dimicans
1188 1901 1309 1966 Hanno
1333 1900 1398 1964 dux
1415 1898 1501 1964 Kar·

275 2011 535 2099 thaginiensium
565 2010 739 2085 occiderat,
770 2032 890 2096 cerpus
919 2012 991 2074 eius
1014 2032 1032 2071 e
1058 2008 1267 2074 tabernaculo
1295 2029 1358 2073 suo
1389 2006 1501 2093 amplo

274 2118 389 2185 funere
413 2118 532 2193 extulit,
557 2140 618 2181 neo
641 2116 800 2181 dubitauit
817 2116 923 2181 hostis
949 2118 1105 2203 exequias
1126 2117 1199 2201 ipse
1223 2115 1401 2189 celebrare,
1425 2131 1539 2178 camis

274 2224 406 2291 demum
429 2226 598 2289 uictoriam
623 2236 654 2287 et
676 2224 763 2311 apud
788 2223 868 2287 dees
894 2234 924 2285 et
953 2223 1041 2311 apud
1072 2222 1222 2287 hemines
1250 2223 1422 2287 minimum
1448 2222 1501 2285 iu·

274 2333 382 2399 uidiae
416 2328 599 2399 habituram
634 2330 795 2406 credens,
836 2351 914 2413 puae
948 2352 1047 2416 quam
1081 2330 1254 2415 plurimum
1286 2328 1500 2393 humanitatis

272 2438 455 2505 habuisset.

783 2521 995 2541 uad—n·—

277 2578 301 2633 i.
320 2584 451 2632 arcessito
472 2578 548 2633 Torr.
566 2580 580 2648 ΙΙ
597 2576 622 2632 3.
641 2580 713 2646 euml
740 2596 799 2631 eum
823 2579 855 2634 F.
875 2577 889 2651 ΙΙ
908 2581 1057 2644 recepisset
1074 2574 1106 2630 F.
1124 2575 1180 2647 114.
1200 2579 1375 2629 clamdestino
1397 2576 1430 2628 A,
1456 2574 1500 2643 Cf.

279 2646 333 2704 Vel.
352 2650 436 2718 desp.
450 2667 480 2719 p.
498 2648 577 2704 2237.
590 2652 640 2720 111.
660 2652 695 2702 uti
714 2668 823 2704 munere
838 2666 883 2720 pr.
903 2649 934 2703 A.
954 2654 990 2701 uti
1007 2664 1121 2702 munera
1138 2653 1163 2701 ci
1182 2663 1252 2702 cerr.
1270 2646 1301 2702 A.
1327 2649 1363 2699 nti
1387 2662 1502 2699 munera

276 2719 429 2775 CDEFP.
449 2727 476 2772 ut
494 2737 605 2774 munera
629 2725 654 2773 ei
681 2721 758 2774 Terr.
775 2723 788 2790 ΙΙ
805 2722 922 2785 quotidie
949 2739 998 2788 per
1021 2725 1194 2785 qrraestorem
1214 2720 1292 2774 Torr.
1312 2717 1325 2788 il
1345 2717 1387 2771 it.
1412 2722 1500 2783 siquo

275 2808 324 2844 em.
342 2791 379 2844 D.
394 2791 406 2862 ΙΙ
423 2791 464 2845 it.
484 2795 583 2844 albiam
602 2791 638 2844 Ε.
656 2795 774 2845 olbinam
792 2789 821 2846 F.
840 2796 939 2844 oluism
957 2793 1019 2845 Per.
1031 2791 1045 2861 ΙΙ
1059 2789 1100 2846 ld.
1113 2792 1250 2858 oppidem}
1271 2797 1330 2843 aitte
1347 2793 1454 2841 Olbiam
1465 2789 1501 2841 F.

285 2863 299 2930 ΙΙ
311 2864 439 2931 cepisset]
459 2866 572 2928 petisset
590 2861 652 2914 Pur.
664 2863 678 2931 l}
690 2865 765 2915 Anne
783 2863 815 2918 A.
828 2862 841 2930 ΙΙ
856 2863 896 2917 15.
915 2864 987 2930 ipse]
1007 2869 1067 2915 cate
1085 2866 1172 2915 hostis
1191 2862 1223 2915 F.
1234 2864 1247 2930 ΙΙ
1264 2863 1337 2929 eum]
1356 2861 1384 2913 ia
1402 2875 1501 2913 rursm

269 2931 311 2990 D.
329 2938 385 2984 tum
403 2932 518 3056 Aiil‘bii
531 2933 572 3056 ig.
592 2949 661 3000 quae
680 2935 772 3002 quam]
798 2951 879 3002 qutun
898 2933 950 2988 01·
966 2940 992 2986 et
1010 2949 1053 3003 pr.
1072 2932 1104 2988 Α.
1128 2950 1188 2987 eum
1212 2948 1282 2986 corr.
1301 2932 1332 2985 ,1
1358 2948 1427 3001 qnae
1445 2930 1507 2985 EF

276 3009 302 3056 ei
319 3004 347 3056 ia
364 3019 461 3058 rasura
508 3041 517 3060 ,
562 3018 617 3057 err.

783 3077 995 3094 Μ

275 3133 395 3192 meent,
420 3130 580 3198 Cypriaeum
603 3130 695 3180 tuisse.
733 3131 798 3180 Mihi
818 3133 925 3196 quidem
943 3147 1104 3197 persuasum
1123 3136 1167 3184 cst
1184 3134 1218 3183 de
1236 3134 1292 3182 ulia
1309 3131 1419 3182 irubum
1439 3132 1499 3181 Pte·

276 3205 439 3256 temaeorum
465 3202 632 3252 contentione
657 3202 771 3251 loentum
795 3215 860 3254 esse
883 3205 1036 3270 Polybium.
1067 3207 1101 3255 de
1126 3205 1181 3254 alia
1204 3204 1323 3260 Liuium.
1354 3203 1499 3259 Valerium.

274 3275 427 3326 Diodorum.
465 3275 534 3324 Nam
553 3273 607 3332 ills.
627 3287 695 3338 quae
714 3272 844 3338 Polybius
863 3276 930 3326 libre
948 3277 1041 3326 xxxi
1059 3277 1237 3339 exposuerat.
1261 3291 1280 3324 a
1302 3275 1501 3324 tibtote-aena

277 3349 353 3398 erunt
371 3349 439 3398 libro
463 3345 570 3396 XLVll.
613 3343 665 3396 Cir.
683 3343 791 3408 epitom.
810 3347 869 3396 eius
889 3347 957 3396 iibri.
987 3347 1080 3398 Altera
1095 3349 1210 3398 senatus
1232 3346 1391 3410 disceptatio
1402 3345 1501 3394 cadere

277 3419 379 3469 uidetur
397 3419 424 3468 ie
443 3431 540 3467 annum
560 3410 610 3467 etti
631 3431 656 3465 a.
676 3431 701 3467 u.
720 3431 752 3474 c..
772 3417 859 3467 altera
876 3419 904 3467 in
921 3434 1020 3467 annum
1038 3413 1099 3470 600.

345 3494 375 3540 st
392 3486 417 3539 ei
435 3493 553 3548 munera)
579 3487 670 3536 Codex
693 3487 858 3552 archetypus
881 3486 921 3538 ati
943 3503 1060 3539 same.
1097 3487 1132 3538 At
1153 3503 1301 3552 personae,
1325 3490 1368 3538 cni
1388 3501 1501 3538 menen

276 3559 333 3610 dari
353 3559 465 3611 uoluerit
482 3560 602 3615 senatus.
623 3557 782 3625 significatio
802 3560 887 3608 omitti
904 3575 957 3610 non
975 3561 1067 3624 potuit.
1104 3561 1198 3625 ltaque
1215 3561 1343 3610 facillima
1354 3560 1500 3609 mutatione

275 3645 420 3694 pronomen
439 3631 551 3689 restitui,
571 3629 639 3695 quod
650 3630 812 3680 recentiores
825 3630 924 3681 librarii
937 3633 965 3680 et
976 3633 1102 3689 editores,
1121 3647 1181 3681 oum
1194 3633 1301 3681 omnine
1315 3631 1500 3681 necessarium

276 3715 340 3752 esse
359 3703 549 3766 perspicerent.
569 3701 656 3759 minus
674 3701 848 3763 probabiliter
866 3703 1058 3766 suppleuersnt
1075 3706 1139 3767 post
1156 3715 1273 3755 mnne.

347 3767 374 3824 2.
393 3773 431 3822 ci.
450 3772 497 3825 sit
515 3773 574 3826 ltal.
593 3771 636 3830 Vl,
655 3765 715 3822 tiit.
1050 3802 1054 3806 -

348 3839 382 3894 b.
402 3839 547 3895 &metim
564 3844 644 3894 Cous.
663 3856 688 3893 a.
707 3836 768 3894 495.
788 3859 813 3892 a.
832 3857 857 3895 u.
877 3859 901 3893 c.
924 3845 963 3897 ci.
983 3845 1041 3896 Liu.
1059 3846 1122 3909 epit.
1141 3846 1201 3895 libri
1218 3844 1302 3895 xvii.
1320 3845 1391 3895 Flor.
1410 3843 1447 3903 ii.
1472 3841 1498 3901 2,

280 3905 321 3964 lli.
345 3912 453 3977 liubop.
471 3914 505 3970 11.
523 3911 567 3966 ΞΟ.
594 3915 674 3964 Oros.
693 3912 749 3970 llll,
769 3909 794 3964 i.

349 3997 406 4032 sera
429 3982 529 4034 demum
551 3981 691 4034 statorium
713 4011 748 4022 ·-
771 3997 837 4050 quoe
860 3998 937 4052 wera
956 3983 1110 4054 plur-iassae)
1136 3988 1203 4037 boni
1230 3989 1290 4037 libri
1317 3991 1371 4038 tara
1399 3983 1499 4037 densas

277 4052 417 4105 &ebriam
434 4081 469 4091 -
487 4067 564 4121 quem
579 4053 732 4122 mammam,
757 4057 827 4106 unde
845 4057 957 4125 Pighius
978 4058 1080 4109 iecerat
1102 4063 1155 4108 nat
1179 4055 1280 4108 rtem
1302 4055 1443 4108 steterim
1464 4085 1499 4096 -

278 4138 335 4177 ests
348 4123 500 4193 plurimum.
535 4127 628 4192 Neque
646 4127 725 4178 aliter
742 4128 812 4177 teste
830 4129 958 4180 'l'errenio
977 4130 1058 4180 editio
1075 4131 1242 4197 Mogentina.
1287 4128 1322 4179 st
1338 4131 1421 4179 multe
1438 4145 1498 4193 pro·

278 4198 394 4248 habilius
413 4197 567 4248 Perizonius
586 4212 602 4248 e
621 4199 712 4248 codiee
731 4212 781 4248 suo
800 4213 858 4249 esra
869 4196 971 4250 densat
988 4198 1128 4251 niceriam
1142 4229 1173 4238 ·-
1189 4197 1406 4267 propleuma
1418 4201 1499 4250 scribi

277 4271 365 4328 iussit,
385 4271 454 4335 qued
473 4270 533 4320 inde
552 4285 569 4320 a
587 4269 715 4320 Terrenio
734 4283 828 4319 omnes
847 4273 1004 4333 receperunt
1022 4273 1147 4324 editores.
1189 4273 1250 4336 lpse
1269 4271 1414 4322 'remeatus
1438 4287 1498 4335 pre·

276 4339 342 4393 bata
360 4342 489 4392 Perizonii
508 4342 642 4392 sententis
659 4341 755 4392 adiecit
773 4339 840 4390 ‘Nisi
859 4343 918 4402 quis
938 4343 1006 4391 torte
1026 4343 1101 4392 malit
1120 4357 1178 4393 sesa
1199 4339 1313 4401 denum,
1338 4357 1406 4408 quas
1421 4356 1498 4410 pseu

271 4410 424 4480 pariana.
460 4414 535 4475 Quod
553 4415 644 4463 tamen
662 4425 777 4462 neeesse
794 4425 847 4461 non
865 4413 925 4461 sst’.
962 4418 1038 4474 Quae
1050 4413 1171 4464 Torrenii
1188 4415 1340 4464 coniectura
1352 4417 1422 4464 adeo
1434 4427 1500 4463 uera

277 4488 357 4549 stqne
376 4487 450 4535 certe
467 4485 531 4534 mihi
550 4485 610 4534 uisa
628 4485 679 4540 est,
699 4484 727 4531 ut
745 4482 778 4532 de
797 4481 951 4546 recipienda
968 4499 1023 4534 non
1040 4486 1224 4535 dubitauerim.
1260 4486 1411 4536 Relatiuurn
1429 4486 1499 4534 enim

276 4569 352 4622 ques.
371 4557 441 4620 qued
459 4556 504 4606 itte
523 4555 665 4619 suppleuit,
683 4567 764 4614 quam
783 4552 862 4602 tacite
880 4555 1004 4606 excidere
1017 4558 1121 4619 poterut
1133 4559 1197 4606 ante
1214 4551 1314 4622 queas?
1340 4561 1399 4618 Quo
1417 4558 1497 4609 tacte.

276 4629 305 4674 et
322 4629 398 4676 esset
419 4627 461 4676 eui
483 4627 659 4690 responderet
680 4623 744 4674 titud
769 4635 859 4689 wem,
886 4627 976 4691 inepte
999 4627 1124 4679 librarius
1148 4628 1400 4688 demonstrationm,
1430 4627 1498 4694 quod

276 4697 473 4764 praecesserat,
492 4711 549 4750 ears
567 4697 717 4750 mutauerat
733 4696 762 4748 iu
779 4697 841 4748 wat.
899 4734 901 4739 .
