<?xml version="1.0" encoding="UTF-8"?>
<!DOCTYPE html PUBLIC "-//W3C//DTD XHTML 1.0 Transitional//EN"
    "http://www.w3.org/TR/xhtml1/DTD/xhtml1-transitional.dtd">
<html xmlns="http://www.w3.org/1999/xhtml" xml:lang="en" lang="en">
 <head>
  <title>
</title>
<meta http-equiv="Content-Type" content="text/html;charset=utf-8" />
  <meta name='ocr-system' content='tesseract 3.04.00' />
  <meta name='ocr-capabilities' content='ocr_page ocr_carea ocr_par ocr_line ocrx_word'/>
</head>
<body>
  <div class='ocr_page' id='page_1' title='image "./valerimaximifac00parigoog_0296.png"; bbox 0 0 3409 5400; ppageno 0'>
   <div class='ocr_carea' id='block_1_1' title="bbox 556 496 1472 580">
    <p class='ocr_par' dir='ltr' id='par_1_1' title="bbox 556 496 1472 580">
     <span class='ocr_line' id='line_1_1' title="bbox 556 496 1472 580; baseline 0.008 -11"><span class='ocrx_word' id='word_1_1' title='bbox 556 496 638 569; x_wconf 76' lang='lat' dir='ltr'><strong>Lm.</strong></span> <span class='ocrx_word' id='word_1_2' title='bbox 661 496 717 579; x_wconf 87' lang='lat' dir='ltr'><strong>Ill,</strong></span> <span class='ocrx_word' id='word_1_3' title='bbox 740 498 778 571; x_wconf 83' lang='lat'><strong>0.</strong></span> <span class='ocrx_word' id='word_1_4' title='bbox 801 501 832 579; x_wconf 84' lang='lat'><strong>4,</strong></span> <span class='ocrx_word' id='word_1_5' title='bbox 856 510 887 580; x_wconf 66' lang='grc' dir='ltr'><strong>ς.</strong></span> <span class='ocrx_word' id='word_1_6' title='bbox 909 502 1058 571; x_wconf 81' lang='lat' dir='ltr'><strong>4—llxt.</strong></span> <span class='ocrx_word' id='word_1_7' title='bbox 1080 512 1110 580; x_wconf 74' lang='grc'><strong>4.</strong></span> <span class='ocrx_word' id='word_1_8' title='bbox 1136 506 1166 573; x_wconf 89' lang='grc'><strong>1.</strong></span> <span class='ocrx_word' id='word_1_9' title='bbox 1406 508 1472 577; x_wconf 78' lang='lat' dir='ltr'><strong>ate</strong></span> 
     </span>
    </p>
   </div>
   <div class='ocr_carea' id='block_1_2' title="bbox 207 660 1597 2671">
    <p class='ocr_par' dir='ltr' id='par_1_2' title="bbox 247 660 1472 1071">
     <span class='ocr_line' id='line_1_2' title="bbox 249 660 1472 752; baseline 0.002 -23"><span class='ocrx_word' id='word_1_10' title='bbox 249 670 324 729; x_wconf 84' lang='lat' dir='ltr'><strong>ante</strong></span> <span class='ocrx_word' id='word_1_11' title='bbox 340 680 439 750; x_wconf 85' lang='lat' dir='ltr'><strong>quam</strong></span> <span class='ocrx_word' id='word_1_12' title='bbox 450 660 544 737; x_wconf 84' lang='lat' dir='ltr'><strong>ciuis,</strong></span> <span class='ocrx_word' id='word_1_13' title='bbox 567 660 679 727; x_wconf 82' lang='lat' dir='ltr'><strong>sedin</strong></span> <span class='ocrx_word' id='word_1_14' title='bbox 696 661 780 729; x_wconf 91' lang='lat' dir='ltr'><strong>bello</strong></span> <span class='ocrx_word' id='word_1_15' title='bbox 798 662 944 751; x_wconf 79' lang='lat' dir='ltr'><strong>gerendo</strong></span> <span class='ocrx_word' id='word_1_16' title='bbox 961 662 1069 729; x_wconf 88' lang='lat' dir='ltr'><strong>utilior</strong></span> <span class='ocrx_word' id='word_1_17' title='bbox 1086 663 1251 750; x_wconf 88' lang='lat' dir='ltr'><strong>aliquanto</strong></span> <span class='ocrx_word' id='word_1_18' title='bbox 1263 666 1310 730; x_wconf 91' lang='lat' dir='ltr'><strong>rei</strong></span> <span class='ocrx_word' id='word_1_19' title='bbox 1323 668 1472 752; x_wconf 90' lang='lat' dir='ltr'><strong>publicae</strong></span> 
     </span>
     <span class='ocr_line' id='line_1_3' title="bbox 247 766 1472 858; baseline 0.003 -23"><span class='ocrx_word' id='word_1_20' title='bbox 247 766 400 835; x_wconf 87' lang='lat' dir='ltr'><strong>Varrone</strong></span> <span class='ocrx_word' id='word_1_21' title='bbox 423 770 631 855; x_wconf 78' lang='lat' dir='ltr'><strong>imperatore.</strong></span> <span class='ocrx_word' id='word_1_22' title='bbox 681 770 809 858; x_wconf 83' lang='lat' dir='ltr'><strong>Regem</strong></span> <span class='ocrx_word' id='word_1_23' title='bbox 840 773 928 837; x_wconf 91' lang='lat' dir='ltr'><strong>enim</strong></span> <span class='ocrx_word' id='word_1_24' title='bbox 957 770 1178 835; x_wconf 81' lang='lat' dir='ltr'><strong>Aristonicum</strong></span> <span class='ocrx_word' id='word_1_25' title='bbox 1207 773 1293 855; x_wconf 81' lang='lat' dir='ltr'><strong>cepit</strong></span> <span class='ocrx_word' id='word_1_26' title='bbox 1321 773 1472 841; x_wconf 88' lang='lat' dir='ltr'><strong>Crassia-</strong></span> 
     </span>
     <span class='ocr_line' id='line_1_4' title="bbox 247 876 1471 962; baseline 0.002 -22"><span class='ocrx_word' id='word_1_27' title='bbox 247 896 376 962; x_wconf 82' lang='lat' dir='ltr'><strong>naeque</strong></span> <span class='ocrx_word' id='word_1_28' title='bbox 392 876 513 961; x_wconf 75' lang='lat' dir='ltr'><strong>stragis</strong></span> <span class='ocrx_word' id='word_1_29' title='bbox 528 876 658 961; x_wconf 85' lang='lat' dir='ltr'><strong>punitor</strong></span> <span class='ocrx_word' id='word_1_30' title='bbox 673 878 789 954; x_wconf 85' lang='lat' dir='ltr'><strong>extitit;</strong></span> <span class='ocrx_word' id='word_1_31' title='bbox 813 900 888 943; x_wconf 88' lang='lat' dir='ltr'><strong>cum</strong></span> <span class='ocrx_word' id='word_1_32' title='bbox 902 879 1041 953; x_wconf 87' lang='lat' dir='ltr'><strong>interim,</strong></span> <span class='ocrx_word' id='word_1_33' title='bbox 1061 878 1153 941; x_wconf 91' lang='lat' dir='ltr'><strong>cuius</strong></span> <span class='ocrx_word' id='word_1_34' title='bbox 1169 877 1236 939; x_wconf 87' lang='lat' dir='ltr'><strong>uita</strong></span> <span class='ocrx_word' id='word_1_35' title='bbox 1251 877 1471 958; x_wconf 86' lang='lat' dir='ltr'><strong>triumphauit,</strong></span> 
     </span>
     <span class='ocr_line' id='line_1_5' title="bbox 247 980 1472 1071; baseline 0 -23"><span class='ocrx_word' id='word_1_36' title='bbox 247 1002 337 1048; x_wconf 88' lang='lat' dir='ltr'><strong>mors</strong></span> <span class='ocrx_word' id='word_1_37' title='bbox 361 980 468 1067; x_wconf 89' lang='lat' dir='ltr'><strong>Papia</strong></span> <span class='ocrx_word' id='word_1_38' title='bbox 489 982 564 1069; x_wconf 82' lang='lat' dir='ltr'><strong>lege</strong></span> <span class='ocrx_word' id='word_1_39' title='bbox 588 982 744 1049; x_wconf 88' lang='lat' dir='ltr'><strong>damnata</strong></span> <span class='ocrx_word' id='word_1_40' title='bbox 768 996 826 1051; x_wconf 89' lang='lat' dir='ltr'><strong>est.</strong></span> <span class='ocrx_word' id='word_1_41' title='bbox 872 985 1024 1071; x_wconf 77' lang='lat' dir='ltr'>Namque</span> <span class='ocrx_word' id='word_1_42' title='bbox 1046 995 1173 1069; x_wconf 88' lang='lat' dir='ltr'><strong>patrem</strong></span> <span class='ocrx_word' id='word_1_43' title='bbox 1195 982 1296 1056; x_wconf 88' lang='lat' dir='ltr'><strong>illius,</strong></span> <span class='ocrx_word' id='word_1_44' title='bbox 1325 982 1407 1048; x_wconf 89' lang='lat' dir='ltr'><strong>nihil</strong></span> <span class='ocrx_word' id='word_1_45' title='bbox 1429 985 1472 1049; x_wconf 86' lang='lat' dir='ltr'><strong>ad</strong></span> 
     </span>
    </p>

    <p class='ocr_par' dir='ltr' id='par_1_3' title="bbox 223 1087 1470 1495">
     <span class='ocr_line' id='line_1_6' title="bbox 223 1087 1470 1178; baseline 0.005 -27"><span class='ocrx_word' id='word_1_46' title='bbox 223 1107 286 1155; x_wconf 79' lang='lat' dir='ltr'><strong>ese</strong></span> <span class='ocrx_word' id='word_1_47' title='bbox 301 1088 495 1173; x_wconf 81' lang='lat' dir='ltr'><strong>pertinentia</strong></span> <span class='ocrx_word' id='word_1_48' title='bbox 512 1090 593 1153; x_wconf 88' lang='lat' dir='ltr'><strong>ciuis</strong></span> <span class='ocrx_word' id='word_1_49' title='bbox 608 1087 752 1156; x_wconf 88' lang='lat' dir='ltr'><strong>Romani</strong></span> <span class='ocrx_word' id='word_1_50' title='bbox 763 1092 835 1156; x_wconf 91' lang='lat' dir='ltr'><strong>iura</strong></span> <span class='ocrx_word' id='word_1_51' title='bbox 847 1091 1052 1176; x_wconf 84' lang='lat' dir='ltr'><strong>conplexum,</strong></span> <span class='ocrx_word' id='word_1_52' title='bbox 1069 1089 1193 1155; x_wconf 81' lang='lat' dir='ltr'><strong>Sabelli</strong></span> <span class='ocrx_word' id='word_1_53' title='bbox 1204 1089 1325 1153; x_wconf 88' lang='lat' dir='ltr'><strong>iudicio</strong></span> <span class='ocrx_word' id='word_1_54' title='bbox 1336 1090 1470 1178; x_wconf 88' lang='lat' dir='ltr'><strong>petitum</strong></span> 
     </span>
     <span class='ocr_line' id='line_1_7' title="bbox 246 1194 1470 1285; baseline -0.001 -25"><span class='ocrx_word' id='word_1_55' title='bbox 246 1194 353 1260; x_wconf 87' lang='lat' dir='ltr'><strong>redire</strong></span> <span class='ocrx_word' id='word_1_56' title='bbox 384 1194 420 1261; x_wconf 90' lang='lat' dir='ltr'><strong>in</strong></span> <span class='ocrx_word' id='word_1_57' title='bbox 449 1195 604 1278; x_wconf 86' lang='lat' dir='ltr'><strong>pristinas</strong></span> <span class='ocrx_word' id='word_1_58' title='bbox 634 1197 732 1261; x_wconf 88' lang='lat' dir='ltr'><strong>sedes</strong></span> <span class='ocrx_word' id='word_1_59' title='bbox 761 1210 948 1285; x_wconf 86' lang='lat' dir='ltr'><strong>coegerunt.</strong></span> <span class='ocrx_word' id='word_1_60' title='bbox 994 1196 1044 1262; x_wconf 86' lang='lat' dir='ltr'><strong>Ita</strong></span> <span class='ocrx_word' id='word_1_61' title='bbox 1065 1196 1110 1260; x_wconf 90' lang='lat' dir='ltr'><strong>M.</strong></span> <span class='ocrx_word' id='word_1_62' title='bbox 1133 1196 1326 1280; x_wconf 80' lang='lat' dir='ltr'><strong>Perpennae</strong></span> <span class='ocrx_word' id='word_1_63' title='bbox 1348 1217 1470 1259; x_wconf 90' lang='lat' dir='ltr'><strong>nomen</strong></span> 
     </span>
     <span class='ocr_line' id='line_1_8' title="bbox 242 1300 1468 1399; baseline -0.001 -32"><span class='ocrx_word' id='word_1_64' title='bbox 242 1300 485 1399; x_wconf 74' lang='lat' dir='ltr'><strong>adumbratum,</strong></span> <span class='ocrx_word' id='word_1_65' title='bbox 500 1300 604 1367; x_wconf 86' lang='lat' dir='ltr'><strong>foleus</strong></span> <span class='ocrx_word' id='word_1_66' title='bbox 620 1302 821 1380; x_wconf 77' lang='lat' dir='ltr'><strong>consulatue,</strong></span> <span class='ocrx_word' id='word_1_67' title='bbox 838 1304 991 1391; x_wconf 85' lang='lat' dir='ltr'><strong>caliginis</strong></span> <span class='ocrx_word' id='word_1_68' title='bbox 1008 1303 1114 1366; x_wconf 89' lang='lat' dir='ltr'><strong>simile</strong></span> <span class='ocrx_word' id='word_1_69' title='bbox 1126 1304 1307 1387; x_wconf 88' lang='lat' dir='ltr'><strong>imperium,</strong></span> <span class='ocrx_word' id='word_1_70' title='bbox 1324 1301 1468 1367; x_wconf 86' lang='lat' dir='ltr'><strong>caducus</strong></span> 
     </span>
     <span class='ocr_line' id='line_1_9' title="bbox 246 1407 1226 1495; baseline -0.002 -23"><span class='ocrx_word' id='word_1_71' title='bbox 246 1408 440 1493; x_wconf 89' lang='lat' dir='ltr'><strong>triumphus,</strong></span> <span class='ocrx_word' id='word_1_72' title='bbox 464 1407 572 1473; x_wconf 88' lang='lat' dir='ltr'><strong>aliena</strong></span> <span class='ocrx_word' id='word_1_73' title='bbox 594 1410 630 1474; x_wconf 91' lang='lat' dir='ltr'><strong>in</strong></span> <span class='ocrx_word' id='word_1_74' title='bbox 651 1409 731 1473; x_wconf 90' lang='lat' dir='ltr'><strong>urbe</strong></span> <span class='ocrx_word' id='word_1_75' title='bbox 755 1410 892 1495; x_wconf 90' lang='lat' dir='ltr'><strong>inprobe</strong></span> <span class='ocrx_word' id='word_1_76' title='bbox 914 1411 1141 1495; x_wconf 86' lang='lat' dir='ltr'><strong>peregrinatus</strong></span> <span class='ocrx_word' id='word_1_77' title='bbox 1166 1418 1226 1471; x_wconf 90' lang='lat' dir='ltr'><strong>est.</strong></span> 
     </span>
    </p>

    <p class='ocr_par' dir='ltr' id='par_1_4' title="bbox 207 1514 1585 2117">
     <span class='ocr_line' id='line_1_10' title="bbox 333 1514 1509 1603; baseline 0.002 -25"><span class='ocrx_word' id='word_1_78' title='bbox 333 1514 440 1579; x_wconf 88' lang='lat' dir='ltr'><strong>Marci</strong></span> <span class='ocrx_word' id='word_1_79' title='bbox 467 1536 545 1579; x_wconf 89' lang='lat' dir='ltr'><strong>uero</strong></span> <span class='ocrx_word' id='word_1_80' title='bbox 574 1514 672 1579; x_wconf 87' lang='lat' dir='ltr'><strong>Porci</strong></span> <span class='ocrx_word' id='word_1_81' title='bbox 701 1516 834 1581; x_wconf 83' lang='lat' dir='ltr'><strong>Catonis</strong></span> <span class='ocrx_word' id='word_1_82' title='bbox 863 1518 1065 1580; x_wconf 88' lang='lat' dir='ltr'><strong>incrementa</strong></span> <span class='ocrx_word' id='word_1_83' title='bbox 1091 1514 1230 1599; x_wconf 91' lang='lat' dir='ltr'><strong>publicis</strong></span> <span class='ocrx_word' id='word_1_84' title='bbox 1259 1518 1343 1581; x_wconf 88' lang='lat' dir='ltr'><strong>uotis</strong></span> <span class='ocrx_word' id='word_1_85' title='bbox 1372 1514 1509 1603; x_wconf 84' lang='lat' dir='ltr'><strong>expe-6.</strong></span> 
     </span>
     <span class='ocr_line' id='line_1_11' title="bbox 207 1607 1469 1709; baseline 0 -22"><span class='ocrx_word' id='word_1_86' title='bbox 207 1618 344 1687; x_wconf 80' lang='lat' dir='ltr'><strong>totenda</strong></span> <span class='ocrx_word' id='word_1_87' title='bbox 366 1620 510 1697; x_wconf 77' lang='lat' dir='ltr'><strong>filerunt,</strong></span> <span class='ocrx_word' id='word_1_88' title='bbox 540 1622 596 1708; x_wconf 91' lang='lat' dir='ltr'><strong>qui</strong></span> <span class='ocrx_word' id='word_1_89' title='bbox 622 1643 742 1687; x_wconf 88' lang='lat' dir='ltr'><strong>nomen</strong></span> <span class='ocrx_word' id='word_1_90' title='bbox 773 1645 871 1687; x_wconf 89' lang='lat' dir='ltr'><strong>suum</strong></span> <span class='ocrx_word' id='word_1_91' title='bbox 894 1622 1026 1686; x_wconf 85' lang='lat' dir='ltr'><strong>Tusculi</strong></span> <span class='ocrx_word' id='word_1_92' title='bbox 1051 1619 1196 1709; x_wconf 84' lang='lat' dir='ltr'><strong>ignobile</strong></span> <span class='ocrx_word' id='word_1_93' title='bbox 1219 1607 1346 1686; x_wconf 88' lang='lat' dir='ltr'><strong>Romae</strong></span> <span class='ocrx_word' id='word_1_94' title='bbox 1377 1623 1469 1687; x_wconf 91' lang='lat' dir='ltr'><strong>nobi·</strong></span> 
     </span>
     <span class='ocr_line' id='line_1_12' title="bbox 243 1725 1585 1795; baseline -0.001 -1"><span class='ocrx_word' id='word_1_95' title='bbox 243 1727 408 1794; x_wconf 86' lang='lat' dir='ltr'><strong>lissimum</strong></span> <span class='ocrx_word' id='word_1_96' title='bbox 430 1725 581 1793; x_wconf 88' lang='lat' dir='ltr'><strong>reddidit.</strong></span> <span class='ocrx_word' id='word_1_97' title='bbox 617 1727 741 1793; x_wconf 87' lang='lat' dir='ltr'><strong>Ornata</strong></span> <span class='ocrx_word' id='word_1_98' title='bbox 758 1738 833 1793; x_wconf 89' lang='lat' dir='ltr'><strong>sunt</strong></span> <span class='ocrx_word' id='word_1_99' title='bbox 855 1730 942 1795; x_wconf 87' lang='lat' dir='ltr'><strong>enim</strong></span> <span class='ocrx_word' id='word_1_100' title='bbox 965 1728 1007 1795; x_wconf 92' lang='lat' dir='ltr'><strong>ab</strong></span> <span class='ocrx_word' id='word_1_101' title='bbox 1023 1749 1062 1793; x_wconf 91' lang='lat' dir='ltr'><strong>eo</strong></span> <span class='ocrx_word' id='word_1_102' title='bbox 1085 1727 1263 1792; x_wconf 87' lang='lat' dir='ltr'><strong>litterarum</strong></span> <span class='ocrx_word' id='word_1_103' title='bbox 1277 1725 1469 1793; x_wconf 89' lang='lat' dir='ltr'><strong>Latinarum</strong></span> <span class='ocrx_word' id='word_1_104' title='bbox 1581 1739 1585 1747; x_wconf 93' lang='lat'>&#39;</span> 
     </span>
     <span class='ocr_line' id='line_1_13' title="bbox 244 1834 1468 1919; baseline -0.001 -19"><span class='ocrx_word' id='word_1_105' title='bbox 244 1844 468 1911; x_wconf 87' lang='lat' dir='ltr'><strong>monumenta,</strong></span> <span class='ocrx_word' id='word_1_106' title='bbox 498 1835 611 1899; x_wconf 83' lang='lat' dir='ltr'><strong>adiuta</strong></span> <span class='ocrx_word' id='word_1_107' title='bbox 634 1834 807 1919; x_wconf 84' lang='lat' dir='ltr'><strong>disciplina</strong></span> <span class='ocrx_word' id='word_1_108' title='bbox 828 1836 994 1910; x_wconf 88' lang='lat' dir='ltr'><strong>militaris,</strong></span> <span class='ocrx_word' id='word_1_109' title='bbox 1022 1844 1117 1900; x_wconf 81' lang='lat' dir='ltr'><strong>aucta</strong></span> <span class='ocrx_word' id='word_1_110' title='bbox 1139 1836 1296 1899; x_wconf 87' lang='lat' dir='ltr'><strong>maiestas</strong></span> <span class='ocrx_word' id='word_1_111' title='bbox 1321 1846 1468 1909; x_wconf 87' lang='lat' dir='ltr'><strong>senatus,</strong></span> 
     </span>
     <span class='ocr_line' id='line_1_14' title="bbox 244 1941 1468 2029; baseline -0.002 -22"><span class='ocrx_word' id='word_1_112' title='bbox 244 1952 423 2029; x_wconf 81' lang='lat' dir='ltr'><strong>prorogata</strong></span> <span class='ocrx_word' id='word_1_113' title='bbox 449 1941 589 2017; x_wconf 80' lang='lat' dir='ltr'><strong>familia,</strong></span> <span class='ocrx_word' id='word_1_114' title='bbox 617 1941 652 2007; x_wconf 88' lang='lat' dir='ltr'><strong>in</strong></span> <span class='ocrx_word' id='word_1_115' title='bbox 681 1962 747 2029; x_wconf 88' lang='lat' dir='ltr'><strong>qua</strong></span> <span class='ocrx_word' id='word_1_116' title='bbox 775 1942 952 2009; x_wconf 83' lang='lat' dir='ltr'><strong>maximum</strong></span> <span class='ocrx_word' id='word_1_117' title='bbox 975 1943 1076 2009; x_wconf 88' lang='lat' dir='ltr'><strong>decus</strong></span> <span class='ocrx_word' id='word_1_118' title='bbox 1104 1943 1266 2026; x_wconf 88' lang='lat' dir='ltr'><strong>posterior</strong></span> <span class='ocrx_word' id='word_1_119' title='bbox 1298 1952 1388 2007; x_wconf 89' lang='lat' dir='ltr'><strong>ortus</strong></span> <span class='ocrx_word' id='word_1_120' title='bbox 1418 1951 1468 2006; x_wconf 90' lang='lat' dir='ltr'><strong>est</strong></span> 
     </span>
     <span class='ocr_line' id='line_1_15' title="bbox 245 2050 335 2117; baseline 0.022 -2"><span class='ocrx_word' id='word_1_121' title='bbox 245 2050 335 2117; x_wconf 79' lang='lat' dir='ltr'><strong>Cato.</strong></span> 
     </span>
    </p>

    <p class='ocr_par' dir='ltr' id='par_1_5' title="bbox 208 2150 1597 2671">
     <span class='ocr_line' id='line_1_16' title="bbox 208 2150 1597 2247; baseline -0.001 -28"><span class='ocrx_word' id='word_1_122' title='bbox 208 2174 234 2219; x_wconf 80' lang='lat' dir='ltr'><strong>n</strong></span> <span class='ocrx_word' id='word_1_123' title='bbox 332 2154 402 2221; x_wconf 87' lang='lat' dir='ltr'><strong>Sed</strong></span> <span class='ocrx_word' id='word_1_124' title='bbox 427 2165 462 2219; x_wconf 89' lang='lat' dir='ltr'><strong>ut</strong></span> <span class='ocrx_word' id='word_1_125' title='bbox 491 2154 653 2221; x_wconf 85' lang='lat' dir='ltr'><strong>Romanis</strong></span> <span class='ocrx_word' id='word_1_126' title='bbox 682 2166 815 2223; x_wconf 84' lang='lat' dir='ltr'><strong>externa</strong></span> <span class='ocrx_word' id='word_1_127' title='bbox 841 2160 1034 2247; x_wconf 83' lang='lat' dir='ltr'><strong>iungamus,</strong></span> <span class='ocrx_word' id='word_1_128' title='bbox 1063 2162 1237 2229; x_wconf 89' lang='lat' dir='ltr'><strong>Socrates,</strong></span> <span class='ocrx_word' id='word_1_129' title='bbox 1264 2176 1332 2219; x_wconf 91' lang='lat' dir='ltr'><strong>non</strong></span> <span class='ocrx_word' id='word_1_130' title='bbox 1359 2150 1549 2221; x_wconf 77' lang='lat' dir='ltr'><strong>solumllxt.</strong></span> <span class='ocrx_word' id='word_1_131' title='bbox 1568 2150 1597 2217; x_wconf 91' lang='lat'><strong>1.</strong></span> 
     </span>
     <span class='ocr_line' id='line_1_17' title="bbox 243 2262 1465 2351; baseline -0.003 -24"><span class='ocrx_word' id='word_1_132' title='bbox 243 2262 412 2329; x_wconf 90' lang='lat' dir='ltr'><strong>hominum</strong></span> <span class='ocrx_word' id='word_1_133' title='bbox 426 2264 601 2326; x_wconf 66' lang='lat' dir='ltr'><strong>‘consensu</strong></span> <span class='ocrx_word' id='word_1_134' title='bbox 616 2282 731 2327; x_wconf 88' lang='lat' dir='ltr'><strong>uerum</strong></span> <span class='ocrx_word' id='word_1_135' title='bbox 754 2265 851 2329; x_wconf 89' lang='lat' dir='ltr'><strong>etiam</strong></span> <span class='ocrx_word' id='word_1_136' title='bbox 867 2265 1029 2351; x_wconf 89' lang='lat' dir='ltr'><strong>Apollinis</strong></span> <span class='ocrx_word' id='word_1_137' title='bbox 1053 2262 1185 2330; x_wconf 87' lang='lat' dir='ltr'><strong>oraculo</strong></span> <span class='ocrx_word' id='word_1_138' title='bbox 1202 2262 1465 2345; x_wconf 88' lang='lat' dir='ltr'><strong>sapientissimus</strong></span> 
     </span>
     <span class='ocr_line' id='line_1_18' title="bbox 242 2366 1466 2453; baseline -0.007 -18"><span class='ocrx_word' id='word_1_139' title='bbox 242 2370 424 2443; x_wconf 85' lang='lat' dir='ltr'><strong>iudicatus,</strong></span> <span class='ocrx_word' id='word_1_140' title='bbox 462 2366 669 2433; x_wconf 84' lang='lat' dir='ltr'><strong>Phaenarete</strong></span> <span class='ocrx_word' id='word_1_141' title='bbox 703 2380 806 2435; x_wconf 86' lang='lat' dir='ltr'><strong>matre</strong></span> <span class='ocrx_word' id='word_1_142' title='bbox 840 2371 1013 2437; x_wconf 84' lang='lat' dir='ltr'><strong>obstetrice</strong></span> <span class='ocrx_word' id='word_1_143' title='bbox 1048 2382 1081 2435; x_wconf 89' lang='lat' dir='ltr'><strong>et</strong></span> <span class='ocrx_word' id='word_1_144' title='bbox 1112 2367 1339 2453; x_wconf 86' lang='lat' dir='ltr'><strong>Sophronisco</strong></span> <span class='ocrx_word' id='word_1_145' title='bbox 1372 2377 1466 2449; x_wconf 83' lang='lat' dir='ltr'><strong>patre</strong></span> 
     </span>
     <span class='ocr_line' id='line_1_19' title="bbox 242 2472 1465 2565; baseline -0.008 -20"><span class='ocrx_word' id='word_1_146' title='bbox 242 2476 456 2545; x_wconf 83' lang='lat' dir='ltr'><strong>marmorario</strong></span> <span class='ocrx_word' id='word_1_147' title='bbox 491 2473 637 2560; x_wconf 87' lang='lat' dir='ltr'><strong>genitus,</strong></span> <span class='ocrx_word' id='word_1_148' title='bbox 673 2474 717 2539; x_wconf 89' lang='lat' dir='ltr'><strong>ad</strong></span> <span class='ocrx_word' id='word_1_149' title='bbox 750 2476 972 2544; x_wconf 88' lang='lat' dir='ltr'><strong>clarissimum</strong></span> <span class='ocrx_word' id='word_1_150' title='bbox 1007 2479 1132 2565; x_wconf 83' lang='lat' dir='ltr'><strong>gloriae</strong></span> <span class='ocrx_word' id='word_1_151' title='bbox 1167 2473 1276 2538; x_wconf 89' lang='lat' dir='ltr'><strong>lumen</strong></span> <span class='ocrx_word' id='word_1_152' title='bbox 1314 2472 1465 2535; x_wconf 85' lang='lat' dir='ltr'><strong>excessit.</strong></span> 
     </span>
     <span class='ocr_line' id='line_1_20' title="bbox 242 2578 1466 2671; baseline -0.007 -23"><span class='ocrx_word' id='word_1_153' title='bbox 242 2584 356 2671; x_wconf 87' lang='lat' dir='ltr'><strong>Neque</strong></span> <span class='ocrx_word' id='word_1_154' title='bbox 379 2581 557 2657; x_wconf 86' lang='lat' dir='ltr'><strong>immerito;</strong></span> <span class='ocrx_word' id='word_1_155' title='bbox 584 2603 663 2647; x_wconf 89' lang='lat' dir='ltr'><strong>nam</strong></span> <span class='ocrx_word' id='word_1_156' title='bbox 690 2604 764 2647; x_wconf 86' lang='lat' dir='ltr'><strong>cuur</strong></span> <span class='ocrx_word' id='word_1_157' title='bbox 789 2584 1083 2651; x_wconf 83' lang='lat' dir='ltr'><strong>eruditissimorum</strong></span> <span class='ocrx_word' id='word_1_158' title='bbox 1106 2584 1251 2647; x_wconf 90' lang='lat' dir='ltr'><strong>uirorum</strong></span> <span class='ocrx_word' id='word_1_159' title='bbox 1273 2578 1409 2665; x_wconf 82' lang='lat' dir='ltr'><strong>ingenia</strong></span> <span class='ocrx_word' id='word_1_160' title='bbox 1430 2578 1466 2641; x_wconf 93' lang='lat' dir='ltr'><strong>in</strong></span> 
     </span>
    </p>
   </div>
   <div class='ocr_carea' id='block_1_3' title="bbox 202 2685 1465 3418">
    <p class='ocr_par' dir='ltr' id='par_1_6' title="bbox 204 2685 1465 3206">
     <span class='ocr_line' id='line_1_21' title="bbox 204 2685 1465 2779; baseline -0.003 -27"><span class='ocrx_word' id='word_1_161' title='bbox 204 2690 460 2777; x_wconf 79' lang='lat' dir='ltr'><strong>mdisputatione</strong></span> <span class='ocrx_word' id='word_1_162' title='bbox 489 2709 592 2756; x_wconf 89' lang='lat' dir='ltr'><strong>caeca</strong></span> <span class='ocrx_word' id='word_1_163' title='bbox 618 2703 836 2775; x_wconf 82' lang='lat' dir='ltr'><strong>uagarentur,</strong></span> <span class='ocrx_word' id='word_1_164' title='bbox 863 2713 1103 2779; x_wconf 87' lang='lat' dir='ltr'><strong>mensurasque</strong></span> <span class='ocrx_word' id='word_1_165' title='bbox 1127 2688 1208 2754; x_wconf 88' lang='lat' dir='ltr'><strong>solis</strong></span> <span class='ocrx_word' id='word_1_166' title='bbox 1238 2709 1279 2754; x_wconf 87' lang='lat' dir='ltr'><strong>ao</strong></span> <span class='ocrx_word' id='word_1_167' title='bbox 1306 2685 1405 2750; x_wconf 88' lang='lat' dir='ltr'><strong>lunae</strong></span> <span class='ocrx_word' id='word_1_168' title='bbox 1434 2694 1465 2749; x_wconf 90' lang='lat' dir='ltr'><strong>et</strong></span> 
     </span>
     <span class='ocr_line' id='line_1_22' title="bbox 242 2794 1463 2886; baseline -0.003 -24"><span class='ocrx_word' id='word_1_169' title='bbox 242 2808 422 2862; x_wconf 85' lang='lat' dir='ltr'><strong>ceterorum</strong></span> <span class='ocrx_word' id='word_1_170' title='bbox 456 2795 601 2860; x_wconf 89' lang='lat' dir='ltr'><strong>siderum</strong></span> <span class='ocrx_word' id='word_1_171' title='bbox 634 2795 827 2884; x_wconf 84' lang='lat' dir='ltr'><strong>loquacibus</strong></span> <span class='ocrx_word' id='word_1_172' title='bbox 862 2801 971 2886; x_wconf 84' lang='lat' dir='ltr'><strong>magis</strong></span> <span class='ocrx_word' id='word_1_173' title='bbox 1006 2822 1105 2886; x_wconf 90' lang='lat' dir='ltr'><strong>quam</strong></span> <span class='ocrx_word' id='word_1_174' title='bbox 1135 2798 1231 2862; x_wconf 87' lang='lat' dir='ltr'><strong>certis</strong></span> <span class='ocrx_word' id='word_1_175' title='bbox 1260 2794 1463 2882; x_wconf 86' lang='lat' dir='ltr'><strong>argumentis</strong></span> 
     </span>
     <span class='ocr_line' id='line_1_23' title="bbox 242 2903 1462 2990; baseline -0.004 -22"><span class='ocrx_word' id='word_1_176' title='bbox 242 2905 403 2990; x_wconf 83' lang='lat' dir='ltr'><strong>explicare</strong></span> <span class='ocrx_word' id='word_1_177' title='bbox 427 2915 635 2981; x_wconf 84' lang='lat' dir='ltr'><strong>conarentur,</strong></span> <span class='ocrx_word' id='word_1_178' title='bbox 665 2904 761 2970; x_wconf 89' lang='lat' dir='ltr'><strong>totius</strong></span> <span class='ocrx_word' id='word_1_179' title='bbox 791 2907 890 2972; x_wconf 90' lang='lat' dir='ltr'><strong>etiam</strong></span> <span class='ocrx_word' id='word_1_180' title='bbox 916 2907 1030 2972; x_wconf 90' lang='lat' dir='ltr'><strong>mundi</strong></span> <span class='ocrx_word' id='word_1_181' title='bbox 1052 2906 1198 2970; x_wconf 88' lang='lat' dir='ltr'><strong>habitum</strong></span> <span class='ocrx_word' id='word_1_182' title='bbox 1222 2903 1382 2987; x_wconf 88' lang='lat' dir='ltr'><strong>conplecti</strong></span> <span class='ocrx_word' id='word_1_183' title='bbox 1404 2923 1462 2965; x_wconf 91' lang='lat' dir='ltr'><strong>au·</strong></span> 
     </span>
     <span class='ocr_line' id='line_1_24' title="bbox 241 3009 1463 3096; baseline -0.003 -20"><span class='ocrx_word' id='word_1_184' title='bbox 241 3011 363 3085; x_wconf 77' lang='lat' dir='ltr'><strong>terent,</strong></span> <span class='ocrx_word' id='word_1_185' title='bbox 387 3012 512 3096; x_wconf 87' lang='lat' dir='ltr'><strong>primus</strong></span> <span class='ocrx_word' id='word_1_186' title='bbox 536 3010 578 3076; x_wconf 89' lang='lat' dir='ltr'><strong>ab</strong></span> <span class='ocrx_word' id='word_1_187' title='bbox 599 3009 653 3076; x_wconf 88' lang='lat' dir='ltr'><strong>his</strong></span> <span class='ocrx_word' id='word_1_188' title='bbox 677 3012 817 3078; x_wconf 87' lang='lat' dir='ltr'><strong>indoctis</strong></span> <span class='ocrx_word' id='word_1_189' title='bbox 834 3013 999 3078; x_wconf 86' lang='lat' dir='ltr'><strong>erroribus</strong></span> <span class='ocrx_word' id='word_1_190' title='bbox 1016 3012 1190 3077; x_wconf 85' lang='lat' dir='ltr'><strong>abductum</strong></span> <span class='ocrx_word' id='word_1_191' title='bbox 1206 3012 1350 3075; x_wconf 89' lang='lat' dir='ltr'><strong>animum</strong></span> <span class='ocrx_word' id='word_1_192' title='bbox 1366 3028 1463 3072; x_wconf 89' lang='lat' dir='ltr'><strong>suum</strong></span> 
     </span>
     <span class='ocr_line' id='line_1_25' title="bbox 239 3113 1463 3206; baseline -0.004 -24"><span class='ocrx_word' id='word_1_193' title='bbox 239 3118 355 3182; x_wconf 88' lang='lat' dir='ltr'><strong>intima</strong></span> <span class='ocrx_word' id='word_1_194' title='bbox 377 3117 581 3182; x_wconf 86' lang='lat' dir='ltr'><strong>condicionis</strong></span> <span class='ocrx_word' id='word_1_195' title='bbox 605 3115 771 3184; x_wconf 88' lang='lat' dir='ltr'><strong>humanae</strong></span> <span class='ocrx_word' id='word_1_196' title='bbox 794 3131 826 3184; x_wconf 93' lang='lat' dir='ltr'><strong>et</strong></span> <span class='ocrx_word' id='word_1_197' title='bbox 847 3121 883 3186; x_wconf 91' lang='lat' dir='ltr'><strong>in</strong></span> <span class='ocrx_word' id='word_1_198' title='bbox 905 3139 1043 3184; x_wconf 90' lang='lat' dir='ltr'><strong>secessu</strong></span> <span class='ocrx_word' id='word_1_199' title='bbox 1061 3119 1203 3206; x_wconf 87' lang='lat' dir='ltr'><strong>pectoris</strong></span> <span class='ocrx_word' id='word_1_200' title='bbox 1217 3115 1381 3201; x_wconf 89' lang='lat' dir='ltr'><strong>repositos</strong></span> <span class='ocrx_word' id='word_1_201' title='bbox 1405 3113 1463 3177; x_wconf 89' lang='lat' dir='ltr'><strong>ad·</strong></span> 
     </span>
    </p>

    <p class='ocr_par' dir='ltr' id='par_1_7' title="bbox 202 3207 1462 3418">
     <span class='ocr_line' id='line_1_26' title="bbox 202 3207 1462 3313; baseline -0.002 -27"><span class='ocrx_word' id='word_1_202' title='bbox 202 3223 344 3290; x_wconf 76' lang='lat' dir='ltr'><strong>alectus</strong></span> <span class='ocrx_word' id='word_1_203' title='bbox 367 3223 504 3290; x_wconf 89' lang='lat' dir='ltr'><strong>scrutari</strong></span> <span class='ocrx_word' id='word_1_204' title='bbox 527 3224 644 3312; x_wconf 77' lang='lat' dir='ltr'><strong>coegit.</strong></span> <span class='ocrx_word' id='word_1_205' title='bbox 691 3226 730 3292; x_wconf 90' lang='lat' dir='ltr'><strong>Si</strong></span> <span class='ocrx_word' id='word_1_206' title='bbox 751 3227 854 3294; x_wconf 86' lang='lat' dir='ltr'><strong>uirtus</strong></span> <span class='ocrx_word' id='word_1_207' title='bbox 878 3207 937 3313; x_wconf 78' lang='lat' dir='ltr'><strong>per</strong></span> <span class='ocrx_word' id='word_1_208' title='bbox 959 3247 997 3294; x_wconf 90' lang='lat' dir='ltr'><strong>se</strong></span> <span class='ocrx_word' id='word_1_209' title='bbox 1019 3228 1127 3310; x_wconf 87' lang='lat' dir='ltr'><strong>ipsam</strong></span> <span class='ocrx_word' id='word_1_210' title='bbox 1151 3224 1350 3296; x_wconf 87' lang='lat' dir='ltr'><strong>aestimetur,</strong></span> <span class='ocrx_word' id='word_1_211' title='bbox 1378 3222 1462 3286; x_wconf 89' lang='lat' dir='ltr'><strong>uitae</strong></span> 
     </span>
     <span class='ocr_line' id='line_1_27' title="bbox 238 3331 573 3418; baseline -0.003 -22"><span class='ocrx_word' id='word_1_212' title='bbox 238 3331 398 3418; x_wconf 83' lang='lat' dir='ltr'><strong>magister</strong></span> <span class='ocrx_word' id='word_1_213' title='bbox 421 3333 573 3418; x_wconf 87' lang='lat' dir='ltr'><strong>optimus.</strong></span> 
     </span>
    </p>
   </div>
   <div class='ocr_carea' id='block_1_4' title="bbox 234 3539 1461 4257">
    <p class='ocr_par' dir='ltr' id='par_1_8' title="bbox 234 3539 1461 4257">
     <span class='ocr_line' id='line_1_28' title="bbox 241 3539 1461 3614; baseline -0.003 -18"><span class='ocrx_word' id='word_1_214' title='bbox 241 3544 265 3600; x_wconf 89' lang='grc'><strong>1.</strong></span> <span class='ocrx_word' id='word_1_215' title='bbox 285 3544 449 3611; x_wconf 79' lang='lat' dir='ltr'><strong>aliquantum</strong></span> <span class='ocrx_word' id='word_1_216' title='bbox 468 3555 514 3610; x_wconf 83' lang='lat' dir='ltr'><strong>pr.</strong></span> <span class='ocrx_word' id='word_1_217' title='bbox 532 3540 560 3597; x_wconf 81' lang='lat'><strong>0.</strong></span> <span class='ocrx_word' id='word_1_218' title='bbox 572 3542 586 3612; x_wconf 78' lang='lat' dir='ltr'><strong>ll</strong></span> <span class='ocrx_word' id='word_1_219' title='bbox 603 3541 629 3597; x_wconf 73' lang='grc'><strong>2.</strong></span> <span class='ocrx_word' id='word_1_220' title='bbox 649 3548 859 3614; x_wconf 83' lang='lat' dir='ltr'><strong>crassianaeqne</strong></span> <span class='ocrx_word' id='word_1_221' title='bbox 884 3547 912 3599; x_wconf 80' lang='lat' dir='ltr'><strong>ia</strong></span> <span class='ocrx_word' id='word_1_222' title='bbox 933 3561 1031 3600; x_wconf 72' lang='lat' dir='ltr'><strong>rasura</strong></span> <span class='ocrx_word' id='word_1_223' title='bbox 1053 3546 1084 3598; x_wconf 82' lang='grc' dir='ltr'><strong>Δ.</strong></span> <span class='ocrx_word' id='word_1_224' title='bbox 1096 3543 1109 3612; x_wconf 91' lang='grc' dir='ltr'><strong>ΙΙ</strong></span> <span class='ocrx_word' id='word_1_225' title='bbox 1120 3541 1146 3598; x_wconf 91' lang='grc'><strong>4.</strong></span> <span class='ocrx_word' id='word_1_226' title='bbox 1164 3542 1280 3609; x_wconf 84' lang='lat' dir='ltr'><strong>patrem]</strong></span> <span class='ocrx_word' id='word_1_227' title='bbox 1307 3539 1368 3594; x_wconf 84' lang='lat' dir='ltr'><strong>add.</strong></span> <span class='ocrx_word' id='word_1_228' title='bbox 1393 3544 1413 3592; x_wconf 88' lang='lat' dir='ltr'><strong>l.</strong></span> <span class='ocrx_word' id='word_1_229' title='bbox 1431 3545 1461 3594; x_wconf 80' lang='grc' dir='ltr'><strong>Ρ.</strong></span> 
     </span>
     <span class='ocr_line' id='line_1_29' title="bbox 239 3610 1452 3685; baseline -0.004 -17"><span class='ocrx_word' id='word_1_230' title='bbox 239 3621 317 3681; x_wconf 84' lang='lat' dir='ltr'><strong>pater</strong></span> <span class='ocrx_word' id='word_1_231' title='bbox 335 3617 393 3666; x_wconf 83' lang='lat' dir='ltr'><strong>eius</strong></span> <span class='ocrx_word' id='word_1_232' title='bbox 412 3615 537 3666; x_wconf 82' lang='lat' dir='ltr'><strong>Sabellus</strong></span> <span class='ocrx_word' id='word_1_233' title='bbox 556 3629 656 3683; x_wconf 80' lang='lat' dir='ltr'><strong>genere</strong></span> <span class='ocrx_word' id='word_1_234' title='bbox 674 3631 764 3682; x_wconf 81' lang='lat' dir='ltr'><strong>merpo</strong></span> <span class='ocrx_word' id='word_1_235' title='bbox 782 3615 814 3671; x_wconf 83' lang='grc' dir='ltr'><strong>Δ.</strong></span> <span class='ocrx_word' id='word_1_236' title='bbox 831 3615 844 3684; x_wconf 92' lang='grc' dir='ltr'><strong>ΙΙ</strong></span> <span class='ocrx_word' id='word_1_237' title='bbox 862 3622 896 3668; x_wconf 84' lang='lat' dir='ltr'><strong>ad</strong></span> <span class='ocrx_word' id='word_1_238' title='bbox 916 3633 947 3668; x_wconf 87' lang='lat' dir='ltr'><strong>ee</strong></span> <span class='ocrx_word' id='word_1_239' title='bbox 964 3619 1031 3668; x_wconf 86' lang='lat' dir='ltr'><strong>nibil</strong></span> <span class='ocrx_word' id='word_1_240' title='bbox 1048 3615 1083 3670; x_wconf 83' lang='lat' dir='ltr'><strong>E.</strong></span> <span class='ocrx_word' id='word_1_241' title='bbox 1101 3619 1115 3685; x_wconf 75' lang='lat' dir='ltr'><strong>lt</strong></span> <span class='ocrx_word' id='word_1_242' title='bbox 1130 3613 1155 3668; x_wconf 79' lang='lat' dir='ltr'><strong>o.</strong></span> <span class='ocrx_word' id='word_1_243' title='bbox 1176 3617 1329 3678; x_wconf 83' lang='lat' dir='ltr'><strong>Perpernae</strong></span> <span class='ocrx_word' id='word_1_244' title='bbox 1349 3610 1425 3666; x_wconf 81' lang='lat' dir='ltr'><strong>Torr.</strong></span> <span class='ocrx_word' id='word_1_245' title='bbox 1438 3613 1452 3681; x_wconf 82' lang='grc' dir='ltr'><strong>ΙΙ</strong></span> 
     </span>
     <span class='ocr_line' id='line_1_30' title="bbox 241 3681 1460 3758; baseline -0.004 -20"><span class='ocrx_word' id='word_1_246' title='bbox 241 3685 265 3740; x_wconf 82' lang='lat' dir='ltr'><strong>l.</strong></span> <span class='ocrx_word' id='word_1_247' title='bbox 284 3689 348 3738; x_wconf 82' lang='lat' dir='ltr'><strong>talei</strong></span> <span class='ocrx_word' id='word_1_248' title='bbox 365 3684 401 3738; x_wconf 90' lang='lat' dir='ltr'><strong>D.</strong></span> <span class='ocrx_word' id='word_1_249' title='bbox 414 3685 428 3754; x_wconf 85' lang='grc'><strong>11</strong></span> <span class='ocrx_word' id='word_1_250' title='bbox 442 3683 482 3738; x_wconf 81' lang='grc'><strong>12.</strong></span> <span class='ocrx_word' id='word_1_251' title='bbox 493 3687 656 3736; x_wconf 86' lang='lat' dir='ltr'><strong>monimenta</strong></span> <span class='ocrx_word' id='word_1_252' title='bbox 666 3684 954 3753; x_wconf 65' lang='lat' dir='ltr'><strong>pentimimeris.</strong></span> <span class='ocrx_word' id='word_1_253' title='bbox 969 3686 981 3758; x_wconf 84' lang='grc' dir='ltr'><strong>ΙΙ</strong></span> <span class='ocrx_word' id='word_1_254' title='bbox 998 3683 1038 3741; x_wconf 84' lang='grc'><strong>13.</strong></span> <span class='ocrx_word' id='word_1_255' title='bbox 1048 3692 1091 3738; x_wconf 85' lang='lat' dir='ltr'><strong>est</strong></span> <span class='ocrx_word' id='word_1_256' title='bbox 1108 3692 1182 3739; x_wconf 89' lang='lat' dir='ltr'><strong>ortus</strong></span> <span class='ocrx_word' id='word_1_257' title='bbox 1198 3685 1274 3737; x_wconf 72' lang='lat' dir='ltr'><strong>Your.</strong></span> <span class='ocrx_word' id='word_1_258' title='bbox 1289 3683 1301 3750; x_wconf 85' lang='grc' dir='ltr'><strong>ΙΙ</strong></span> <span class='ocrx_word' id='word_1_259' title='bbox 1318 3681 1358 3735; x_wconf 89' lang='lat' dir='ltr'><strong>lli.</strong></span> <span class='ocrx_word' id='word_1_260' title='bbox 1369 3685 1460 3751; x_wconf 86' lang='lat' dir='ltr'><strong>etiarn]</strong></span> 
     </span>
     <span class='ocr_line' id='line_1_31' title="bbox 239 3753 1461 3827; baseline -0.002 -17"><span class='ocrx_word' id='word_1_261' title='bbox 239 3762 267 3810; x_wconf 90' lang='lat' dir='ltr'><strong>et</strong></span> <span class='ocrx_word' id='word_1_262' title='bbox 290 3755 325 3811; x_wconf 78' lang='lat' dir='ltr'><strong>E.</strong></span> <span class='ocrx_word' id='word_1_263' title='bbox 343 3757 357 3827; x_wconf 76' lang='grc' dir='ltr'>Η</span> <span class='ocrx_word' id='word_1_264' title='bbox 377 3754 418 3812; x_wconf 86' lang='grc'><strong>17.</strong></span> <span class='ocrx_word' id='word_1_265' title='bbox 438 3759 586 3822; x_wconf 84' lang='lat' dir='ltr'><strong>phenerete</strong></span> <span class='ocrx_word' id='word_1_266' title='bbox 614 3754 845 3811; x_wconf 82' lang='lat' dir='ltr'><strong>ABGDPTorr.</strong></span> <span class='ocrx_word' id='word_1_267' title='bbox 875 3761 1032 3823; x_wconf 84' lang='lat' dir='ltr'><strong>phenaccdc</strong></span> <span class='ocrx_word' id='word_1_268' title='bbox 1055 3755 1089 3810; x_wconf 84' lang='grc' dir='ltr'><strong>Ε.</strong></span> <span class='ocrx_word' id='word_1_269' title='bbox 1121 3755 1156 3809; x_wconf 89' lang='lat' dir='ltr'><strong>Vt</strong></span> <span class='ocrx_word' id='word_1_270' title='bbox 1176 3771 1224 3807; x_wconf 79' lang='lat' dir='ltr'><strong>noe</strong></span> <span class='ocrx_word' id='word_1_271' title='bbox 1240 3755 1303 3808; x_wconf 85' lang='lat' dir='ltr'><strong>Par.</strong></span> <span class='ocrx_word' id='word_1_272' title='bbox 1331 3753 1372 3822; x_wconf 75' lang='lat' dir='ltr'><strong>Qs.</strong></span> <span class='ocrx_word' id='word_1_273' title='bbox 1394 3753 1461 3808; x_wconf 84' lang='lat' dir='ltr'><strong>Plot.</strong></span> 
     </span>
     <span class='ocr_line' id='line_1_32' title="bbox 241 3823 1460 3912; baseline -0.003 -30"><span class='ocrx_word' id='word_1_274' title='bbox 241 3827 346 3911; x_wconf 64' lang='lat' dir='ltr'><strong>Thesei.</strong></span> <span class='ocrx_word' id='word_1_275' title='bbox 363 3843 390 3896; x_wconf 88' lang='lat' dir='ltr'><strong>p.</strong></span> <span class='ocrx_word' id='word_1_276' title='bbox 411 3823 461 3880; x_wconf 84' lang='lat' dir='ltr'><strong>lltt</strong></span> <span class='ocrx_word' id='word_1_277' title='bbox 485 3826 518 3880; x_wconf 81' lang='grc' dir='ltr'><strong>Α.</strong></span> <span class='ocrx_word' id='word_1_278' title='bbox 538 3826 550 3912; x_wconf 72' lang='lat' dir='ltr'><strong>[l</strong></span> <span class='ocrx_word' id='word_1_279' title='bbox 570 3831 733 3892; x_wconf 79' lang='lat' dir='ltr'><strong>sophonieco</strong></span> <span class='ocrx_word' id='word_1_280' title='bbox 757 3827 967 3883; x_wconf 74' lang='lat' dir='ltr'><strong>ABCEPPar.</strong></span> <span class='ocrx_word' id='word_1_281' title='bbox 990 3831 1135 3894; x_wconf 82' lang='lat' dir='ltr'><strong>sophronio</strong></span> <span class='ocrx_word' id='word_1_282' title='bbox 1157 3827 1193 3881; x_wconf 93' lang='lat' dir='ltr'><strong>D.</strong></span> <span class='ocrx_word' id='word_1_283' title='bbox 1220 3825 1263 3893; x_wconf 82' lang='lat' dir='ltr'><strong>Cs.</strong></span> <span class='ocrx_word' id='word_1_284' title='bbox 1285 3824 1353 3879; x_wconf 83' lang='lat' dir='ltr'><strong>Plot.</strong></span> <span class='ocrx_word' id='word_1_285' title='bbox 1376 3824 1460 3878; x_wconf 77' lang='lat' dir='ltr'><strong>Aloo&#39;b.</strong></span> 
     </span>
     <span class='ocr_line' id='line_1_33' title="bbox 234 3895 1398 4039; baseline 0.001 -19"><span class='ocrx_word' id='word_1_286' title='bbox 234 3897 587 4038; x_wconf 50' lang='lat' dir='ltr'><strong>arelatem</strong></span> <span class='ocrx_word' id='word_1_287' title='bbox 604 3897 762 4037; x_wconf 62' lang='lat' dir='ltr'><strong>uitta</strong></span> <span class='ocrx_word' id='word_1_288' title='bbox 778 3896 1027 4039; x_wconf 56' lang='lat' dir='ltr'><strong>alsensi.</strong></span> <span class='ocrx_word' id='word_1_289' title='bbox 1040 3901 1222 4037; x_wconf 67' lang='lat' dir='ltr'><strong>ecee</strong></span> <span class='ocrx_word' id='word_1_290' title='bbox 1239 3895 1398 4036; x_wconf 62' lang='lat' dir='ltr'><strong>enac,</strong></span> 
     </span>
     <span class='ocr_line' id='line_1_34' title="bbox 239 3985 1459 4112; baseline -0.001 -18"><span class='ocrx_word' id='word_1_291' title='bbox 239 3985 366 4094; x_wconf 52' lang='lat' dir='ltr'><strong>mittum</strong></span> <span class='ocrx_word' id='word_1_292' title='bbox 385 4041 412 4095; x_wconf 78' lang='grc' dir='ltr'><strong><em>Ε</em></strong></span> <span class='ocrx_word' id='word_1_293' title='bbox 421 4041 498 4096; x_wconf 78' lang='lat' dir='ltr'><strong>Torr.</strong></span> <span class='ocrx_word' id='word_1_294' title='bbox 518 3991 559 4110; x_wconf 55' lang='lat' dir='ltr'><strong>C}-</strong></span> <span class='ocrx_word' id='word_1_295' title='bbox 577 4038 628 4100; x_wconf 83' lang='grc' dir='ltr'><em>ΙΙΙ,</em></span> <span class='ocrx_word' id='word_1_296' title='bbox 647 4038 674 4097; x_wconf 83' lang='grc'><strong>3.</strong></span> <span class='ocrx_word' id='word_1_297' title='bbox 695 4048 745 4094; x_wconf 77' lang='lat' dir='ltr'><strong>eet.</strong></span> <span class='ocrx_word' id='word_1_298' title='bbox 763 3989 789 4096; x_wconf 70' lang='grc'><strong>4</strong></span> <span class='ocrx_word' id='word_1_299' title='bbox 805 4042 817 4112; x_wconf 74' lang='grc' dir='ltr'><strong>Η</strong></span> <span class='ocrx_word' id='word_1_300' title='bbox 837 4038 881 4096; x_wconf 73' lang='grc'><strong>23.</strong></span> <span class='ocrx_word' id='word_1_301' title='bbox 906 4013 991 4095; x_wconf 81' lang='lat' dir='ltr'><strong>doctis</strong></span> <span class='ocrx_word' id='word_1_302' title='bbox 1016 4041 1128 4093; x_wconf 57' lang='lat' dir='ltr'><strong>constat</strong></span> <span class='ocrx_word' id='word_1_303' title='bbox 1144 4040 1262 4110; x_wconf 76' lang='lat' dir='ltr'><strong>Lipsius.</strong></span> <span class='ocrx_word' id='word_1_304' title='bbox 1281 4038 1293 4111; x_wconf 76' lang='lat' dir='ltr'><strong>ll</strong></span> <span class='ocrx_word' id='word_1_305' title='bbox 1313 4057 1391 4092; x_wconf 84' lang='lat' dir='ltr'><strong>suum</strong></span> <span class='ocrx_word' id='word_1_306' title='bbox 1410 4057 1459 4093; x_wconf 88' lang='lat' dir='ltr'><strong>om.</strong></span> 
     </span>
     <span class='ocr_line' id='line_1_35' title="bbox 240 4108 1459 4184; baseline 0.002 -20"><span class='ocrx_word' id='word_1_307' title='bbox 240 4112 317 4165; x_wconf 81' lang='lat' dir='ltr'><strong>Torr.</strong></span> <span class='ocrx_word' id='word_1_308' title='bbox 331 4108 344 4178; x_wconf 90' lang='grc' dir='ltr'><strong>ΙΙ</strong></span> <span class='ocrx_word' id='word_1_309' title='bbox 353 4108 398 4166; x_wconf 70' lang='grc'><strong>24.</strong></span> <span class='ocrx_word' id='word_1_310' title='bbox 416 4115 444 4164; x_wconf 89' lang='lat' dir='ltr'><strong>in</strong></span> <span class='ocrx_word' id='word_1_311' title='bbox 461 4115 554 4165; x_wconf 83' lang='lat' dir='ltr'><strong>intima</strong></span> <span class='ocrx_word' id='word_1_312' title='bbox 570 4109 727 4167; x_wconf 76' lang='lat' dir='ltr'><strong>ABcDE.</strong></span> <span class='ocrx_word' id='word_1_313' title='bbox 749 4111 986 4182; x_wconf 73' lang='lat' dir='ltr'><strong>eorrectet’ipeiee</strong></span> <span class='ocrx_word' id='word_1_314' title='bbox 1003 4110 1086 4166; x_wconf 79' lang='lat' dir='ltr'><strong>eeod.</strong></span> <span class='ocrx_word' id='word_1_315' title='bbox 1098 4111 1242 4184; x_wconf 80' lang='lat' dir='ltr'><strong>Compenee&#39;.</strong></span> <span class='ocrx_word' id='word_1_316' title='bbox 1254 4113 1268 4184; x_wconf 83' lang='grc' dir='ltr'><strong>ΙΙ</strong></span> <span class='ocrx_word' id='word_1_317' title='bbox 1280 4113 1317 4180; x_wconf 86' lang='lat' dir='ltr'><strong>et]</strong></span> <span class='ocrx_word' id='word_1_318' title='bbox 1337 4129 1370 4164; x_wconf 90' lang='lat' dir='ltr'><strong>ac</strong></span> <span class='ocrx_word' id='word_1_319' title='bbox 1381 4110 1459 4167; x_wconf 80' lang='lat' dir='ltr'><strong>Torr.</strong></span> 
     </span>
     <span class='ocr_line' id='line_1_36' title="bbox 242 4180 801 4257; baseline 0.007 -21"><span class='ocrx_word' id='word_1_320' title='bbox 242 4181 302 4238; x_wconf 73' lang='lat' dir='ltr'><strong>Via.</strong></span> <span class='ocrx_word' id='word_1_321' title='bbox 321 4184 358 4237; x_wconf 83' lang='lat' dir='ltr'><strong>od</strong></span> <span class='ocrx_word' id='word_1_322' title='bbox 374 4182 426 4240; x_wconf 83' lang='lat'><strong>111.</strong></span> <span class='ocrx_word' id='word_1_323' title='bbox 447 4181 473 4245; x_wconf 80' lang='lat'><strong>2,</strong></span> <span class='ocrx_word' id='word_1_324' title='bbox 493 4189 543 4237; x_wconf 74' lang='lat' dir='ltr'><strong>eat.</strong></span> <span class='ocrx_word' id='word_1_325' title='bbox 561 4180 587 4238; x_wconf 83' lang='lat' dir='ltr'><strong>o.</strong></span> <span class='ocrx_word' id='word_1_326' title='bbox 602 4181 614 4257; x_wconf 83' lang='grc' dir='ltr'><strong>ΙΙ</strong></span> <span class='ocrx_word' id='word_1_327' title='bbox 628 4181 673 4240; x_wconf 80' lang='lat'><strong>25.</strong></span> <span class='ocrx_word' id='word_1_328' title='bbox 690 4187 753 4251; x_wconf 80' lang='lat' dir='ltr'><strong>ipsa</strong></span> <span class='ocrx_word' id='word_1_329' title='bbox 768 4183 801 4240; x_wconf 75' lang='lat' dir='ltr'><strong>A.</strong></span> 
     </span>
    </p>
   </div>
   <div class='ocr_carea' id='block_1_5' title="bbox 235 4381 1459 4814">
    <p class='ocr_par' dir='ltr' id='par_1_9' title="bbox 235 4381 1459 4592">
     <span class='ocr_line' id='line_1_37' title="bbox 236 4381 1459 4449; baseline -0.002 -15"><span class='ocrx_word' id='word_1_330' title='bbox 236 4396 270 4434; x_wconf 87' lang='lat' dir='ltr'><strong>ue</strong></span> <span class='ocrx_word' id='word_1_331' title='bbox 289 4383 348 4432; x_wconf 84' lang='lat' dir='ltr'><strong>elue</strong></span> <span class='ocrx_word' id='word_1_332' title='bbox 366 4381 525 4449; x_wconf 79' lang='lat' dir='ltr'><strong>dignitatem</strong></span> <span class='ocrx_word' id='word_1_333' title='bbox 543 4381 634 4431; x_wconf 84' lang='lat' dir='ltr'><strong>seruili</strong></span> <span class='ocrx_word' id='word_1_334' title='bbox 652 4381 824 4446; x_wconf 83' lang='lat' dir='ltr'><strong>inscriptione</strong></span> <span class='ocrx_word' id='word_1_335' title='bbox 845 4385 970 4443; x_wconf 82' lang='lat' dir='ltr'><strong>uiolaret,</strong></span> <span class='ocrx_word' id='word_1_336' title='bbox 994 4389 1119 4437; x_wconf 85' lang='lat' dir='ltr'><strong>nuatione</strong></span> <span class='ocrx_word' id='word_1_337' title='bbox 1142 4386 1280 4434; x_wconf 87' lang='lat' dir='ltr'><strong>contentus</strong></span> <span class='ocrx_word' id='word_1_338' title='bbox 1304 4385 1397 4433; x_wconf 81' lang='lat' dir='ltr'><strong>urbem</strong></span> <span class='ocrx_word' id='word_1_339' title='bbox 1421 4383 1459 4432; x_wconf 89' lang='lat' dir='ltr'><strong>in·</strong></span> 
     </span>
     <span class='ocr_line' id='line_1_38' title="bbox 235 4451 1459 4522; baseline -0.002 -17"><span class='ocrx_word' id='word_1_340' title='bbox 235 4467 351 4522; x_wconf 77' lang='lat' dir='ltr'><strong>gressus</strong></span> <span class='ocrx_word' id='word_1_341' title='bbox 375 4454 417 4502; x_wconf 88' lang='lat' dir='ltr'><strong>sit.</strong></span> <span class='ocrx_word' id='word_1_342' title='bbox 455 4451 508 4501; x_wconf 88' lang='lat' dir='ltr'><strong>Sed</strong></span> <span class='ocrx_word' id='word_1_343' title='bbox 535 4454 606 4502; x_wconf 86' lang='lat' dir='ltr'><strong>errat</strong></span> <span class='ocrx_word' id='word_1_344' title='bbox 629 4453 688 4516; x_wconf 89' lang='lat' dir='ltr'><strong>ipse</strong></span> <span class='ocrx_word' id='word_1_345' title='bbox 711 4453 806 4504; x_wconf 77' lang='lat' dir='ltr'><strong>Florus</strong></span> <span class='ocrx_word' id='word_1_346' title='bbox 830 4455 998 4520; x_wconf 85' lang='lat' dir='ltr'><strong>Perpennam</strong></span> <span class='ocrx_word' id='word_1_347' title='bbox 1023 4458 1187 4507; x_wconf 82' lang='lat' dir='ltr'><strong>contundens</strong></span> <span class='ocrx_word' id='word_1_348' title='bbox 1209 4469 1269 4504; x_wconf 87' lang='lat' dir='ltr'><strong>cum</strong></span> <span class='ocrx_word' id='word_1_349' title='bbox 1293 4454 1323 4502; x_wconf 86' lang='lat' dir='ltr'><strong>P.</strong></span> <span class='ocrx_word' id='word_1_350' title='bbox 1346 4454 1459 4516; x_wconf 84' lang='lat' dir='ltr'><strong>Rupilio,</strong></span> 
     </span>
     <span class='ocr_line' id='line_1_39' title="bbox 237 4522 1160 4592; baseline 0 -16"><span class='ocrx_word' id='word_1_351' title='bbox 237 4539 315 4592; x_wconf 88' lang='lat' dir='ltr'><strong>quem</strong></span> <span class='ocrx_word' id='word_1_352' title='bbox 334 4523 434 4574; x_wconf 85' lang='lat' dir='ltr'><strong>seruile</strong></span> <span class='ocrx_word' id='word_1_353' title='bbox 453 4523 551 4572; x_wconf 88' lang='lat' dir='ltr'><strong>bellum</strong></span> <span class='ocrx_word' id='word_1_354' title='bbox 570 4524 721 4574; x_wconf 80' lang='lat' dir='ltr'><strong>coniecisse</strong></span> <span class='ocrx_word' id='word_1_355' title='bbox 740 4529 853 4579; x_wconf 80' lang='lat' dir='ltr'><strong>constat.</strong></span> <span class='ocrx_word' id='word_1_356' title='bbox 892 4530 930 4581; x_wconf 83' lang='lat' dir='ltr'><strong>ct.</strong></span> <span class='ocrx_word' id='word_1_357' title='bbox 950 4530 1009 4580; x_wconf 80' lang='lat' dir='ltr'><strong>Vni.</strong></span> <span class='ocrx_word' id='word_1_358' title='bbox 1028 4530 1071 4585; x_wconf 81' lang='lat' dir='ltr'><strong>Vl,</strong></span> <span class='ocrx_word' id='word_1_359' title='bbox 1090 4523 1116 4583; x_wconf 78' lang='lat'><strong>9.</strong></span> <span class='ocrx_word' id='word_1_360' title='bbox 1135 4522 1160 4576; x_wconf 81' lang='lat'><strong>8.</strong></span> 
     </span>
    </p>

    <p class='ocr_par' dir='ltr' id='par_1_10' title="bbox 238 4589 1458 4730">
     <span class='ocr_line' id='line_1_40' title="bbox 307 4589 1458 4667; baseline 0.003 -23"><span class='ocrx_word' id='word_1_361' title='bbox 307 4589 332 4646; x_wconf 80' lang='lat' dir='ltr'><strong>t.</strong></span> <span class='ocrx_word' id='word_1_362' title='bbox 352 4589 605 4646; x_wconf 62' lang='lat' dir='ltr'><strong>aeternaequae</strong></span> <span class='ocrx_word' id='word_1_363' title='bbox 622 4592 756 4653; x_wconf 80' lang='lat' dir='ltr'><strong>militarie)</strong></span> <span class='ocrx_word' id='word_1_364' title='bbox 775 4598 813 4650; x_wconf 84' lang='lat' dir='ltr'><strong>Cl&#39;.</strong></span> <span class='ocrx_word' id='word_1_365' title='bbox 833 4599 901 4651; x_wconf 84' lang='lat' dir='ltr'><strong>Geli.</strong></span> <span class='ocrx_word' id='word_1_366' title='bbox 919 4601 976 4659; x_wconf 85' lang='lat' dir='ltr'><strong>Vll,</strong></span> <span class='ocrx_word' id='word_1_367' title='bbox 994 4595 1019 4652; x_wconf 93' lang='grc'><strong>4.</strong></span> <span class='ocrx_word' id='word_1_368' title='bbox 1043 4600 1136 4667; x_wconf 82' lang='lat' dir='ltr'><strong>Vogel.</strong></span> <span class='ocrx_word' id='word_1_369' title='bbox 1156 4598 1174 4649; x_wconf 88' lang='lat'><strong>1.</strong></span> <span class='ocrx_word' id='word_1_370' title='bbox 1193 4591 1219 4647; x_wconf 85' lang='grc'><strong>8.</strong></span> <span class='ocrx_word' id='word_1_371' title='bbox 1243 4596 1327 4646; x_wconf 86' lang='lat' dir='ltr'><strong>Prisc.</strong></span> <span class='ocrx_word' id='word_1_372' title='bbox 1347 4595 1408 4654; x_wconf 87' lang='lat' dir='ltr'><strong>Vll,</strong></span> <span class='ocrx_word' id='word_1_373' title='bbox 1432 4611 1458 4661; x_wconf 89' lang='lat' dir='ltr'><strong>p.</strong></span> 
     </span>
     <span class='ocr_line' id='line_1_41' title="bbox 238 4609 970 4730; baseline 0 -12"><span class='ocrx_word' id='word_1_374' title='bbox 238 4659 290 4718; x_wconf 78' lang='lat' dir='ltr'><strong>tto</strong></span> <span class='ocrx_word' id='word_1_375' title='bbox 309 4666 337 4717; x_wconf 88' lang='lat' dir='ltr'><strong>P.</strong></span> <span class='ocrx_word' id='word_1_376' title='bbox 357 4666 430 4718; x_wconf 80' lang='lat' dir='ltr'><strong>Fest.</strong></span> <span class='ocrx_word' id='word_1_377' title='bbox 447 4680 492 4730; x_wconf 88' lang='lat' dir='ltr'><strong>pp.</strong></span> <span class='ocrx_word' id='word_1_378' title='bbox 511 4609 572 4723; x_wconf 73' lang='lat' dir='ltr'><strong>2ld,</strong></span> <span class='ocrx_word' id='word_1_379' title='bbox 592 4659 654 4724; x_wconf 76' lang='lat'><strong>253,</strong></span> <span class='ocrx_word' id='word_1_380' title='bbox 673 4661 735 4726; x_wconf 82' lang='grc'><strong>306.</strong></span> <span class='ocrx_word' id='word_1_381' title='bbox 753 4663 815 4718; x_wconf 88' lang='grc'><strong>344.</strong></span> <span class='ocrx_word' id='word_1_382' title='bbox 834 4671 876 4722; x_wconf 87' lang='lat' dir='ltr'><strong>od.</strong></span> <span class='ocrx_word' id='word_1_383' title='bbox 895 4671 970 4722; x_wconf 79' lang='lat' dir='ltr'><strong>mult.</strong></span> 
     </span>
    </p>

    <p class='ocr_par' dir='ltr' id='par_1_11' title="bbox 308 4733 1459 4814">
     <span class='ocr_line' id='line_1_42' title="bbox 308 4733 1459 4814; baseline 0 -22"><span class='ocrx_word' id='word_1_384' title='bbox 308 4737 368 4792; x_wconf 75' lang='lat' dir='ltr'><strong>uxo</strong></span> <span class='ocrx_word' id='word_1_385' title='bbox 390 4733 412 4792; x_wconf 91' lang='lat'><strong>1.</strong></span> <span class='ocrx_word' id='word_1_386' title='bbox 432 4736 472 4792; x_wconf 77' lang='lat' dir='ltr'><strong>Cf.</strong></span> <span class='ocrx_word' id='word_1_387' title='bbox 490 4736 558 4792; x_wconf 71' lang='lat' dir='ltr'><strong>etat.</strong></span> <span class='ocrx_word' id='word_1_388' title='bbox 576 4735 688 4792; x_wconf 80' lang='lat' dir='ltr'><strong>Theaet.</strong></span> <span class='ocrx_word' id='word_1_389' title='bbox 706 4754 733 4808; x_wconf 91' lang='lat' dir='ltr'><strong>p.</strong></span> <span class='ocrx_word' id='word_1_390' title='bbox 755 4735 805 4792; x_wconf 76' lang='lat' dir='ltr'><strong>llil</strong></span> <span class='ocrx_word' id='word_1_391' title='bbox 823 4740 856 4798; x_wconf 84' lang='grc' dir='ltr'><strong>Δ.</strong></span> <span class='ocrx_word' id='word_1_392' title='bbox 873 4741 953 4814; x_wconf 73' lang='lat' dir='ltr'><strong>Diog.</strong></span> <span class='ocrx_word' id='word_1_393' title='bbox 971 4742 1061 4794; x_wconf 72' lang='lat' dir='ltr'><strong>baert</strong></span> <span class='ocrx_word' id='word_1_394' title='bbox 1074 4741 1107 4799; x_wconf 85' lang='lat'><strong>11,</strong></span> <span class='ocrx_word' id='word_1_395' title='bbox 1130 4735 1170 4792; x_wconf 80' lang='grc'><strong>18.</strong></span> <span class='ocrx_word' id='word_1_396' title='bbox 1188 4739 1261 4794; x_wconf 84' lang='lat' dir='ltr'><strong>Suid.</strong></span> <span class='ocrx_word' id='word_1_397' title='bbox 1274 4755 1300 4792; x_wconf 89' lang='lat' dir='ltr'><strong>u.</strong></span> <span class='ocrx_word' id='word_1_398' title='bbox 1312 4738 1459 4812; x_wconf 64' lang='lat' dir='ltr'><strong>saepem.</strong></span> 
     </span>
    </p>
   </div>
   <div class='ocr_carea' id='block_1_6' title="bbox 0 0 1710 5400">
    <p class='ocr_par' dir='ltr' id='par_1_12' title="bbox 0 0 1710 5400">
     <span class='ocr_line' id='line_1_43' title="bbox 0 0 1710 5400; baseline 0 2"><span class='ocrx_word' id='word_1_399' title='bbox 0 0 1710 5400; x_wconf 95' lang='lat' dir='ltr'><strong> </strong></span> 
     </span>
    </p>
   </div>
  </div>
 </body>
</html>
