3409 5400
527 540 609 611 LIB.
632 539 721 620 VIII,
745 541 781 609 Ο.
807 542 838 618 7,
861 546 892 618 i.
915 541 1036 607 2-6.
1329 540 1393 610 623

157 711 318 788 pretatus
351 714 403 768 est
435 703 671 790 utilissimaque
706 702 833 767 discere
872 699 907 765 id
941 699 1144 787 cupientibus
1184 711 1395 767 monumenta

158 809 356 895 conposuit.
402 809 488 874 Nam
510 821 546 874 ut
568 830 683 874 senem
705 809 796 876 illum
820 819 948 882 natura,
972 827 1107 872 caecum
1133 807 1262 872 firrtuua
1284 807 1393 872 faeere

158 917 291 1002 potuit,
324 917 371 980 ita
398 927 515 980 nouus
539 915 745 1001 interpellare
774 915 877 980 ualuit
912 935 954 978 ne
981 935 1047 978 non
1076 914 1185 978 animo
1215 923 1247 976 et
1270 912 1394 976 uideret

108 1058 110 1071 .
161 1036 197 1086 et
224 1023 363 1107 erigeret.

131 1147 148 1188 a
262 1126 420 1192 Publilius
448 1148 527 1192 uere
556 1139 690 1194 senator
716 1139 748 1192 et
775 1125 889 1212 Lupus
916 1124 1052 1192 Pontius
1081 1147 1182 1213 eques
1211 1119 1434 1198 Romanus,5.

161 1235 240 1297 suis
259 1233 457 1319 temporibus
472 1233 619 1299 celebres
635 1255 809 1300 causarum
826 1245 967 1308 actores,
981 1232 1155 1298 luminibus
1172 1234 1260 1318 capti
1276 1231 1392 1296 eadem

108 1378 111 1412 ,
160 1338 334 1404 industria
367 1340 515 1406 forensia
549 1341 713 1426 stipendia
746 1342 872 1405 executi
903 1349 987 1404 seint.
1044 1339 1156 1427 Itaque
1191 1339 1392 1426 frequentius

108 1484 111 1520 ,
162 1447 269 1510 etiam
294 1445 519 1523 audiebantur,
543 1449 810 1512 concurrentibus
834 1449 920 1522 aliis,
944 1450 1020 1534 quia
1044 1449 1177 1534 ingenio
1201 1467 1312 1510 eorum
1336 1443 1393 1506 de·

160 1551 382 1627 leetabantur,
406 1553 490 1628 aliis,
514 1555 592 1640 quia
614 1556 834 1619 constantiam
857 1554 1110 1620 admirabantur.
1165 1551 1315 1636 Namque
1339 1549 1393 1612 alii

108 1672 187 1737 ,ios
209 1685 230 1720 a
254 1659 452 1740 iaeonmodo
486 1660 629 1745 perculsi
661 1682 831 1727 secessum
868 1673 997 1746 petunt,
1032 1659 1198 1745 duplicant
1232 1656 1393 1730 tenebras,

108 1807 111 1847 ,
164 1765 310 1828 fortuitis
332 1765 535 1832 uoluntarias
558 1765 749 1833 adicientes.

259 1868 330 1936 lam
352 1869 391 1938 P.
416 1871 569 1948 Crassus,
592 1895 667 1938 eum
689 1875 724 1938 iu
748 1873 865 1940 Asiam
888 1873 932 1940 ad
956 1873 1176 1939 Aristonicum
1199 1891 1314 1958 regem
1337 1861 1433 1934 ‹is-t.

108 2076 109 2101 l
168 2081 194 2138 1.
214 2085 380 2136 monimenta
396 2081 455 2138 si·
471 2089 497 2137 et
561 2088 734 2150 teonposolt
750 2085 813 2153 1).ss
829 2085 856 2141 5.
875 2087 985 2141 Publius
1003 2083 1264 2140 AODEFP'I’orr.
1295 2080 1394 2136 Visos

108 2170 109 2179 ¹
167 2154 233 2206 Por.
246 2154 260 2222 ΙΙ
273 2156 357 2205 lucius
376 2157 482 2221 pontius
501 2099 583 2210 fola
602 2159 708 2221 pontius
726 2156 755 2211 Γ.
774 2159 867 2223 Lupus
886 2159 987 2209 Pontus
1007 2157 1068 2210 Par.
1086 2159 1195 2208 l’outius
1207 2157 1300 2219 Lupus
1316 2151 1393 2206 Torr.

107 2224 110 2280 ἒ
178 2225 194 2292 ΙΙ
205 2221 233 2278 b.
252 2227 375 2278 celebres
394 2241 443 2280 eat.
461 2224 512 2294 iti
531 2230 656 2279 auctores
674 2223 709 2280 Ε.
720 2227 734 2294 ΙΙ
746 2229 827 2293 capiti
844 2226 872 2282 F.
888 2225 900 2298 ΙΙ
915 2225 940 2280 t.
959 2225 1149 2294 constantiam]
1170 2221 1338 2277 addemnat
1356 2219 1392 2275 I).

108 2293 110 2311 '
179 2298 193 2364 Η
207 2297 329 2364 Namque
346 2312 396 2351 oo.
414 2295 452 2350 D.
463 2297 478 2364 ΙΙ
494 2297 551 2363 atii]
576 2294 638 2351 edd
662 2315 696 2350 eo
722 2296 888 2366 Toranio.
911 2297 1079 2364 inconmodo]
1109 2295 1171 2350 cdd.
1194 2299 1246 2348 isto
1268 2308 1339 2347 corr.
1356 2291 1394 2346 D.

168 2368 302 2419 contnodo
321 2365 381 2421 Ae.
392 2367 407 2436 ΙΙ
423 2368 611 2433 duplicantque
631 2366 707 2422 Torr.
724 2369 738 2437 ΙΙ
758 2366 796 2422 ll.
815 2371 966 2422 uoluntaria
985 2365 1168 2422 ACDEFI'.
1185 2365 1199 2436 ΙΙ
1217 2362 1257 2418 12
1276 2366 1332 2416 lam
1351 2362 1392 2432 P.l

168 2434 247 2508 impr.
263 2437 294 2499 6.
313 2453 334 2491 e.
352 2437 621 2511 imperitantium
639 2443 756 2492 crassus
774 2438 837 2494 Par.
857 2439 899 2507 Cs.
917 2437 968 2500 Ill,
986 2435 1013 2499 2,
1035 2435 1075 2492 la

108 2690 109 2704 ἵ
242 2630 269 2685 5.
285 2629 416 2686 Publilius
430 2641 505 2696 aare)
522 2635 652 2688 Perizonii
670 2637 858 2695 coniecturam,
876 2651 926 2701 pro
940 2636 1032 2686 Publio
1045 2635 1179 2690 senatore.
1198 2647 1277 2700 quem
1286 2632 1393 2683 codIces

108 2707 109 2718 ¹
171 2704 199 2755 et
216 2704 331 2773 uulgata
348 2708 473 2771 exempla
490 2711 591 2759 tautum
609 2724 662 2759 non
681 2709 771 2759 omnis
789 2711 903 2773 ponunt,
929 2708 1069 2759 Publilium
1088 2706 1301 2757 substituendum
1319 2717 1393 2761 essa.

171 2775 314 2843 insigniter
331 2790 401 2827 utrae
419 2778 558 2828 coufirmat
576 2780 679 2829 Paridis
698 2780 822 2843 epitome.
866 2784 944 2841 'Quae
962 2782 1052 2828 tamen
1071 2788 1221 2844 peruagata
1239 2776 1284 2826 illo
1303 2787 1393 2825 errore

172 2850 200 2896 et
217 2847 324 2908 ipsein
342 2848 430 2910 capite
447 2850 482 2898 ‹lc
499 2851 717 2913 praenominibus
736 2851 763 2915 s.
781 2849 799 2901 4
818 2850 940 2900 Publium
953 2850 1090 2900 Philonem
1109 2849 1193 2897 habet
1209 2862 1258 2911 pro
1272 2845 1393 2896 Publilio.

173 2917 318 2985 vulgatam
347 2919 505 2983 scripturam
541 2921 715 2971 defenderunt
747 2921 892 2971 Torrenius
926 2923 953 2971 et
981 2920 1115 2983 Kuppius,
1144 2916 1394 2983 Bynkershoelrium

174 2988 259 3038 secuti
277 2989 303 3037 in
316 2990 423 3041 obsera.
437 2990 494 3048 llil,
516 2987 549 3042 12
567 2994 691 3041 citantem
711 2991 878 3060 digestorum
895 2991 939 3051 ill,
960 2988 983 3049 l,
1002 2984 1028 3049 5,
1049 2990 1092 3039 ubi
1111 2989 1154 3054 qui
1173 2987 1395 3059 commemoretur

173 3059 292 3117 Publius.
310 3060 387 3110 Nonii
406 3062 567 3124 Asprenatis
586 3066 672 3127 pater,
691 3062 762 3113 idem
779 3076 849 3113 sane
866 3064 910 3113 hic
929 3074 1027 3113 caecus
1046 3061 1123 3111 lctus
1142 3062 1198 3116 cst,
1216 3060 1250 3111 dc
1268 3074 1320 3125 que
1338 3056 1395 3125 egit

174 3130 304 3181 Valerius.
341 3130 395 3181 Sed
419 3136 492 3183 recte
515 3148 585 3184 nune
608 3134 644 3184 ibi
667 3149 771 3200 quoque
790 3134 919 3185 Publilius
944 3132 1038 3185 editur.
1085 3132 1211 3199 Pighius,
1240 3131 1311 3193 quod
1335 3128 1394 3181 solo

174 3201 345 3265 praenomine
363 3202 490 3269 cognosci
515 3207 625 3255 senator
649 3219 702 3255 uon
725 3206 870 3268 potuisset,
899 3220 915 3254 o
944 3204 1035 3254 codice
1059 3201 1251 3252 Pulmsnniano
1281 3200 1383 3250 arbitra

108 3271 109 3298 ³
174 3272 213 3321 sle
230 3272 372 3320 admodum
391 3272 504 3323 Paulum
526 3277 663 3338 posuerat.
710 3276 784 3325 Alter
807 3276 852 3325 ille
876 3288 975 3325 caecus
1004 3286 1147 3323 colisseum
1171 3275 1260 3329 aeter,
1285 3270 1394 3319 Paullus

108 3344 110 3402 F
174 3342 274 3405 Lupus.
294 3342 330 3391 ab
348 3342 409 3391 aliis
427 3344 610 3405 scriptoribus.
629 3347 756 3407 quantum
780 3346 902 3410 equidem
927 3344 997 3401 scie.
1021 3358 1074 3393 non
1099 3343 1327 3393 commemoratur.
1365 3338 1395 3387 ln

176 3427 226 3476 quo
244 3425 291 3459 cur
308 3412 426 3461 ordinem
445 3415 579 3463 nominum
597 3416 637 3465 tte
654 3415 816 3465 inuerterent
833 3416 959 3473 editores,
977 3414 1005 3461 ut
1024 3426 1187 3481 cognomen,
1213 3411 1238 3459 in
1258 3408 1393 3459 codicibus

108 3482 109 3513 ³
176 3482 365 3547 praemissum.
389 3486 581 3546 postponerent
599 3485 744 3553 gentilicio,
769 3497 855 3535 eausa
877 3484 951 3533 nulia
969 3486 1036 3535 erat.
1079 3483 1117 3532 ct'.
1141 3482 1212 3533 Plor.
1230 3476 1312 3539 11,2.
1333 3474 1346 3531 l
1367 3478 1394 3527 et

108 3557 109 3580 ¹
176 3552 272 3603 Duksri
290 3555 380 3606 annot.
399 3555 433 3602 ad
452 3555 515 3607 tal.
1017 3598 1020 3606 .

244 3619 361 3691 quue
379 3620 428 3673 ott
445 3650 458 3676 ι
472 3650 486 3676 s
503 3622 658 3676 memmallo
675 3621 805 3691 perculsi)
830 3624 896 3673 Boni
920 3624 1026 3675 codices
1050 3618 1168 3688 Namque
1197 3618 1246 3673 atti
1269 3614 1393 3673 comodo

176 3694 287 3748 uadunt.
323 3694 495 3746 Manifestam
515 3696 655 3761 archetypi
673 3694 773 3757 codicis
792 3694 915 3745 imbuam
935 3694 1034 3744 librarii
1059 3696 1087 3743 et
1105 3691 1220 3745 editores
1239 3693 1313 3743 uarie
1331 3705 1394 3755 sup·

175 3767 319 3828 pleueruul.
356 3765 475 3831 Apparet
487 3770 575 3819 autem
589 3764 738 3818 desiderari
749 3780 894 3828 pronomen
907 3764 1153 3823 demonstraturum,
1173 3779 1224 3829 qno
1236 3762 1395 3833 iusigniatur

108 3847 109 3864 ¹
177 3838 337 3901 praedictum
356 3838 494 3890 caecitatis
512 3839 716 3890 incommodum.
752 3836 844 3899 ltaque
869 3838 913 3888 alil
938 3832 1001 3889 isti.
1033 3836 1078 3885 alii
1101 3848 1131 3885 ee
1155 3836 1217 3885 ante
1240 3829 1394 3885 inconmodo

177 3908 341 3959 intruserunt.
376 3907 430 3959 Sed
449 3924 483 3961 ne
502 3910 541 3959 ita
553 3911 656 3975 quidem
670 3907 790 3975 perlecta
808 3909 894 3959 oratio
914 3908 965 3966 est,
985 3922 1044 3957 cum
1058 3908 1143 3957 uerba
1153 3919 1282 3957 secessum
1290 3906 1391 3975 petest.

179 3976 309 4047 duplicant
331 3976 451 4032 tenebras
472 3981 533 4031 sine
556 3983 653 4045 copula
677 3980 798 4043 componi
822 3980 969 4045 nequeant,
993 3992 1063 4043 quae
1086 3992 1174 4043 neque
1198 3976 1393 4043 oppositionem

108 4067 110 4082 ἰ
178 4065 259 4113 neque
275 4052 461 4119 gradationem
480 4054 572 4115 aptam
590 4052 741 4103 contineant
759 4051 824 4113 tuid.
834 4050 1051 4103 commentarium
1061 4063 1149 4099 meum
1168 4046 1281 4107 adVlll,
1300 4044 1325 4105 8.
1344 4040 1393 4111 2.),

180 4123 269 4186 copula
287 4125 375 4173 autem
394 4137 411 4172 o
430 4123 582 4173 coniectura
599 4124 700 4173 inserta
722 4122 823 4173 nubam
847 4123 954 4172 omnino
977 4120 1192 4185 probabilitatem
1215 4120 1324 4169 habeat.
1360 4116 1393 4165 Nl

179 4195 262 4243 omnia
279 4208 323 4245 me
340 4193 445 4251 fallunt,
463 4210 519 4244 ana
537 4210 595 4245 curn
621 4194 829 4245 demonstratiuo
847 4193 1003 4256 pronomine
1025 4192 1165 4243 relatiuam
1190 4204 1295 4257 quoque
1312 4190 1392 4239 luter-

180 4265 236 4314 ettit
252 4265 448 4334 legendumque
466 4262 584 4332 Nosque
606 4262 665 4319 clii.
688 4262 735 4330 qai
750 4260 801 4314 toli
824 4259 986 4315 mamaeae
1004 4260 1123 4329 parcalci
1147 4274 1274 4313 remisso
1287 4261 1390 4325 passi,

181 4330 309 4403 duplicant
326 4332 454 4390 tenebras.
490 4336 578 4402 Atque
594 4337 736 4387 relatiuam
752 4336 818 4385 ants
834 4348 879 4385 me
897 4335 951 4385 ism
969 4334 1171 4385 desiderauerat
1185 4330 1348 4387 Perizonius.
1366 4327 1393 4379 ln

108 4417 109 4432 ³
181 4421 211 4455 so
227 4409 325 4458 tantam
344 4420 447 4465 errans
466 4407 536 4473 quod
555 4408 683 4457 alterutro
700 4406 839 4457 dumtaxat
856 4405 1012 4469 prenomine
1029 4410 1077 4455 aut
1094 4404 1206 4455 relatiua
1221 4404 1268 4453 aut
1284 4400 1392 4451 demon·

181 4478 284 4529 miano
303 4478 427 4542 suppleto
444 4479 614 4529 scribendam
632 4492 697 4529 csse
715 4476 828 4527 coniecit
848 4472 918 4527 Nota
936 4470 985 4527 alii
1002 4474 1047 4542 qni
1070 4475 1113 4525 uel
1137 4486 1247 4539 namqu
1269 4468 1319 4523 olii
1335 4464 1392 4521 toli.

182 4550 257 4600 credo
274 4550 397 4613 squidem
415 4549 553 4601 librariam
571 4549 746 4615 archetypis
764 4549 847 4599 uerbo
870 4544 919 4597 alii
935 4548 962 4599 tu
981 4548 1092 4598 easdem
1110 4545 1213 4595 litteras
1232 4542 1311 4607 paulo
1329 4542 1393 4605 pest

108 4627 109 4656 l
181 4623 318 4686 sequentes
336 4620 473 4680 incidisse,
491 4635 563 4683 quse
581 4634 666 4671 eausa
683 4622 741 4672 crat
758 4635 805 4671 cur
822 4619 902 4670 simul
915 4617 1033 4670 iuterirst
1043 4614 1206 4681 praepositio
1217 4614 1259 4674 (ἵ)
1270 4614 1297 4667 ln
1308 4613 1392 4665 uerbo

108 4773 109 4782 ¹
244 4760 268 4817 ll.
287 4763 326 4818 Gt.
345 4763 432 4825 Quint
450 4762 497 4825 xl.
515 4758 542 4825 2,
560 4759 604 4817 50.
