3409 5400
288 399 353 468 ¹106
657 389 717 454 Dli
739 387 788 454 vt
810 388 866 454 ΒΤ
890 385 1134 454 SEDITIONE.

242 557 274 622 3.
373 551 535 618 Vaesana
556 549 641 614 haec
664 547 978 622 tantummodo,.illa
1000 549 1097 612 etiam
1113 557 1251 610 cruenta
1278 545 1434 610 seditio.
1483 540 1535 604 Po

284 661 381 749 pulus
405 659 493 724 enim
515 655 671 729 Nonium,
694 656 926 740 conpetitorem
951 655 1135 728 Saturnini,
1159 673 1285 718 nouem
1312 655 1395 717 iam
1426 649 1537 714 creati<

284 767 423 832 tribunis
440 785 570 851 unoque
587 761 660 826 loco
677 761 806 826 duobus
823 761 1008 824 candidatis
1032 769 1174 824 restante
1198 760 1234 822 ui
1249 761 1353 844 prius
1379 759 1423 822 in
1445 755 1536 819 aedes

283 875 431 959 priuatas
455 868 609 956 conpulit,
635 878 814 932 extractum
836 865 957 930 deinde
979 864 1155 940 interemit,
1184 875 1219 928 ut
1242 864 1359 929 caede
1391 866 1540 948 integer·
1579 909 1580 924 .

283 981 360 1046 rimi
382 979 466 1042 ciuis
489 974 630 1040 facultas
646 972 882 1059 adipiscendae
899 973 1069 1058 potestatis
1085 973 1271 1036 taeterrimo
1291 973 1365 1035 ciui
1388 969 1553 1034 daretur:
1579 955 1580 970 ¹

241 1084 274 1148 4.
374 1083 577 1149 Creditorum
607 1099 738 1165 quoque
768 1079 990 1143 consternatio
1014 1076 1176 1142 aduersus
1200 1078 1418 1162 Sempronii
1448 1073 1542 1140 Asel

283 1190 380 1256 lionis
402 1187 564 1275 praeteris
589 1184 704 1248 urbani
732 1197 829 1270 caput
857 1182 1051 1248 intolerabili
1078 1182 1176 1248 medo
1206 1185 1347 1248 exarsit.
1417 1184 1543 1263 Quem.

285 1299 364 1382 quia
385 1313 522 1359 causam
539 1290 721 1355 debitorum
744 1303 946 1374 susceperat,
970 1291 1121 1354 concitati
1146 1313 1167 1354 a
1181 1289 1220 1354 lt.
1236 1290 1365 1354 Cassio
1399 1289 1543 1352 tribua·

283 1401 389 1487 plebis
413 1422 471 1486 pro
495 1399 578 1464 aede
602 1395 807 1463 Concordiae
830 1395 1036 1460 sacrificium
1051 1397 1224 1460 facientem
1248 1393 1291 1458 ab
1323 1397 1428 1480 ipsis
1458 1393 1543 1456 alta·
1577 1447 1578 1450 ,

283 1507 375 1572 ribus
405 1506 521 1592 fugere
551 1517 642 1568 extra
668 1505 774 1568 i'urum
810 1513 960 1566 coactum
996 1503 1094 1590 inque
1128 1500 1299 1566 tabernula
1333 1501 1540 1564 latitantem

152 1659 195 1706 M„
197 1661 274 1708 m
284 1622 520 1698 praetextatum
544 1610 800 1694 discerpserunt.

243 1721 272 1784 l.
372 1716 576 1782 Detestanda
605 1716 667 1779 fori
695 1713 866 1786 condicio,
900 1713 960 1776 sed
995 1715 1023 1778 si
1052 1725 1161 1778 castra
1192 1714 1374 1799 respicias,
1419 1731 1538 1796 acque

282 1843 408 1908 magna
431 1823 549 1885 orietur
566 1820 759 1906 indignatio.
796 1818 890 1898 ‘Cum
907 1819 943 1884 G.
960 1818 1066 1886 Mario
1082 1819 1156 1908 lege
1172 1818 1323 1906 Sulpicia
1340 1819 1535 1906 prouincia

283 1929 382 2004 Asia,
413 1939 449 1990 ut
475 1926 636 1990 aduersus
665 1924 861 1989 Mitridatem
890 1924 1010 1990 bellum
1038 1937 1181 2012 gereret,
1215 1927 1345 2010 priuato
1382 1925 1535 1988 decreta

285 2176 311 2231 1.
328 2177 457 2228 Vaesana
473 2203 511 2216 -
529 2135 625 2226 seditio
642 2188 693 2226 orn.
711 2169 739 2226 Γ.
753 2169 766 2242 Ι
782 2175 901 2226 Vesania
919 2171 956 2228 D.
967 2173 981 2241 ΙΙ
992 2169 1018 2226 2.
1030 2175 1100 2226 eninr
1112 2189 1162 2226 ont.
1174 2171 1206 2226 Γ.
1217 2173 1232 2242 ΙΙ
1243 2176 1375 2226 ananiam
1394 2171 1526 2228 sorar.

283 2251 392 2300 minium
410 2243 449 2299 D.
473 2247 581 2298 nimium
600 2242 636 2297 E.
660 2237 794 2296 nurr‘rmum
814 2243 845 2296 Γ.
870 2246 902 2298 Α.
920 2245 1043 2296 Numiurn
1064 2243 1141 2298 Torr.
1156 2245 1171 2312 ΙΙ
1187 2242 1214 2298 b.
1232 2247 1403 2309 apiscendae
1422 2243 1460 2296 A.
1493 2239 1524 2291 l't

281 2333 330 2370 nos
347 2318 424 2370 etiaat
442 2317 506 2370 Par.
525 2317 538 2379 ΙΙ
558 2312 584 2367 d.
603 2316 629 2380 5.
648 2313 665 2366 d
683 2329 732 2367 ora.
751 2314 783 2368 Γ.
800 2315 814 2382 ΙΙ
831 2317 975 2366 aduersum
996 2313 1073 2367 Torr.
1089 2315 1104 2382 ΙΙ
1119 2318 1298 2379 semproniam
1316 2329 1363 2381 pr.
1383 2314 1418 2368 A.
1439 2315 1457 2383 fl
1482 2311 1521 2364 itt.

281 2389 434 2454 tabernula]
453 2386 557 2438 litterae
576 2387 621 2436 ula
638 2384 668 2436 in
684 2399 783 2438 ruera
800 2385 831 2437 A.
850 2387 1026 2438 tabernacula
1045 2384 1104 2438 cti.
1116 2387 1130 2454 ΙΙ
1142 2389 1288 2438 latitantem
1309 2383 1356 2451 ᾗι
1370 2403 1419 2438 me
1437 2399 1520 2449 repe-

281 2461 330 2511 tita
348 2461 547 2523 discerpserunt
566 2455 594 2506 in
611 2471 708 2506 resera
724 2455 757 2508 A.
775 2453 838 2508 add.
858 2460 896 2508 br.
910 2474 935 2522 q.
954 2458 1095 2507 tabernula
1113 2452 1165 2523 quii
1175 2475 1201 2524 p.
1215 2459 1365 2508 latitantem
1382 2460 1409 2508 d.
1422 2470 1515 2520 marvo
1542 2505 1544 2510 ,
1574 2421 1577 2490 l

280 2527 313 2582 A.
324 2529 338 2597 ΙΙ
352 2525 392 2581 ll.
412 2530 594 2578 discernerent
613 2525 641 2577 0.
654 2527 669 2594 ΙΙ
684 2523 722 2578 ta
732 2529 899 2578 Detestanda
909 2555 943 2564 -
953 2521 1021 2594 (13.)
1040 2529 1186 2596 indignatio
1195 2543 1244 2580 orn.
1257 2525 1287 2580 Γ.
1299 2525 1315 2595 ΙΙ
1325 2525 1514 2590 Detestanda}

281 2599 310 2650 in
327 2613 426 2650 rama
441 2596 473 2649 A.
484 2597 499 2665 ΙΙ
515 2595 554 2649 ld.
575 2595 614 2662 [G.
633 2597 731 2664 Mario]
750 2596 782 2651 A.
793 2597 808 2664 ΙΙ
818 2598 950 2664 Sulpi[eia
968 2627 1000 2636 -
1022 2599 1164 2665 aduersus]
1183 2597 1216 2650 A.

1576 2741 1579 2790 l

353 2826 379 2881 3.
398 2830 437 2879 Cf.
456 2829 514 2878 Liu.
534 2828 595 2891 epit.
616 2828 672 2878 libr.
693 2830 789 2882 trux.
808 2830 877 2881 l'lut.
896 2830 965 2883 Mar.
984 2824 1028 2881 29.
1046 2830 1116 2882 rtur.
1137 2832 1180 2889 lll,
1201 2825 1241 2882 ib.
1266 2828 1333 2895 tlpp.
1353 2834 1409 2883 cia.
1428 2834 1449 2891 1,
1467 2826 1508 2880 28.

282 2898 358 2951 Auci.
377 2900 411 2947 de
429 2900 477 2949 uir.
496 2900 532 2946 lll.
551 2894 594 2948 13.
613 2898 691 2950 Oros,
712 2900 744 2959 V,
766 2899 805 2952 17.
1578 2954 1579 2959 ,

352 2967 474 3025 Noniarn.
493 2966 678 3034 conpetitorem
694 2968 842 3027 Saturnia)
861 2974 988 3023 Mirelroe
1001 2986 1097 3022 nomon
1111 2974 1228 3023 uariatur
1245 2974 1406 3023 innatorum
1425 2974 1508 3035 scrip·

280 3043 366 3090 torum
386 3040 521 3088 codicibus
540 3040 743 3104 tnanuscrlptis,
765 3042 801 3091 itu
821 3048 910 3093 tamen
930 3044 1001 3093 utin
1025 3043 1057 3094 Α.
1077 3042 1162 3093 Nouio
1185 3044 1352 3094 consentiant
1376 3046 1505 3109 plerique.

280 3111 393 3176 Liquido
411 3110 481 3159 enim
499 3110 539 3159 sic
558 3110 697 3161 exhibetur
720 3127 817 3161 nornen
835 3130 852 3163 a
872 3114 1013 3163 Plutarcho
1035 3116 1062 3163 et
1082 3114 1203 3177 Appiano
1228 3118 1253 3165 et
1272 3118 1383 3165 auctore
1404 3117 1506 3165 denir.
1578 3131 1579 3184 t

281 3183 319 3233 itt.
337 3181 366 3233 tt.
383 3198 422 3233 cc.
459 3180 535 3239 Quod
555 3184 626 3231 recte
645 3181 724 3231 etiam
743 3182 822 3233 l'loro
846 3201 864 3233 n
883 3184 1066 3251 grammaticis
1090 3186 1218 3237 redditum
1242 3199 1306 3235 esse
1324 3185 1435 3248 opinor.
1464 3184 1506 3233 ubi

279 3254 387 3303 codices
404 3252 519 3303 Annium
539 3253 646 3315 ponttnt.
683 3255 771 3310 Quare
796 3256 918 3318 equidem
944 3255 1012 3304 idem
1032 3254 1139 3305 Valerio
1165 3256 1309 3313 uindicaui,
1334 3258 1462 3321 quamuis
1482 3256 1506 3305 ia

279 3325 414 3387 scriptura
430 3320 563 3373 Nunnium
586 3324 712 3373 meliores
735 3325 819 3373 nostri
843 3325 902 3375 iibri
927 3341 986 3375 etim
1011 3324 1106 3375 Parlda
1130 3330 1291 3395 congruant,
1315 3341 1374 3375 cum
1400 3328 1506 3391 priores
1578 3303 1579 3375 l

279 3396 396 3444 editores
414 3396 460 3443 aut
479 3394 627 3443 deteriores
645 3394 728 3443 libros
747 3396 831 3443 secuti
849 3398 896 3444 aut
913 3394 1052 3445 Liuianam
1072 3397 1215 3461 epitomem
1233 3395 1265 3448 A.
1275 3394 1398 3447 Nuntia·
1417 3399 1506 3447 dedis·
1578 3393 1579 3398 ’

278 3468 348 3522 sent,
368 3464 439 3525 quod
459 3463 547 3513 Oresti
566 3479 670 3529 queque
689 3464 795 3515 codices
815 3466 973 3515 confirmare
993 3466 1121 3519 uidentur.
1158 3466 1295 3536 Insignem
1308 3472 1397 3517 autem
1419 3470 1505 3517 airum

279 3550 340 3585 eura
359 3534 479 3599 appellat
496 3534 644 3597 Appianas.
663 3533 830 3597 Noniamque
848 3542 956 3602 gentem
975 3538 1037 3587 tune
1055 3538 1182 3603 temperis
1200 3538 1323 3590 floruisse
1340 3540 1432 3589 uotum
1452 3543 1505 3589 est

280 3605 447 3655 Praenomen
460 3600 561 3663 Aulam,
581 3604 650 3668 qued
670 3604 796 3671 uolgatae
816 3606 945 3657 editiones
964 3622 1014 3669 per
1027 3611 1116 3657 notam
1130 3609 1258 3672 scriptum
1271 3608 1505 3664 circumferebant

281 3677 360 3725 abest
377 3690 396 3724 a
414 3674 549 3723 codicibus
567 3678 595 3723 ct
613 3690 630 3723 a
649 3674 753 3725 Paride.

348 3743 374 3796 t.
398 3746 439 3795 ci.
460 3742 519 3803 Liu.
538 3745 600 3808 epit.
618 3744 677 3795 libr.
701 3745 842 3807 LXXllll,
866 3747 911 3799 ubi
936 3748 1026 3801 tamen
1052 3750 1077 3801 in
1102 3750 1159 3801 loro
1183 3748 1284 3803 Asellio
1308 3752 1412 3803 occisus
1437 3766 1505 3803 esse

277 3816 396 3872 traditur,
415 3816 442 3863 et
460 3814 527 3877 App.
547 3816 597 3865 eiu.
616 3814 636 3871 1.
655 3811 699 3867 54.

275 3954 299 4005 u
347 3880 504 4005 ἣδὲωείο)
520 3883 653 3934 Tribunus
667 3887 752 3949 plebis
771 3889 829 3939 crat
847 3905 873 3943 a.
886 3884 939 3941 d65
958 3906 983 3942 a.
1003 3907 1028 3943 n.
1047 3908 1070 3943 c.
1089 3890 1128 3943 ct
1142 3890 1288 3945 Drumaan.
1302 3894 1395 3963 gescb.
1407 3892 1504 3945 Rom‘s

300 3968 353 4018 ‚p.
424 3990 433 4003 ·

346 4022 423 4091 inque
440 4020 577 4075 tabernula
595 4021 751 4090 latitantem)
769 4030 861 4081 Litura
873 4030 971 4081 codicis
983 4032 1138 4091 Bernensis,
1154 4048 1328 4099 quamsapra
1338 4036 1501 4091 sonuimus,

275 4096 340 4147 nihii
357 4095 428 4144 aliud
447 4094 581 4163 signifieat
600 4112 680 4160 quarn
694 4114 764 4165 prae
782 4099 875 4150 tinore
888 4100 984 4167 petita,
1004 4105 1227 4169 quemadmodum
1247 4104 1392 4157 Torrenius
1410 4108 1436 4157 in
1454 4123 1499 4157 co-

274 4169 333 4219 dice
351 4166 523 4218 Vitratectiao
541 4169 673 4227 secundo,
697 4184 747 4219 nos
771 4171 797 4219 ta
822 4172 913 4221 codice
938 4173 1127 4243 Bongarslano
1151 4178 1253 4227 saecuti
1270 4177 1335 4235 XV,
1360 4178 1403 4245 qui
1429 4192 1498 4228 nune

273 4242 430 4289 asseruntur
446 4238 553 4287 Beruaa
578 4235 624 4301 (ci.
643 4240 727 4303 praet.
746 4256 772 4303 p.
796 4236 857 4304 13).
883 4245 1059 4307 repperimus.
1101 4246 1264 4297 Manifestao
1287 4248 1498 4313 interpolationis

273 4323 359 4359 causa
376 4310 449 4359 baud
467 4309 546 4357 dubie
565 4310 649 4359 extitit
671 4310 762 4365 Paris,
787 4310 813 4359 in
838 4312 913 4362 cuius
934 4316 1093 4381 compendio
1117 4332 1176 4367 cum
1203 4318 1338 4385 legeretur
1362 4315 1390 4369 in
1412 4314 1497 4369 rater-

271 4376 348 4437 nula,
367 4394 443 4446 mam
455 4376 585 4447 petierat,
603 4376 746 4431 latitantem
764 4375 974 4448 discerpserunt,
996 4389 1151 4439 emendator
1163 4388 1222 4437 libri
1244 4386 1390 4439 Bemensis
1409 4391 1496 4440 deleta

272 4452 399 4510 primaria
416 4451 555 4514 scriptura.
574 4450 611 4499 ita
630 4452 658 4501 ut
675 4451 781 4500 omnine
801 4455 936 4505 excideret
949 4460 1157 4522 praetextatam.
1177 4460 1335 4529 languidum
1348 4461 1413 4511 illud
1427 4474 1494 4527 prae

271 4516 364 4570 tinore
376 4518 463 4585 petita
480 4520 631 4572 introduxit.

343 4590 398 4629 Mtte
418 4590 494 4642 Rom.
515 4588 538 4641 1.
557 4590 597 4644 Gt.
614 4590 683 4647 rtet
702 4592 769 4645 Mar.
789 4589 841 4655 35;
863 4596 899 4649 id.
917 4594 984 4664 Syll.
1003 4594 1029 4663 8,
1049 4596 1074 4655 ll.
1094 4602 1172 4655 Oros.
1192 4600 1223 4663 V,
1244 4596 1284 4655 19.
