3409 5400
268 312 333 381 430
440 354 446 363 -
489 309 548 375 Did
572 306 757 380 PIETATE
781 306 903 381 ERGA
925 305 1159 377 Plurimus
1182 306 1277 374 ΕΤΟ.

268 481 493 559 peruenerant.
538 469 735 557 Interrogati
758 468 878 535 deinde
901 468 944 535 ab
967 491 1008 549 eo
1030 489 1090 555 per
1111 469 1254 557 legatos,
1277 490 1376 555 quem
1392 468 1501 531 tinem

267 577 416 667 fugiendi
438 590 493 644 aut
516 578 605 665 quod
626 578 754 643 initium
778 575 951 664 pugnandi
973 577 1090 640 facturi
1106 589 1228 652 essent,
1251 575 1502 664 responderunt

268 706 304 750 se
333 688 394 750 nec
422 686 520 751 urbes
549 685 634 751 ullus
659 706 724 777 ¹nec
759 705 861 771 egros
891 682 1012 759 cultos,
1045 705 1106 768 pro
1138 684 1257 770 quibus
1289 684 1498 759 dimicarent,

266 790 398 860 habere.
435 793 585 858 Ceterum
604 777 679 858 curn
695 791 738 857 ad
753 792 938 877 parentium
955 811 1090 856 suornm
1106 802 1319 858 monumento
1334 793 1497 866 uenisset,

267 902 423 967 sciturum
439 898 717 987 quemadmodum
733 896 877 984 Scythae
900 897 1055 984 proeliari
1069 897 1223 963 solerent.
1268 897 1343 980 Quo
1359 899 1528 986 quidem

210 1058 212 1061 .
267 1031 332 1073 uno
356 1020 421 1072 tam
444 1008 498 1092 pio
523 1005 607 1071 dicto
630 1007 772 1072 inmanis
796 1016 828 1068 et
849 1004 992 1070 barbare
1016 1026 1100 1092 gens
1116 1005 1157 1070 ab
1181 1006 1271 1071 omni
1294 1028 1331 1070 se
1352 1006 1495 1071 feritatis

267 1116 402 1182 crimine
425 1113 572 1180 redemit.
623 1112 736 1178 Prima
758 1113 857 1197 igitur
881 1121 912 1174 et
935 1112 1060 1197 optimo
1080 1134 1190 1179 rerum
1218 1121 1339 1178 neturn
1360 1114 1495 1200 pietatis

268 1233 318 1286 est
339 1223 511 1309 magistra,
535 1242 619 1308 quae
636 1220 723 1285 nullo
734 1220 829 1284 uocis
846 1220 1040 1294 ministerio,
1062 1219 1151 1285 nullo
1168 1242 1232 1285 usn
1247 1219 1424 1285 litterarum
1441 1221 1494 1284 iu·

267 1328 386 1417 digens
408 1330 550 1416 propriis
575 1350 613 1393 ac
637 1328 744 1393 tacitis
767 1326 893 1391 uiribus
918 1323 1087 1392 caritatem
1110 1328 1293 1413 parentium
1315 1325 1492 1392 liberorum

266 1435 454 1522 pectoribus
478 1436 629 1501 infundit.
676 1433 764 1517 Quid
792 1455 873 1521 ergo
905 1433 1055 1499 doctrina
1082 1432 1237 1520 proficit?
1271 1432 1318 1498 Vt
1338 1432 1536 1520 politiorum

267 1543 407 1620 scilicet,
437 1565 505 1607 non
528 1554 562 1607 ut
584 1540 722 1608 meliora
749 1542 829 1606 fiant
856 1542 1008 1630 ingenia,
1038 1543 1193 1628 quonium
1223 1538 1355 1628 quidem
1383 1534 1493 1607 solida

265 1653 369 1715 uirtus
394 1651 540 1715 nascitur
561 1650 670 1736 magis
695 1670 793 1735 quam
817 1650 960 1736 tingitur.

223 1759 257 1826 ti.
357 1756 441 1838 Quis
465 1754 730 1849 enimv'plaustris
753 1776 862 1842 uagos
887 1766 919 1819 et
941 1755 1097 1821 siluarum
1112 1753 1246 1821 latebris
1266 1776 1406 1842 corpora
1428 1776 1491 1818 suu

268 1874 415 1952 tegentes
444 1863 479 1926 in
497 1862 704 1949 'modumque
733 1863 878 1927 ferarum
908 1861 1032 1928 laniatu
1066 1863 1228 1950 pecudum
1261 1865 1411 1928 uiuentes
1440 1863 1489 1926 sic

266 1970 368 2035 Durio
391 1968 591 2056 respondere
609 1967 741 2033 docuit?
771 1968 830 2035 llla
845 1970 1010 2046 nimirum,
1035 1992 1118 2057 quac
1135 1973 1234 2037 etium
1250 1970 1366 2035 Croesi
1390 1969 1489 2034 filium
1501 1988 1531 2032 is

264 2076 421 2165 loquendi
444 2098 506 2141 usu
530 2075 691 2143 defectum
715 2076 758 2141 ad
773 2076 1011 2165 protegendum
1027 2079 1130 2165 patris
1152 2078 1406 2144 incolomitatem
1427 2080 1489 2142 mi-

266 2185 398 2250 nisterio
427 2184 520 2249 uocis
549 2183 728 2248 instruxit.0
767 2182 880 2271 Captis
914 2186 1000 2250 enim
1034 2206 1055 2250 a
1083 2186 1168 2271 Cyro
1200 2184 1379 2261 Sardibus,
1414 2208 1488 2250 cum

266 2293 351 2357 uirus
375 2314 394 2356 e
417 2311 553 2357 numero
576 2290 752 2356 Persarum
776 2292 915 2378 ignarus
938 2293 1000 2356 uiri
1022 2294 1056 2357 in
1080 2291 1217 2358 caedem
1232 2294 1304 2358 eius
1328 2295 1488 2359 concitato

266 2401 389 2484 impetu
411 2398 565 2474 ferretur,
595 2397 684 2462 uelut
713 2397 831 2463 oblitus
857 2398 935 2485 quid
964 2399 1028 2465 sibi
1055 2400 1187 2465 fortuna
1215 2401 1363 2466 nascenti
1390 2399 1489 2463 dene-

267 2516 397 2593 gasset,
431 2525 473 2567 ne
503 2505 663 2569 Croesum
691 2525 805 2592 regem
834 2504 999 2569 occideret
1025 2505 1260 2592 proclamando
1289 2527 1395 2594 poene
1421 2508 1530 2573 iamno

266 2613 453 2697 inpressum
475 2610 588 2700 iugulo
616 2633 807 2678 mucronem
837 2612 1016 2681 reuocauit.
1065 2612 1116 2679 Ita
1143 2614 1198 2701 qui
1228 2613 1332 2679 adid
1361 2625 1487 2701 tempus

265 2731 374 2785 mutus
398 2719 461 2784 sibi
482 2720 609 2784 uixerat
630 2719 729 2785 saluti
750 2721 898 2804 parentis
921 2720 1047 2787 uocalis
1070 2722 1177 2787 fuctus
1202 2733 1260 2789 est.

267 2897 291 2952 1.
310 2893 468 2970 interrogriti
486 2895 518 2950 Γ.
529 2897 543 2967 ΙΙ
554 2899 672 2968 fugiendi
693 2899 773 2949 finem
794 2896 873 2951 Torr.
883 2895 897 2966 ΙΙ
915 2896 940 2952 3.
964 2899 1034 2949 iilius
1058 2900 1139 2950 urbes
1162 2897 1230 2969 ΕῙΙ
1246 2895 1272 2951 4.
1295 2902 1435 2966 parentum
1457 2897 1487 2950 D

266 2967 438 3023 EFl'Toi-r.
450 2970 464 3037 ΙΙ
475 2972 614 3021 uenissent
625 2966 885 3022 reuersum.
897 2965 949 3037 115.
961 2971 1052 3021 scituri
1061 2967 1126 3023 DF.
1138 2968 1151 3036 ΙΙ
1164 2972 1397 3038 quemadmodum]
1409 2986 1486 3037 quem

267 3045 300 3093 ed
319 3041 355 3096 E.
370 3042 382 3113 ΙΙ
397 3037 422 3095 o.
442 3043 513 3092 dictu
533 3038 654 3093 CDEF
668 3045 694 3092 et
708 3055 751 3108 pr.
764 3039 796 3095 Α.
808 3040 822 3110 ΙΙ
833 3045 861 3093 ct
878 3056 928 3095 om.
947 3037 976 3094 F.
990 3039 1003 3109 ΙΙ
1019 3038 1043 3096 1.
1061 3040 1152 3112 igitur]
1171 3058 1239 3112 crgo
1256 3041 1295 3096 D.
1306 3042 1320 3112 11
1331 3040 1357 3095 9.
1376 3044 1486 3093 caritate

268 3113 296 3168 0.
307 3112 321 3182 ΙΙ
333 3118 472 3180 parentum
490 3109 662 3172 DEFTorr.
673 3111 687 3180 ΙΙ
698 3114 852 3176 pectoribus
871 3114 1016 3164 liberorum
1036 3108 1142 3238 ΤοπιΙΙ
1156 3109 1196 3167 to.
1215 3114 1292 3183 ergo}
1315 3115 1394 3182 igitur
1411 3111 1449 3166 D.
1461 3112 1475 3180 ΙΙ

265 3188 441 3250 proficiscitur
459 3182 495 3236 Ε.
509 3182 521 3253 ΙΙ
536 3185 637 3236 scilicet
654 3182 780 3250 politiore
797 3183 832 3238 Ε.
849 3182 863 3251 ΙΙ
883 3180 925 3236 11.
944 3184 1020 3250 flunt]
1045 3186 1098 3235 sint
1165 3187 1177 3251 ΙΙ
1200 3181 1240 3237 12.
1261 3185 1361 3254 magis]
1381 3199 1430 3238 om.
1448 3181 1485 3237 D.

265 3260 371 3327 mugnis
386 3272 431 3326 pr.
449 3255 482 3308 A.
496 3255 508 3314 ΙΙ
525 3251 566 3309 ld.
585 3256 720 3320 plunstres
739 3251 776 3306 D.
794 3256 924 3321 palustris
945 3251 1028 3307 ΟΠ*
1050 3253 1121 3309 Vise.
1140 3253 1207 3309 Bett.
1225 3270 1266 3324 sp.
1286 3252 1369 3309 doctr.
1391 3253 1424 3315 V.
1442 3254 1485 3308 41.

275 3326 425 3396 ilcorporul
444 3344 534 3378 coram
553 3324 677 3396 1111111
701 3342 750 3377 om.
769 3323 800 3380 Γ.
818 3326 831 3396 ΙΙ
845 3322 886 3380 14.
911 3329 938 3377 iu
962 3328 1122 3394 modumque
1139 3357 1175 3370 -
1194 3328 1315 3379 uiuentes
1339 3342 1388 3379 om.
1414 3325 1445 3380 Γ.
1460 3327 1472 3390 ΙΙ

263 3416 391 3465 pecorum
407 3399 446 3452 D.
459 3397 471 3467 11
485 3397 577 3466 Durio]
597 3397 637 3449 ric
654 3397 679 3451 Ιι.
697 3395 715 3451 1.
729 3395 760 3449 Α.
780 3402 840 3448 unte
858 3399 898 3448 stc
919 3395 996 3449 Torr-
1011 3394 1080 3467 1115.
1099 3399 1191 3466 etiarn]
1212 3401 1239 3449 et
1257 3395 1288 3450 F.
1300 3395 1313 3465 ΙΙ
1328 3393 1369 3450 lii.
1387 3399 1486 3449 incolu-

264 3473 382 3528 mitatem
402 3468 721 3538 commentantium
739 3473 765 3519 ct
784 3466 861 3522 Torr.
873 3466 887 3537 ΙΙ
901 3465 942 3521 18.
960 3485 1040 3521 unum
1059 3484 1104 3538 pr.
1123 3468 1180 3594 Ap
1195 3464 1234 3522 lt.
1254 3470 1366 3521 terretur
1387 3472 1485 3535 impetn

266 3541 368 3611 Turul!
379 3542 512 3608 uescenti]
528 3546 591 3609 post
609 3541 774 3610 denegasset
790 3539 826 3593 Ε.
846 3545 905 3593 unte
923 3541 1031 3593 fortune
1049 3538 1127 3596 Turr.
1138 3541 1152 3610 ΙΙ
1181 3538 1206 3593 t).
1226 3555 1349 3592 crossum
1367 3538 1403 3594 Ε.

265 3716 315 3754 nos
333 3704 474 3754 edidimus.
509 3702 611 3752 Eodem
628 3701 708 3751 modo
728 3701 792 3751 ditto
814 3701 910 3765 raphin
929 3703 1045 3768 quodum
1069 3703 1120 3763 111,
1148 3697 1177 3762 7,
1202 3697 1321 3769 teque
1340 3707 1394 3754 tam
1407 3700 1486 3770 pleno

265 3775 364 3824 fuctum
382 3787 445 3824 esse
464 3772 602 3822 docuimus
620 3785 687 3839 quoe
704 3775 767 3822 uoto
779 3716 860 3838 plere
879 3774 906 3823 ct
924 3773 986 3833 Vll,
1005 3769 1037 3835 3.
1056 3777 1109 3826 ext
1127 3769 1145 3826 3
1163 3770 1303 3825 nidoribus
1321 3789 1337 3825 e
1355 3772 1485 3832 alteriue

264 3846 281 3896 1.
301 3859 324 3894 e.
344 3841 424 3893 ultim
442 3844 570 3905 mutatum
589 3842 616 3893 in
634 3840 721 3893 attius
1148 3904 1150 3907 Ι

336 3928 394 3964 cum
411 3912 448 3964 ud
460 3911 611 3980 parentium
628 3928 733 3965 morum
756 3914 1076 3977 metamaucenses.)
1104 3919 1204 3968 Omnes
1227 3917 1288 3966 libri
1311 3917 1486 3981 manuscripti

265 3986 292 4038 et
309 3986 464 4041 Vincentius
482 3985 585 4036 Bellon.
601 3983 677 4052 spec.
696 3987 778 4039 doctr.
797 3984 829 4045 V,
849 3981 880 4036 41
902 3984 1040 4040 nenium.
1081 3991 1158 4048 Quod
1176 3989 1288 4039 relatum
1313 3990 1349 4038 sd
1367 3987 1485 4053 Scythes

263 4059 382 4122 ineptum
400 4070 511 4122 prorsus
530 4057 649 4109 efiiceret
667 4057 834 4111 sententium.
870 4057 1018 4110 Dicendum
1030 4061 1101 4111 enim
1114 4061 1180 4118 erat.
1200 4060 1223 4109 si
1236 4059 1336 4110 Durius
1349 4074 1382 4110 eo
1401 4073 1486 4125 usque

263 4142 428 4199 progressus
452 4130 535 4188 esset.
561 4129 618 4179 tore
641 4131 671 4178 ut
699 4130 864 4194 experiretur
882 4129 1043 4196 Scytharum
1068 4132 1254 4182 fortitudinem.
1303 4130 1396 4196 Neque
1420 4146 1485 4181 uero

263 4205 345 4255 ettam
364 4204 398 4252 sd
418 4201 518 4253 Perses
537 4202 661 4266 spectare
679 4202 768 4265 potest
784 4199 924 4261 umbem.
943 4204 1005 4269 quie
1025 4203 1146 4269 seqnitur
1163 4200 1289 4254 sottum
1308 4215 1349 4256 sc.
1366 4202 1484 4258 Durium.

262 4289 333 4340 quae
350 4287 528 4338 personarum
548 4272 658 4322 mutatio
676 4271 850 4321 intolerabilis
869 4277 959 4333 esset,
983 4275 1142 4339 pracsertim
1161 4289 1221 4325 cum
1239 4275 1388 4324 subiectum
1407 4289 1486 4324 accu-

262 4346 344 4398 sstiul
362 4361 423 4396 cum
440 4345 567 4395 infinitino
582 4344 711 4394 omissum
729 4343 772 4395 sit.
808 4343 893 4395 Nemo
905 4348 995 4396 tumen
1007 4346 1180 4410 interpretum
1192 4347 1220 4395 id
1230 4347 1372 4409 perspexit
1379 4347 1487 4410 praetor

262 4418 438 4477 Perizonium‚
458 4417 502 4483 qui
520 4416 645 4481 ascripsit
663 4415 744 4466 ‘mulo
762 4412 892 4469 umitset'.
929 4421 1015 4479 Quem
1033 4418 1247 4469 emendetionem
1266 4418 1381 4468 omuino
1392 4428 1485 4468 neces.

262 4491 364 4540 surium
381 4504 451 4539 nunc
470 4489 610 4539 contlrmut
626 4487 730 4538 Paridis
750 4488 943 4551 compendium.

333 4556 359 4613 o.
379 4561 418 4614 Ct'.
437 4559 535 4612 Herod.
553 4559 575 4620 1,
593 4553 637 4612 85.
655 4557 750 4613 Seuer.
769 4561 887 4621 centron.
905 4555 949 4612 20.
977 4557 1009 4613 A.
1029 4560 1095 4614 Geli.
1113 4560 1146 4622 V,
1164 4554 1190 4614 9.
