3409 5400
263 510 329 580 808
688 502 748 573 DE
772 498 1062 571 CONSTANTIA.

260 671 340 737 fidei
361 688 429 734 non
455 664 585 733 latentis
608 662 746 733 Athenis
770 664 940 754 Ephialtes
970 686 1128 731 accusare
1155 663 1284 755 publice
1311 666 1426 729 iussus
1454 671 1488 725 et

259 782 345 846 inter
367 786 493 841 ceteros
515 773 715 841 Demostrati
741 794 864 839 nomen
885 773 1013 837 deferre
1036 786 1170 838 coactus
1194 783 1258 848 est,
1282 772 1375 837 euius
1399 769 1485 835 tilius

260 894 331 951 erat
353 880 593 957 Demochares,
619 880 803 947 excellentis
831 881 958 945 formae
980 902 1079 966 puer,
1112 882 1316 946 animosius
1340 878 1485 965 flagran-

259 982 387 1061 tissimo
416 990 593 1057 inhaerens
623 1010 745 1055 amore.
791 985 904 1074 ltaque
933 988 1117 1052 communis
1142 988 1243 1053 officii
1265 996 1353 1053 sorte
1375 996 1483 1049 trucu-

258 1102 366 1167 lentus
398 1106 585 1173 accusator,
621 1096 741 1183 priuati
768 1094 916 1159 adfectus
944 1092 1139 1159 condicione
1165 1094 1362 1160 miserabilis
1395 1112 1512 1168 reus‚a

202 1220 204 1225 '
258 1226 398 1295 puerum
421 1204 463 1269 ad
488 1226 524 1269 se
549 1202 749 1269 exorandum
767 1224 831 1289 quo
847 1203 979 1289 parcius
997 1203 1098 1288 patris
1115 1202 1305 1267 criminibus
1320 1201 1486 1266 insisteret

258 1302 445 1379 uenientem
466 1330 574 1397 neque
596 1308 753 1395 repellere
784 1328 891 1395 neque
920 1307 1100 1394 supplicem
1124 1308 1264 1396 genibus
1288 1310 1357 1374 suis
1381 1307 1485 1372 adno-

258 1420 362 1489 lutrnn
382 1418 502 1484 intueri
524 1416 688 1491 sustinuit,
712 1414 772 1481 sed
795 1427 908 1501 operto
933 1416 1138 1501 capitatione
1161 1427 1194 1479 et
1208 1406 1345 1505 gemens
1368 1434 1484 1502 preces

259 1548 450 1615 expromere
483 1546 606 1611 passus
631 1534 697 1599 est,
731 1520 1009 1610 nihilominusque
1042 1524 1175 1589 sincera
1196 1523 1260 1589 tide
1295 1532 1486 1591 accusabam

256 1635 502 1702 Demostratum
529 1631 706 1697 damnauit.
765 1626 946 1695 Victoriam
976 1632 1090 1695 nescio
1117 1632 1217 1698 laude
1246 1654 1290 1698 an
1321 1639 1481 1695 tormento
1493 1646 1520 1691 tc

257 1744 383 1808 maiore
409 1738 557 1827 partam!
598 1738 755 1825 quoniam
788 1738 881 1823 prius
916 1758 1015 1825 quam
1050 1749 1179 1805 sontem
1212 1741 1411 1827 opprimeret
1443 1756 1481 1802 se

257 1851 367 1937 ipsum
389 1846 469 1911 uicit
490 1842 671 1932 Ephialtes.

216 1946 247 2017 b.
348 1954 454 2034 Quem
470 1952 702 2038 Syracusanus
717 1948 781 2016 Dio
805 1952 979 2017 seueritate
1003 1952 1142 2041 exempli
1157 1963 1366 2042 praegrauat.
1402 1952 1482 2035 Qui·

256 2060 399 2129 busdam
422 2058 627 2126 monentibus
657 2069 692 2123 ut
719 2058 880 2124 aduersus
903 2058 1111 2127 Heraclidem
1140 2072 1172 2125 et
1194 2060 1376 2149 Galippnm,
1401 2082 1482 2147 quo⁴

256 2191 331 2237 rum
361 2167 442 2233 fidei
474 2165 649 2253 plurimum
683 2165 851 2243 credebat,
886 2176 1054 2254 tamquam
1083 2169 1222 2235 insidias
1258 2170 1289 2233 ei
1321 2169 1480 2234 nectentis
1492 2179 1519 2224 ¹⁵

763 2318 976 2335 ψ

259 2396 283 2456 1.
301 2404 357 2454 tum
376 2400 439 2453 fluet
458 2394 536 2451 Torr.
555 2396 568 2469 ΙΙ
589 2396 732 2464 alplrinltes
750 2398 784 2454 Β.
808 2404 941 2467 ephiiatcs
960 2399 1027 2525 eq
1043 2400 1148 2470 iussus]
1171 2398 1233 2454 odd.
1252 2402 1295 2453 est
1310 2398 1341 2455 F.
1360 2398 1373 2473 ΙΙ
1391 2397 1417 2454 2.
1436 2404 1480 2454 de·

257 2474 415 2526 monstranti
428 2467 525 2539 pn'A.
545 2473 718 2524 demostranti
735 2469 769 2523 Β.
789 2473 998 2526 demonstratiG
1042 2478 1070 2543 et
1080 2488 1126 2543 pr.
1138 2471 1175 2527 D.
1195 2476 1339 2524 democriti
1358 2489 1429 2527 corr.
1442 2471 1480 2527 D.

258 2544 303 2597 sic
321 2550 348 2596 et
363 2542 446 2611 insrc.
461 2541 473 2611 11
488 2546 530 2593 cst
548 2560 597 2594 om.
615 2540 647 2595 F.
659 2542 672 2613 ΙΙ
691 2540 716 2595 3.
737 2546 893 2597 democarcs
912 2542 972 2597 EF.
984 2546 998 2613 ΙΙ
1011 2548 1050 2597 ira
1073 2547 1222 2597 lautissimo
1238 2560 1285 2613 pr.
1302 2544 1333 2596 A.
1359 2548 1480 2618 fragran-

256 2617 362 2666 tissimo
381 2612 413 2666 F.
429 2612 442 2681 ΙΙ
460 2612 485 2667 d.
503 2614 606 2681 itaque]
631 2615 713 2682 igitur
735 2612 767 2667 Γ.
784 2614 797 2682 ΙΙ
814 2620 886 2667 sorte
910 2632 959 2667 om.
979 2615 1008 2669 C.
1027 2562 1084 2683 111.
1104 2619 1215 2668 effectus
1238 2615 1270 2669 F.
1287 2614 1302 2685 ΙΙ
1318 2616 1392 2683 reus]
1418 2614 1480 2670 add.

258 2687 384 2751 cpinltem
400 2682 434 2738 F.
446 2684 460 2753 ΙΙ
472 2681 496 2737 7.
516 2688 666 2750 supplicare
685 2682 716 2738 F.
728 2684 742 2754 ΙΙ
754 2690 869 2755 genibus
888 2687 955 2753 suis]
976 2689 1089 2754 pedibus
1109 2688 1177 2755 eius]
1196 2684 1229 2741 Γ.
1242 2686 1293 2756 118.
1312 2692 1405 2754 aperto
1418 2684 1480 2742 Bc.

268 2751 319 2824 1111.
344 2758 493 2820 exprimere
516 2753 545 2808 F.
567 2755 579 2828 ΙΙ
598 2757 769 2807 nihilominus
793 2761 836 2824 qui
855 2757 888 2810 Α.
911 2759 1046 2826 nihiloque
1069 2762 1157 2811 minus
1178 2757 1255 2812 Torr.
1274 2757 1287 2828 ss
1309 2758 1350 2812 10.
1372 2764 1480 2812 demon·

259 2829 372 2879 stratum
386 2839 432 2893 pr.
450 2825 481 2879 A.
497 2826 508 2894 ΙΙ
525 2828 565 2882 11.
585 2829 714 2878 maiorem
732 2825 759 2879 E
765 2825 794 2882 F.
806 2829 819 2896 ΙΙ
836 2829 921 2895 prius]
941 2832 1002 2894 plus
1020 2828 1055 2884 E.
1067 2831 1081 2899 ΙΙ
1099 2834 1197 2882 sortem
1216 2833 1349 2884 occideret
1366 2829 1422 2896 1111
1439 2826 1480 2884 12.

259 2899 393 2962 ephialtes
412 2895 445 2950 Β.
466 2900 608 2962 elphialtes
626 2896 657 2949 F.
669 2897 684 2967 ΙΙ
698 2895 738 2949 13.
757 2901 841 2958 Quem
860 2928 895 2937 -
913 2902 1087 2970 praegrauat]
1114 2903 1304 2969 Syracusanus
1327 2907 1416 2954 autem
1435 2904 1480 2953 diu

257 2965 375 3036 1111010
395 2969 549 3036 seueritate]
570 2972 612 3020 diu
632 2971 776 3020 seueritate
794 2967 825 3020 A.
844 2973 999 3022 diuersitate
1018 2970 1135 3025 13an
1151 2979 1178 3025 et
1194 2971 1242 3024 litt.
1262 2975 1372 3024 ersltate
1389 2972 1418 3024 in
1435 2988 1479 3024 ro·

257 3052 322 3090 sura
340 3037 377 3090 D.
395 3040 463 3089 Dion
482 3041 636 3090 diuersitate
656 3038 733 3090 Torr.
753 3037 765 3109 ΙΙ
784 3042 959 3110 praegraual]
987 3040 1048 3095 add.
1072 3047 1116 3110 qui
1140 3043 1167 3096 Ε
1173 3041 1199 3096 F
1216 3050 1242 3096 et
1258 3058 1327 3097 corr.
1345 3043 1380 3099 A.
1401 3042 1479 3094 Torr.

261 3105 322 3160 Vid.
341 3107 378 3160 od
394 3105 431 3168 ΙΙ.
452 3107 494 3164 10.
515 3115 563 3162 eci.
581 3109 607 3163 2.
622 3105 634 3180 ΙΙ
650 3107 691 3164 14.
710 3112 861 3164 Eraciidem
878 3111 939 3166 Ar.
950 3114 965 3182 ΙΙ
983 3109 1024 3167 ib.
1050 3117 1075 3165 ei
1093 3117 1206 3167 insidias
1227 3114 1293 3169 ΒΓ.
1310 3115 1325 3185 ΙΙ
1341 3117 1479 3167 nectentes

257 3176 352 3232 Dur*
368 3185 394 3231 et
411 3193 480 3233 corr.
498 3178 530 3241 Γ,
552 3179 629 3234 Torr-
1436 3223 1440 3226 -

256 3393 378 3460 Denique
400 3407 435 3444 ne
457 3405 536 3454 quem
561 3391 679 3444 offendat
701 3400 843 3450 uerborum
871 3400 985 3464 positio,
1014 3415 1075 3450 cum
1102 3401 1164 3451 iilos
1192 3403 1327 3469 genitiuos
1351 3404 1479 3469 sequatur

256 3463 365 3517 Athenis
382 3461 529 3532 Ephialtes.
549 3465 629 3528 plane
647 3467 741 3516 eodem
761 3472 851 3521 ordine
871 3471 1021 3536 composuit
1038 3473 1161 3522 Valerius
1179 3473 1229 3529 Vl.
1253 3469 1284 3531 u.
1308 3475 1361 3527 ext.
1383 3470 1395 3524 l
1416 3473 1478 3526 Per-

258 3535 329 3588 ditoe
352 3533 472 3586 lauriae
497 3533 606 3586 Athenis
628 3532 779 3588 adulescens
802 3537 907 3590 Polemo
930 3545 958 3590 at
976 3543 1025 3599 vi.
1048 3539 1079 3601 2,
1099 3545 1152 3594 ext
1174 3541 1356 3596 ESenectntis
1372 3543 1480 3596 sitim

257 3605 385 3674 quaedam
402 3603 542 3674 8911111111
560 3604 678 3658 omnibus
694 3605 820 3675 Dionysii
836 3609 944 3676 tyram
960 3611 1110 3662 1111111111-
1122 3613 1308 3680 eaepetenitu.
1327 3617 1372 3666 ubi
1389 3617 1478 3666 inuitis

256 3679 331 3728 libris
353 3679 491 3743 hucusque
510 3679 652 3746 legebatur
663 3677 836 3746 Syracusanis
853 3677 979 3733 omnibus.
1015 3684 1054 3733 ct.
1068 3685 1147 3733 etiam
1160 3685 1180 3744 1,
1194 3681 1220 3743 1.
1233 3689 1286 3736 ext
1298 3681 1325 3740 o.
1355 3689 1479 3738 ceterum

256 3749 407 3813 Ephialtem
429 3751 542 3799 cundem
560 3750 634 3800 illum
653 3765 717 3802 esse
741 3753 877 3802 existimat
894 3753 1063 3811 Perizonius.
1088 3770 1166 3821 quem
1185 3756 1344 3808 Plutarchus
1363 3772 1478 3809 comme·

255 3821 372 3869 moranit
389 3820 416 3867 in
434 3821 491 3869 uita
509 3821 619 3870 Periclis
638 3836 661 3872 o.
683 3818 723 3875 tu.
761 3821 814 3873 Sed
834 3837 878 3874 res
898 3825 977 3876 uelde
994 3826 1099 3876 incerta
1116 3829 1167 3879 est.

327 3884 353 3940 5.
373 3889 411 3941 Gt.
430 3890 497 3939 Plut.
515 3891 592 3940 Dion.
611 3886 653 3943 511.

325 3957 382 4010 Dio
398 3959 549 4020 seueritate)
572 3963 655 4012 Miror
678 3965 869 4030 grammaticos
893 3966 1090 4028 ineptissimam
1108 3971 1276 4033 scripturam.
1297 3968 1370 4023 Dion
1389 3970 1477 4024 diser·

254 4027 333 4080 fitote
351 4029 460 4097 ecempli
472 4037 651 4097 prospectant.
679 4049 748 4099 quae
771 4049 805 4084 ne
824 4037 950 4086 librorum
971 4038 1076 4102 quidem
1096 4042 1249 4092 testimonio
1268 4047 1476 4105 commendatur,

253 4102 424 4164 pertinaciter
442 4103 596 4162 retinentes,
616 4105 695 4169 idque
708 4107 851 4171 postquam
862 4107 971 4169 Lipsius
990 4111 1226 4163 ‘eucterccodice’
1246 4117 1478 4168 emendauitsene·

252 4170 341 4226 ritate.
363 4186 473 4224 causam
492 4176 659 4238 corruptelae
677 4177 778 4225 detexit
794 4176 950 4238 Turranius,
969 4182 1045 4230 ortae
1057 4184 1136 4247 quod,
1152 4197 1211 4233 cnm
1225 4185 1326 4236 librarii
1344 4188 1478 4238 anemius

251 4240 307 4293 Dio
326 4245 420 4294 eodem
439 4245 519 4294 modo
537 4245 640 4305 atilli,
662 4243 685 4306 l,
705 4249 758 4298 ext.
782 4241 800 4296 3
822 4250 997 4301 aberrassent
1018 4251 1046 4300 in
1070 4249 1131 4308 din,
1155 4255 1183 4304 in
1205 4257 1381 4308 deterioribus
1406 4259 1477 4308 codi-

252 4316 327 4365 cibus
345 4316 416 4365 maIe
435 4317 488 4365 hoe
506 4317 602 4366 coaluit
621 4333 680 4367 cum
700 4319 850 4384 insequenti
868 4335 937 4371 uoce
956 4320 1104 4375 emesae.
1140 4324 1311 4390 scrupulosis
1324 4330 1475 4380 hominibus

249 4401 355 4436 omnem
378 4401 448 4436 nunc
472 4387 589 4437 excutiat
612 4389 808 4440 dubitationem
832 4392 914 4460 longe
939 4396 1190 4455 praestantissimus
1211 4400 1298 4449 codex
1320 4401 1476 4454 Beruensls.

248 4457 399 4508 Seueritate
418 4459 508 4507 autern
526 4458 577 4507 hoc
596 4461 747 4522 exemplum
766 4461 898 4524 superius
915 4477 1118 4532 praegrauassc
1142 4469 1250 4530 dicitur,
1273 4473 1303 4520 ut
1324 4473 1398 4522 recte
1419 4473 1476 4522 ani·

245 4529 387 4578 maduertit
404 4527 537 4585 Veratius,
556 4530 699 4594 quiaillud
717 4533 881 4582 amatorium
902 4536 929 4582 et
946 4537 1066 4586 tenerum
1085 4541 1150 4590 erat.

319 4596 466 4664 Cratippum)
483 4599 524 4648 lta
543 4601 693 4662 appellatur
711 4617 729 4650 a
747 4603 895 4652 Plutarcho
915 4605 944 4668 (1.
968 4621 990 4656 c.
1009 4607 1079 4659 Tim.
1101 4605 1142 4661 li.
1165 4611 1222 4665 Nic.
1243 4605 1297 4678 14.)
1324 4613 1401 4666 Diod.
1420 4613 1475 4666 ste.

243 4666 316 4789 dim,
334 4665 378 4725 31.
397 4663 441 4721 db.
472 4667 569 4720 Athen.
586 4671 633 4732 xi,
652 4687 679 4738 p.
698 4665 751 4722 508
768 4672 800 4731 E.
821 4674 986 4727 Callicrates
1004 4693 1022 4728 a
1041 4681 1165 4734 cornelio
1182 4683 1287 4750 Nepote
1303 4685 1382 4740 Dion.
1401 4680 1428 4750 8,
1450 4681 1475 4740 l.

289 4750 348 4806 sqq.
1471 4797 1476 4802 Α
