3409 5400
298 476 366 546 288
717 474 779 540 nn
800 473 982 541 FIDVCIA
1004 472 1089 545 SVI.

299 638 458 712 didacum,
480 636 542 701 sed
564 646 697 722 uterque
721 646 868 701 nostrum
890 638 1015 703 inuidia
1028 640 1137 725 magis
1154 660 1253 725 quam
1266 642 1410 726 pecunia
1429 640 1521 706 locu·

298 746 412 831 pletior
440 742 509 808 est'.
556 741 636 807 Tam
665 756 870 809 constantem
898 742 1123 809 defensionem
1147 747 1315 831 Scipionis
1343 751 1521 815 uniuersus

297 862 431 917 senatus
455 850 679 935 conprobauit.

385 959 477 1023 Sicut
498 956 578 1021 illud
599 958 740 1032 factem
765 958 863 1044 quod,
887 981 961 1023 cum
984 960 1029 1024 ad
1051 963 1279 1027 necessarium
1301 963 1350 1027 rei
1371 961 1520 1047 publicae

295 1090 392 1131 usum
415 1066 588 1152 pecuniam
612 1086 651 1129 ex
675 1067 802 1129 aerario
825 1068 932 1150 promi
954 1090 1037 1153 opus
1062 1081 1166 1145 essct,
1193 1070 1291 1156 idque
1315 1080 1540 1156 quaestor-eat

296 1174 373 1261 quia
394 1173 447 1237 lex
468 1171 600 1236 obstare
623 1172 796 1246 uideretur,
820 1174 945 1257 aperire
968 1196 1035 1239 non
1055 1176 1221 1249 auderent,
1243 1178 1390 1261 priuatus
1405 1176 1517 1241 claues

296 1280 463 1365 poposcit,
503 1279 731 1364 patefactoque
771 1280 899 1343 aerario
939 1279 1048 1367 legem
1082 1283 1210 1347 utilitati
1247 1283 1363 1347 cedere
1398 1285 1517 1371 coegit.

297 1385 406 1467 Quam
428 1386 559 1474 quidem
583 1386 613 1448 ei
636 1385 789 1449 fiduciam
812 1387 1014 1452 conscientia
1036 1388 1091 1452 illa
1106 1388 1205 1465 dedit
1228 1392 1306 1477 quia
1326 1392 1518 1455 meminerat

296 1515 411 1559 omnes
434 1494 526 1579 leges
550 1515 571 1557 a
593 1515 630 1557 se
654 1515 729 1557 esse
754 1504 916 1558 seruatas.

382 1600 458 1665 Non
480 1599 643 1686 fatigabor
667 1600 814 1667 eiusdem
837 1601 926 1665 facta
946 1601 1125 1667 identidem
1147 1604 1337 1679 referendo,
1360 1604 1552 1690 quoniamto

293 1730 335 1773 ne
356 1706 410 1771 ille
434 1706 567 1792 quidem
589 1708 624 1771 in
647 1708 808 1775 consimili
831 1729 953 1794 genere
976 1711 1102 1774 uirtutis
1124 1710 1252 1774 edendo
1275 1711 1433 1797 fatigatus
1457 1721 1518 1775 est

292 1814 388 1880 Diem
411 1813 457 1878 illi
479 1812 522 1878 ad
545 1814 700 1899 populum
723 1814 767 1878 M.
790 1813 936 1879 Naeuius
963 1830 1003 1880 tr.
1027 1816 1070 1902 pl.
1093 1830 1159 1893 aut,
1181 1830 1216 1881 ut
1238 1818 1372 1905 quidam
1392 1837 1519 1881 memo·

291 1933 375 1995 rant,
399 1920 464 1985 duo
487 1919 594 1983 Petilii
617 1919 774 1985 dixerant.
821 1920 896 2000 Quo
920 1923 1043 2009 ingenti
1070 1924 1251 2010 frequentia
1272 1925 1307 1989 in
1329 1924 1436 1988 forum
1459 1922 1517 1987 dc·

293 2028 409 2094 ductus
432 2038 540 2092 rostra
562 2027 761 2102 conscendit,
786 2029 948 2113 capitique
975 2051 1036 2093 suo
1060 2051 1183 2096 corona
1206 2029 1393 2116 triumphali
1422 2031 1517 2116 inpo-

292 2138 366 2211 sita,
382 2134 462 2200 ‘Hoc
475 2133 560 2220 ego'‚
575 2135 687 2219 inquit,
702 2134 869 2214 ‘Quirites,
886 2134 939 2198 die
951 2135 1189 2223 Karthaginem
1200 2158 1325 2224 magna
1335 2137 1516 2221 spirantem
1525 2158 1551 2205 ta

290 2244 384 2331 leges
407 2251 539 2307 nostras
563 2242 711 2325 accipere
734 2242 827 2305 iussi.
873 2240 1017 2307 Proinde
1048 2265 1190 2329 aequum
1218 2255 1269 2308 est
1295 2266 1358 2308 uos
1385 2263 1517 2319 mecum

290 2351 338 2415 ire
370 2351 405 2415 in
440 2345 635 2432 Capitolium
669 2346 906 2432 supplicatum'.
963 2350 1255 2435 Speciosissimam
1288 2349 1408 2415 deinde
1442 2352 1515 2414 cius

291 2478 407 2523 uocem
429 2475 534 2541 aeque
562 2453 669 2517 clarus
700 2466 836 2517 euentus
865 2466 997 2519 secutus
1020 2468 1085 2532 cst,
1114 2458 1278 2543 siquidem
1304 2468 1336 2520 et
1363 2470 1516 2521 senatum

290 2576 391 2629 totum
414 2575 446 2625 ct
466 2562 655 2625 uniuersum
675 2572 860 2645 equestrem
883 2563 1030 2628 ordinem
1054 2576 1085 2626 et
1107 2577 1259 2629 cunctam
1272 2563 1402 2651 plebem
1423 2560 1515 2625 Iouis

211 2670 213 2673 ’
291 2670 403 2758 optimi
431 2667 563 2736 maximi
592 2666 778 2754 puluinaria
808 2680 923 2754 petens
952 2672 1103 2738 comitem
1128 2669 1252 2738 habuit.
1296 2669 1458 2738 Restabat
1478 2678 1552 2735 utao

294 2847 316 2904 l.
334 2850 423 2918 magis
441 2849 540 2899 inuidia
560 2843 637 2898 Torr.
649 2847 662 2915 ΙΙ
674 2843 699 2900 2.
713 2847 840 2912 scipionis
853 2850 1036 2900 defensionem
1048 2847 1113 2903 DI'.
1124 2849 1138 2917 ΙΙ
1149 2846 1176 2901 4.
1188 2850 1274 2917 Sicut]
1290 2846 1352 2902 odd.
1365 2851 1393 2901 ot
1403 2845 1513 2905 rlerr.

301 2921 400 2990 llillud]
420 2923 446 2970 id
464 2919 499 2972 E.
514 2919 526 2990 ΙΙ
541 2921 576 2970 ad
597 2935 647 2972 om.
665 2917 700 2970 E.
720 2917 733 2990 ΙΙ
753 2918 778 2972 li.
798 2920 902 2970 uidetur
918 2918 952 2974 E.
969 2921 982 2989 Η
999 2918 1025 2973 8.
1043 2923 1117 2989 quia]
1137 2939 1191 2986 qua
1209 2927 1287 2974 Torr.
1304 2918 1360 2990 119.
1379 2920 1422 2986 sc]
1447 2935 1513 2974 sese

292 2991 369 3046 Torr.
384 2991 396 3059 ΙΙ
413 2991 454 3045 10.
473 2993 599 3056 quoniam
617 3018 652 3028 -
671 2991 774 3041 edendo
795 3007 843 3042 om.
858 3006 904 3058 pr.
921 2989 960 3048 Α,
984 2989 1033 3043 aed
1055 2991 1188 3060 suppleuit
1202 3007 1292 3059 moryo
1309 2989 1341 3043 Α
1361 2989 1375 3059 ΙΙ
1398 2990 1439 3043 11.
1460 2995 1512 3043 uir·

288 3069 359 3116 tutes
378 3079 468 3130 morpo
486 3063 517 3116 A.
532 3062 544 3135 ΙΙ
559 3063 681 3112 sudando
699 3060 766 3113 DI'.
784 3063 797 3129 11
816 3058 857 3114 12.
875 3079 911 3112 m.
928 3066 1023 3114 neuius
1047 3061 1079 3115 A.
1103 3081 1138 3117 rn.
1157 3066 1261 3115 menius
1279 3061 1317 3114 D.
1331 3062 1346 3129 ΙΙ
1364 3066 1392 3112 ut
1409 3078 1460 3113 on.
1477 3061 1512 3116 A.

299 3136 313 3204 ΙΙ
327 3131 367 3189 13.
386 3137 475 3201 pecilii
495 3133 524 3188 C.
536 3135 550 3203 ΙΙ
562 3135 607 3195 qui
625 3131 656 3185 Γ.
675 3133 688 3201 ΙΙ
708 3129 749 3186 14.
769 3149 815 3185 rus
835 3137 923 3184 rostra
940 3133 998 3194 (scd
1014 3133 1063 3186 litt.
1082 3150 1128 3185 rus
1144 3134 1250 3202 punctis
1266 3139 1380 3195 notatae)
1397 3131 1456 3198 ΑΙΙ
1469 3130 1512 3188 15.

288 3211 341 3259 lrac
358 3205 386 3258 E
404 3205 463 3270 (sed
480 3205 530 3257 tiu.
549 3223 566 3256 a
584 3204 612 3257 ia
629 3207 747 3268 rasura).
768 3203 846 3256 Torr.
860 3204 873 3271 ll
888 3210 1042 3269 sperantem
1059 3203 1124 3257 ln.
1136 3207 1151 3274 ΙΙ
1165 3202 1205 3259 16.
1222 3205 1459 3272 nostras10onpr.
1475 3202 1511 3258 Β.

288 3281 396 3329 uestras
416 3273 493 3330 Tor-r.
504 3277 517 3346 Η
529 3293 579 3328 nos
600 3272 709 3341 01111.
726 3277 764 3342 in]
785 3278 819 3326 ad
837 3273 874 3326 D.
889 3273 901 3344 ΙΙ
916 3279 973 3328 eius
992 3278 1086 3327 deinde
1105 3275 1184 3329 Torr.
1194 3275 1209 3344 11
1222 3273 1262 3328 18.
1281 3280 1389 3327 secutus
1410 3290 1461 3327 om.
1477 3273 1511 3328 Δ.

300 3349 456 3418 llsiquidem
478 3350 546 3399 iouis
568 3351 624 3412 opt.
649 3363 720 3398 max.
739 3348 893 3412 puluinaria
916 3353 1011 3412 pctens
1035 3351 1062 3398 ct
1085 3351 1208 3399 senatum
1231 3350 1314 3398 totum
1337 3350 1365 3398 et
1388 3350 1512 3399 cunctam

286 3423 394 3485 plebem
412 3421 536 3472 comitem
554 3421 647 3470 habuit
665 3415 779 3488 111120.
801 3420 829 3468 ut
846 3435 883 3471 m.
900 3421 1021 3469 tribunus
1038 3417 1075 3471 D.

287 3584 391 3636 sitionis
409 3579 453 3636 od.
490 3583 592 3634 Eodem
610 3583 689 3633 modo
708 3581 822 3648 loquitur
840 3581 964 3631 Valerius
987 3579 1035 3637 111,
1061 3574 1093 3635 8.
1111 3573 1144 3638 3,
1169 3576 1250 3630 tanao
1268 3573 1382 3630 teacbn't
1399 3575 1511 3644 om

287 3670 343 3707 csse
360 3671 415 3706 rem
430 3651 564 3722 poblicum
582 3658 611 3704 ot
628 3654 678 3706 icoc
696 3649 863 3718 indipoitotis
880 3649 1014 3702 ueniretur
1032 3645 1292 3710 etv111,t.at›s.ta
1309 3647 1360 3700 hoc
1371 3645 1511 3699 &docu-

288 3725 451 3777 occeseitotis
467 3731 497 3776 ot
514 3723 619 3776 abiem
637 3739 666 3775 se
683 3729 736 3775 tom
753 3721 909 3790 suppliciter
926 3750 962 3760 -
980 3726 1124 3787 copercm.

358 3795 432 3847 sicut
449 3794 516 3847 illud
524 3795 642 3862 sociem)
659 3797 698 3847 Cf.
716 3797 775 3846 Liu.
794 3794 944 3852 XXXVIII,
963 3788 1007 3850 55.
1029 3787 1069 3845 1³.
1098 3793 1166 3845 Ptut
1185 3794 1314 3858 apophth.
1332 3793 1350 3844 1.
1368 3807 1392 3843 c.
1410 3785 1437 3843 9.

359 3863 422 3933 quio
439 3865 596 3928 meninerat)
623 3867 789 3930 Receperant
806 3865 952 3915 Torrenius
977 3879 1090 3930 eumque
1109 3866 1193 3913 secuti
1212 3865 1373 3914 recentiores
1392 3862 1510 3912 ectum

288 3938 419 3988 Perizonii
437 3939 615 3989 coniecturam
633 3952 684 4004 quo
702 3935 863 3992 maduerat.
882 3937 1014 3997 quomodo
1027 3937 1135 3998 proprie
1147 3936 1317 3986 scribendum
1329 3934 1415 3984 tuisse
1429 3947 1509 3982 nemo

287 4023 342 4059 non
365 4008 503 4076 intellegit.
548 4010 667 4059 Vidimus
690 4013 782 4058 tamen
808 4007 943 4056 Valerium
967 4007 1077 4068 saepius
1102 4007 1227 4055 diuersas
1257 4006 1378 4054 eiusdem
1402 4006 1510 4053 senten·

288 4081 343 4130 tlae
371 4081 580 4131 constructiones
610 4081 648 4128 ilo
669 4081 812 4130 miscuisse
838 4081 867 4126 ut
891 4081 926 4126 ab
954 4078 1042 4126 altera
1063 4079 1091 4126 in
1115 4077 1228 4126 alteram
1251 4076 1384 4126 monstret
1433 4073 1510 4134 Quod

289 4152 341 4202 hoc
359 4165 465 4216 quoquc
483 4152 541 4200 loco
561 4151 659 4198 lactum
678 4164 741 4199 csso
760 4163 921 4212 persuasum
939 4149 1037 4200 habeo.
1084 4149 1171 4197 Orsus
1195 4148 1266 4197 enim
1289 4148 1324 4196 ab
1342 4146 1395 4194 hac
1414 4145 1509 4200 formo.

289 4220 374 4280 Quom
386 4219 490 4289 quidem
503 4219 528 4271 ei
537 4216 667 4286 fiduciam
685 4218 733 4270 itta
750 4217 911 4270 conscientia
928 4215 1011 4272 dedit,
1031 4232 1119 4267 onem
1135 4216 1205 4283 leyen
1222 4232 1240 4266 o
1256 4232 1286 4267 sc
1303 4231 1359 4267 em
1375 4219 1508 4268 amotos·

287 4295 400 4346 alteram
413 4294 492 4344 huius
505 4292 654 4342 sententiae
672 4294 775 4353 partem
788 4293 828 4340 ita
840 4291 973 4348 formauit,
991 4293 1130 4350 tamquam
1143 4290 1291 4350 incepisset
1309 4286 1393 4344 Qum
1405 4281 1510 4352 quiden

279 4362 410 4434 ,Μηίων
427 4362 526 4424 tabat,
546 4365 573 4412 et
591 4364 617 4412 iu
636 4363 687 4412 hoc
706 4363 792 4414 forma
809 4363 899 4428 pergit
912 4359 975 4427 quio
985 4358 1145 4411 meminerat.
1181 4358 1281 4408 Similis
1293 4359 1375 4425 igitur
1384 4358 1510 4420 prauitas

288 4440 330 4488 est
348 4440 406 4488 eius
425 4453 504 4499 quam
526 4435 707 4483 demonstrant
726 4432 750 4490 1.
775 4428 806 4490 5,
832 4429 849 4483 11
872 4433 900 4481 in
924 4433 1013 4482 uerbis
1036 4427 1168 4481 Adnotatu
1191 4426 1297 4495 dipem
1319 4425 1395 4479 illud.
1408 4441 1511 4494 quoqu

286 4523 368 4566 omen,
387 4503 435 4558 aab
452 4523 502 4574 qao
519 4504 631 4557 Petilius
647 4531 681 4541 -
700 4500 835 4562 occiderit,
854 4502 932 4558 etii.
950 4499 976 4559 ii,
996 4497 1021 4553 4.

356 4577 436 4630 Diem
453 4577 494 4629 1111
511 4574 548 4628 od
559 4573 696 4643 populum)
719 4576 758 4626 Cf.
776 4575 835 4623 Liu.
854 4574 1007 4630 XXXVIII,
1026 4567 1069 4624 51.
1093 4573 1161 4624 Prot
1180 4572 1307 4636 opophlh.
1324 4570 1343 4624 1.
1362 4585 1386 4622 c.
1408 4567 1450 4623 10.
1476 4567 1510 4624 A.

287 4653 354 4706 eeu
373 4650 429 4708 1111.
451 4648 491 4709 18,
510 4645 537 4701 3.
555 4651 623 4713 App.
642 4647 705 4713 Syr.
723 4642 766 4697 40.
781 4646 861 4706 Auci.
880 4647 914 4694 do
931 4646 979 4695 uir.
997 4645 1035 4692 ill.
1053 4637 1096 4693 49.

356 4719 395 4782 Μ.
413 4719 531 4778 Naeuia
548 4747 583 4760 -
601 4715 652 4772 doc
670 4715 771 4772 Petilii·
794 4715 834 4770 Cf.
852 4716 911 4769 Liu.
929 4714 1078 4777 XXXVIII,
1095 4708 1139 4776 56,
1157 4710 1185 4769 2.
