3409 5400
1397 493 1439 583 ct

209 661 394 746 conamina
417 667 504 740 rust,
534 670 569 729 ut
590 665 770 741 Postumus,
802 665 965 750 Ayrtppc,
988 669 1161 748 Ρνοαιῐιω,
1191 673 1322 751 Caesar,
1354 699 1439 762 quae

209 789 294 834 sane
318 771 438 857 optime
461 773 496 836 in
519 771 630 837 Flacci
654 785 793 838 aetatem
818 774 948 850 cadunt,
977 797 1050 842 cum
1075 779 1130 866 qui
1154 781 1278 866 primus
1302 781 1355 847 his
1379 805 1460 849 no·-

206 879 335 946 miuum
363 879 521 966 exemplis
549 903 630 945 usus
661 882 704 944 sit
734 881 775 944 de
808 882 891 946 Gaio
922 893 953 945 et
981 883 1082 949 Lucio
1116 885 1315 953 Caesaribus
1340 901 1371 953 et
1392 890 1439 956 M.

207 986 362 1072 Agrippa
392 985 561 1062 Postumo,
593 985 638 1052 M.
662 987 816 1075 Vipsanii
846 989 1015 1078 Agrippae
1049 991 1135 1068 filiis,
1167 1006 1197 1057 et
1229 995 1269 1058 de
1299 995 1438 1062 Proculo

207 1094 355 1180 Augusti
376 1093 491 1158 liberto
516 1096 622 1172 (Suet.
648 1095 763 1162 Octau.
789 1097 845 1177 67)
876 1099 1044 1185 cogitasse
1071 1099 1230 1177 uideatur,
1261 1104 1437 1190 quomodo,

207 1201 298 1276 dico,
323 1201 392 1264 lieri
416 1205 555 1286 potuerit
579 1215 611 1266 ut
634 1202 717 1268 baec
741 1205 948 1290 potissimum
977 1205 1125 1292 exempla
1150 1207 1249 1296 longe
1273 1211 1438 1275 inferioris

206 1309 330 1372 aetatis
361 1309 501 1394 scriptor
530 1312 654 1374 citaret.
707 1309 834 1375 Asciuit
868 1333 1011 1399 namque
1046 1334 1087 1376 ea
1117 1334 1157 1377 ex
1190 1319 1372 1404 antiquiore
1408 1327 1440 1380 et

206 1419 354 1482 tortasse
378 1437 395 1479 e
419 1413 545 1481 Valerii
568 1416 679 1482 Flacci
703 1418 846 1506 quodam
870 1441 979 1504 opere.
1031 1419 1146 1506 Neque
1169 1422 1203 1485 id
1226 1425 1272 1488 ita
1294 1425 1439 1489 inconsi-

207 1525 365 1589 deranter
380 1533 411 1586 et
428 1522 545 1588 stolide
561 1525 647 1600 fecit,
672 1525 833 1612 siquidem
856 1525 973 1592 eadem
988 1529 1189 1614 cognomina
1204 1531 1438 1615 posterioribus
1464 1544 1467 1549 ⁴

207 1633 310 1697 etiam
333 1629 534 1716 temporibus
558 1653 621 1696 usu
644 1644 776 1718 recepta
792 1643 894 1697 erant.
940 1632 977 1697 ln
997 1635 1092 1698 tastis
1109 1637 1195 1699 enim
1212 1637 1439 1702 consularibus

207 1763 240 1806 a.
272 1761 306 1802 u.
339 1737 403 1805 935
436 1747 522 1802 extat
542 1738 675 1804 Marcus
699 1721 833 1826 quidam
860 1739 1023 1826 Egnatius
1048 1740 1224 1808 Postumus
1250 1743 1327 1809 Oos.
1351 1745 1439 1818 suff..

207 1869 298 1912 auno
324 1857 431 1910 autem
458 1847 543 1912 1092
566 1845 604 1910 L.
623 1846 766 1912 Aradios
782 1845 937 1912 Valerius
953 1845 1124 1914 Proculus.
1172 1850 1340 1939 Agrippae
1363 1860 1439 1938 post

208 1953 255 2017 M.
280 1953 432 2018 Asinium
456 1953 501 2017 M.
525 1955 548 2018 f.
573 1953 771 2040 Agrippam,
799 1977 869 2018 cos.
894 1975 970 2018 ann.
1001 1956 1083 2031 777,
1113 1959 1148 2020 in
1179 1959 1275 2024 fastis
1306 1959 1438 2046 quidem

207 2085 276 2128 non
299 2063 508 2127 inueniuntur
532 2061 591 2124 sed
607 2062 794 2148 frequenter
810 2063 844 2126 in
860 2063 1127 2148 inscriptionibus
1144 2067 1357 2130 recentiorem
1382 2087 1438 2130 ae·

207 2181 307 2234 tatem
332 2168 556 2256 prodentibus.
615 2168 663 2232 cf.
701 2167 821 2232 Murat.
852 2191 885 2254 p.
919 2171 1022 2244 1077,
1056 2171 1085 2234 1.
1124 2172 1227 2244 1544,
1252 2172 1304 2236 12.
1341 2171 1438 2241 1t18,

205 2275 238 2342 2.
264 2287 339 2340 cett.
385 2277 494 2362 Atque
518 2276 616 2340 etiam
641 2275 797 2340 Caesaris
822 2297 957 2349 nomen,
987 2278 1140 2362 quamuis
1169 2289 1246 2361 post
1272 2276 1439 2341 Neronem

206 2387 275 2449 iam
307 2405 373 2449 non
404 2384 562 2449 familiam
593 2382 763 2447 denotaret
794 2383 854 2446 sed
886 2405 997 2446 merus
1031 2381 1299 2447 honorificentiae
1327 2381 1438 2447 titulus

206 2491 374 2564 euaderet,
399 2511 495 2578 quem
519 2491 596 2557 inde
621 2490 662 2555 ab
686 2489 856 2554 Hadriano
880 2490 1046 2576 designati
1062 2490 1233 2578 Augustae
1255 2490 1439 2553 maiestatis

205 2597 349 2662 heredes
374 2597 572 2672 obtinebant,
597 2617 729 2683 semper
744 2597 953 2684 cognominis
970 2598 1074 2660 instar
1088 2595 1245 2660 habuisse
1262 2597 1438 2660 manifesto

206 2706 309 2791 liquet
332 2727 350 2769 e
374 2706 512 2780 ratione,
537 2704 665 2792 quade
690 2726 733 2768 ea
761 2704 979 2791 appellatione
1009 2705 1200 2767 inferiorum
1231 2702 1439 2769 saeculorum

206 2814 386 2897 scriptores
410 2811 508 2876 locuti
532 2822 617 2876 sunt.
665 2811 714 2875 of.
740 2810 825 2874 Aelii
856 2798 1026 2896 S'partiani
1052 2813 1109 2875 uit.
1139 2812 1218 2896 imp.
1242 2808 1324 2875 Veri
1353 2833 1381 2874 c.
1405 2812 1437 2885 2,

204 2920 272 2993 ubi,
296 2928 473 3005 postquam
496 2918 535 2983 L.
561 2918 728 2983 Aurelium
753 2916 878 2981 Verum
903 2918 1082 2983 Gaesarem
1113 2918 1233 2982 dictum
1265 2938 1342 2982 esse
1372 2929 1437 2982 tra·

205 3026 304 3099 didit,
334 3048 402 3089 non
432 3025 603 3089 absonum.
617 3036 708 3111 putat
736 3026 899 3112 inquirere
924 3024 965 3088 tle
988 3026 1094 3110 prima
1117 3025 1187 3088 eius
1209 3024 1438 3110 appellationis

205 3134 336 3219 origine
359 3130 535 3219 relatisque
552 3132 772 3218 compluribus
794 3131 1113 3218 interpretationibus
1137 3132 1184 3196 ita
1198 3134 1316 3219 pergit,
1341 3130 1437 3206 terte,

205 3258 416 3323 quoecumque
436 3240 493 3303 sca
505 3238 594 3322 setis
604 3241 776 3302 accersatur
789 3238 869 3321 ficit,
892 3238 1053 3301 sadotem
1072 3240 1192 3303 ctcmm
1209 3244 1239 3301 et
1254 3239 1439 3303 Moturum

205 3366 279 3411 cum
303 3346 482 3411 aeternitate
503 3346 610 3409 mundi
629 3365 738 3409 nonen
761 3345 913 3429 effloruit,
937 3346 989 3407 tic
1011 3365 1093 3427 erpo,
1116 3347 1155 3409 tte
1175 3366 1236 3428 quc
1259 3366 1361 3410 sorno
1381 3353 1437 3421 eet,

201 3446 345 3536 pinsum
368 3453 405 3517 1..
428 3454 579 3517 Aurelius
608 3452 708 3515 Verus
730 3459 777 3516 est
799 3454 911 3526 dictus,
939 3452 995 3514 aed
1014 3452 1054 3514 ob
1076 3452 1241 3516 Hadriano
1263 3455 1383 3516 ascitus
1404 3454 1440 3516 ta

205 3562 372 3625 Aeliorum
385 3560 548 3644 somtttom
570 3565 600 3621 et
621 3560 794 3641 appellatus
817 3566 865 3623 est
888 3558 1014 3621 Cacsar.
1068 3558 1195 3626 Eodem
1225 3558 1324 3623 modo
1347 3557 1437 3623 nullo

207 3667 400 3731 discrimine
423 3668 510 3731 sacto
534 3666 617 3729 inter
639 3667 784 3751 priorum
809 3677 840 3729 et
862 3666 1104 3750 insequentium
1128 3664 1310 3731 Caesarum
1326 3666 1438 3753 appel·

207 3774 366 3839 lationem
388 3772 452 3838 Dio
477 3773 615 3837 Cassius
644 3771 767 3851 (XLVt
794 3796 826 3858 p.
850 3770 916 3837 484
940 3770 1061 3852 Reim.)
1085 3768 1189 3835 πᾶσιν
1218 3774 1339 3860 inqiut,
1370 3776 1439 3849 τοῖς

209 3877 247 3943 ro
271 3878 339 3943 τῶν
357 3874 540 3964 Ῥωμαίων
562 3872 680 3965 κράτος
703 3872 937 3963 λαμβάνουσιν
961 3870 980 3953 ἡ
1004 3873 1206 3963 προςηγορία
1223 3884 1438 3968 (cognomen)

208 3980 295 4067 siim
321 3985 530 4065 ἐκνενίκηκεν.
583 3987 633 4051 Gf.
661 3996 832 4072 praeterea
853 3984 945 4071 leii
968 3985 1102 4051 Traiani
1125 3987 1235 4061 uitam,
1260 4009 1346 4074 quac
1360 3989 1437 4054 Sex.

208 4096 345 4161 Aurelio
368 4092 495 4159 Victori
518 4095 636 4160 tributa
659 4106 709 4159 est
733 4096 801 4176 (uit.
815 4092 951 4157 Cacsar.
974 4093 1039 4172 13),
1064 4090 1174 4156 abtim
1196 4094 1302 4158 diuisa
1312 4098 1440 4159 aomina

209 4206 382 4269 &emaum
404 4209 493 4285 atquc
515 4202 653 4285 napata·
676 4202 894 4283 inductumque
915 4201 950 4263 tn
971 4198 1207 4280 rempublicam
1228 4203 1276 4264 cti
1299 4204 1359 4266 ctae
1378 4205 1437 4265 ‘seu

203 4314 317 4395 plures
339 4310 510 4373 &tantbs
532 4314 784 4392 copncmeato
807 4326 844 4370 oc
863 4310 1016 4389 potestate
1037 4304 1161 4387 dispas·
1183 4308 1256 4370 stat.

300 4416 396 4498 Quae
420 4436 493 4481 cum
516 4416 563 4480 ita
586 4432 623 4479 se
644 4414 804 4489 babeant,
835 4415 891 4477 uix
914 4434 998 4500 opus
1027 4412 1087 4476 erit
1108 4411 1256 4498 pluribus
1287 4413 1438 4476 euincere

208 4523 364 4591 Verrium
381 4522 535 4589 Flaccum
558 4544 626 4587 uon
650 4542 724 4587 esse
747 4520 844 4586 huius
869 4521 978 4607 operis
1001 4529 1182 4595 auctorem3
1205 4540 1306 4584 unum
1328 4530 1440 4583 tamen

208 4634 352 4699 breuiter
376 4628 533 4705 adiciam,
566 4628 737 4695 aduersari
762 4627 972 4693 Grotetendio
1002 4624 1180 4691 notabilem
1203 4646 1333 4713 quoque
1355 4626 1439 4690 inter

208 4737 376 4805 Ver-tiana
399 4734 535 4802 ethaeo
559 4748 675 4809 nostra
696 4737 884 4825 fragmenta
915 4736 949 4799 in
972 4730 1170 4820 quibusdam
1191 4730 1290 4901 r5ebus
1314 4731 1439 4801 discre-
