3409 5400
279 979 309 1045 1.

320 498 385 569 ere
563 498 622 567 ue
644 494 937 565 uenturam
959 498 1017 564 nr
1039 497 1301 583 carneuna.

218 700 221 707 ·
319 670 431 735 statur,
455 681 593 748 cumque
616 660 747 725 nescias
771 682 871 747 quam
893 663 1035 726 maxime
1058 662 1191 748 probes,
1220 662 1290 725 eius
1314 670 1423 725 tamen
1450 680 1538 723 eoni-

320 768 484 833 mendatio
507 787 717 853 praecurrere
741 766 880 842 uidetur,
904 770 956 833 eui
979 790 1100 834 nomeu
1123 790 1163 833 ex
1184 771 1259 855 ipso
1283 768 1416 833 numine
1440 786 1538 852 quae·

319 876 417 939 situm
440 886 499 939 est.
1358 882 1365 891 ·

408 982 492 1047 Ante
517 984 628 1047 omnia
659 993 766 1047 atatem
794 981 1037 1048 humanissima
1064 994 1096 1047 ct
1123 982 1380 1049 clementissima
1406 991 1538 1047 senatus

319 1101 393 1154 aeta
414 1090 567 1153 referam.
613 1088 688 1169 Qui,
717 1110 790 1153 eum
820 1087 1146 1176 Karthaginiensium
1181 1090 1281 1178 legati
1316 1090 1358 1153 ad
1391 1090 1560 1173 captiuoss

319 1196 529 1263 redimendos
553 1197 587 1259 in
611 1196 722 1261 urbem
746 1198 924 1271 uenissent,
947 1198 1096 1281 protinus
1119 1197 1173 1261 his
1202 1196 1293 1262 nulla
1318 1197 1458 1281 pecunia
1486 1216 1536 1259 ac·

321 1314 416 1391 cepta
438 1302 579 1367 reddidit
591 1304 739 1381 iuuenes,
752 1324 935 1393 numerum
959 1304 1059 1368 duum
1075 1304 1200 1369 milium
1216 1314 1248 1367 ct
1262 1305 1538 1391 septingentorum

325 1498 346 1553 Ι.
364 1501 482 1552 nesciam
502 1498 538 1553 D.
549 1497 563 1566 ΙΙ
575 1502 684 1565 probem
705 1499 740 1554 D.
753 1498 766 1567 ΙΙ
782 1497 808 1555 2.
827 1516 984 1565 procurrere
1002 1497 1032 1551 0.
1048 1500 1061 1567 ΙΙ
1075 1498 1103 1552 4.
1121 1502 1183 1552 acta
1201 1502 1312 1552 senatus
1331 1496 1359 1552 F.
1377 1497 1390 1565 il
1406 1495 1435 1552 5.
1451 1500 1538 1549 lrarts·

321 1572 480 1642 giuterrsiurn
495 1568 527 1623 A.
539 1570 552 1639 ΙΙ
564 1570 589 1624 7.
605 1572 754 1639 numerum]
764 1577 828 1639 poet
842 1573 942 1623 milium
952 1568 989 1625 D.
1001 1586 1113 1625 umuere
1124 1570 1188 1627 EF.
1201 1572 1337 1641 lituorum
1346 1568 1379 1624 E.
1392 1570 1406 1643 ss
1417 1566 1538 1622 etaml'.

322 1752 411 1803 etterrl
429 1752 528 1801 solere.
563 1750 657 1813 ltaque
675 1764 709 1801 ne
728 1751 781 1802 iliis
800 1753 904 1817 quidem
924 1754 1055 1816 exemplis
1074 1754 1100 1806 h.
1120 1755 1138 1804 Ι.
1156 1754 1228 1811 setar,
1253 1750 1407 1816 compositis
1424 1752 1453 1802 ia
1471 1765 1539 1799 conr·

324 1823 453 1872 monterio
477 1824 567 1871 nostro
593 1824 627 1871 ad
652 1823 690 1881 V,
708 1818 738 1879 ⁸2,
760 1819 789 1880 1.
814 1826 910 1890 quibus
929 1826 1053 1874 Valerius
1074 1826 1110 1873 ad
1134 1827 1234 1874 statum
1258 1824 1436 1874 denotandum
1454 1822 1540 1870 cendi·

325 1895 494 1955 cionemque.
520 1894 649 1957 qusquis
669 1896 804 1952 uersatur,
828 1896 977 1959 simplicem
1001 1897 1148 1945 abistiuum
1169 1896 1315 1945 insolenter
1334 1894 1423 1958 posuit
1440 1893 1542 1942 emises

325 1965 539 2027 praepositione.
558 1964 620 2029 quia
638 1966 664 2013 in
683 1966 726 2014 his
746 1980 850 2031 quoque
868 1966 1027 2017 adiecttuurn
1046 1968 1150 2017 aceedit
1169 1966 1197 2017 et
1221 1969 1307 2017 emitis
1325 1967 1467 2014 denotatur
1484 1978 1541 2027 per·

326 2048 410 2084 sonae
430 2035 527 2085 actioni
546 2036 692 2095 subiectae,
712 2040 780 2102 quod
800 2039 829 2086 flt
841 2040 921 2087 etiam
935 2038 1004 2097 vul,
1019 2032 1060 2096 1³,
1079 2042 1132 2090 est.
1149 2033 1171 2095 Ι,
1190 2038 1235 2086 ubi
1247 2037 1402 2086 insolentius
1415 2036 1541 2098 scriptum

326 2108 368 2154 est
384 2103 451 2155 sitiit
468 2104 570 2157 omnine
583 2121 614 2157 ea
625 2105 667 2157 dis
678 2105 811 2175 operibus.
831 2122 897 2176 qaae
909 2105 1061 2159 adulescens
1070 2108 1199 2160 mtisere
1210 2105 1376 2159 adsueuerat.
1395 2121 1446 2174 qao
1459 2103 1542 2155 ssisss

323 2180 452 2228 senectute
476 2182 577 2243 aperet.
605 2177 700 2231 enuit.
737 2182 776 2230 ct.
800 2180 891 2231 illude.
914 2196 1028 2248 gramm.
1052 2182 1078 2245 s.
1096 2176 1158 2233 titt.
1181 2196 1208 2233 n.
1229 2177 1257 2231 2.
1281 2196 1308 2243 p.
1329 2173 1391 2230 248.
1427 2180 1542 2237 Quorum

326 2252 447 2299 uetrtrum
466 2250 492 2299 iu
512 2250 562 2299 boc
581 2250 731 2315 exemplum
751 2252 829 2301 eadit.
870 2252 965 2301 Restat
986 2252 1014 2301 nt
1033 2254 1125 2301 contra
1142 2253 1277 2315 receptam
1296 2249 1414 2301 ueterum
1433 2262 1543 2298 consue·

324 2320 440 2371 tudinem
464 2322 568 2371 sextum
595 2337 687 2371 eastun
711 2324 827 2386 positum
849 2324 999 2373 statuamus
1021 2324 1049 2372 in
1067 2324 1242 2374 describendo
1263 2324 1382 2386 tempore
1399 2320 1543 2373 indefinito.

293 2432 295 2437 .
324 2393 546 2459 quemadmodum
565 2393 723 2458 aliquotiens
742 2397 826 2443 uerba
844 2391 924 2448 delta.
945 2408 1014 2461 paee
1037 2396 1065 2444 et
1082 2396 1137 2444 alia
1154 2394 1282 2444 nonnulis
1304 2393 1464 2442 adhibentur
1486 2391 1543 2440 sine

324 2465 532 2529 praepositione.
552 2466 595 2515 irbi
615 2479 664 2515 nos
684 2466 795 2515 dicimus
814 2466 839 2515 in
858 2467 963 2533 kriegs·
980 2465 1008 2515 in
1026 2466 1238 2516 triedenszeiten.
1273 2463 1311 2515 Ct.
1331 2465 1384 2515 Cic.
1396 2464 1430 2512 de
1449 2462 1493 2511 ott.
1511 2460 1543 2517 ll.

325 2530 351 2589 5.
373 2530 413 2585 tu.
438 2536 495 2589 inu.
515 2534 582 2593 vni,
601 2528 645 2587 35.
674 2534 717 2585 Sic
738 2536 860 2586 Valerius
882 2534 941 2593 vu,
960 2530 991 2593 ³,
1015 2540 1068 2588 ext.
1088 2533 1105 2587 6
1123 2534 1238 2587 corns'ts's's
1260 2536 1332 2584 nrrllo
1356 2533 1480 2598 apposito
1499 2532 1543 2580 sd·

325 2606 421 2655 ieetiuo
440 2606 547 2668 scripsit
564 2622 613 2668 pro
631 2604 660 2655 ἑκ
678 2605 800 2659 comitiis.
845 2608 904 2657 Non
923 2609 1053 2657 mitiorem
1071 2609 1245 2658 offensionem
1264 2608 1347 2657 habet
1364 2603 1544 2668 occupationis

327 2676 499 2730 irecabulum,
524 2678 592 2741 quud
615 2680 649 2728 nb
668 2678 799 2729 Ascensio
817 2679 883 2729 urire
907 2693 956 2742 per
969 2677 1166 2752 praecentione¹
1185 2675 1353 2748 oppressione
1375 2676 1544 2741 explicatum.

327 2749 480 2811 suspectum
506 2749 563 2798 erat
586 2751 704 2813 (inpete,
733 2751 883 2800 tacentibus
908 2752 1004 2800 ceteris
1028 2752 1227 2802 enarratoribus
1251 2753 1359 2814 praeter
1380 2748 1545 2798 Turranium.

327 2818 363 2874 is.
383 2818 458 2878 ‘Quid
478 2819 522 2872 ui’.
541 2819 632 2883 inquit.
652 2820 830 2887 ‘compatione
846 2822 1036 2889 intellegamus
1055 2821 1083 2872 s‘s
1099 2817 1234 2889 cepatiis?
1256 2822 1389 2872 humanus
1411 2820 1482 2870 enlm
1504 2820 1546 2867 est

328 2889 373 2950 «qui
390 2903 452 2938 eum
470 2889 609 2940 caritatem
627 2892 653 2942 in
672 2893 744 2941 omni
760 2892 869 2959 negotio
886 2894 964 2942 alteri
982 2889 1110 2957 praestat.
1131 2909 1211 2960 quam
1232 2895 1313 2943 bomo
1330 2892 1432 2942 homini
1449 2889 1545 2940 debet'.

329 2957 363 3010 st
381 2959 491 3010 denotat
508 2971 576 3011 sane
595 2963 734 3026 oecrtpatlo
753 2965 872 3012 habitum
891 2965 972 3013 animi
989 2966 1159 3032 grauioribus
1171 2966 1242 3016 euris
1260 2968 1287 3014 et
1304 2964 1419 3032 negotiis
1436 2961 1546 3011 districti

330 3030 543 3096 atqucnoutcui.
580 3033 619 3084 Ci.
638 3035 716 3084 Caes.
737 3037 762 3085 b.
781 3050 803 3084 c.
823 3035 869 3092 ill,
887 3031 931 3093 22.
950 3031 977 3093 4,
996 3049 1148 3102 scamarum
1165 3033 1244 3086 s'ss'ts‘a
1260 3049 1361 3091 renat.
1383 3045 1450 3100 qm
1472 3045 1546 3082 (Μ’

327 3099 435 3172 pats'otte
451 3099 650 3167 accurrentes
668 3108 694 3154 et
710 3109 852 3172 temporum
868 3104 1009 3156 sollicitam
1026 3104 1132 3158 ltaliam
1148 3103 1286 3159 trabebant.
1321 3105 1380 3156 Liu.
1398 3105 1439 3161 X.
1458 3098 1503 3160 45.
1520 3097 1546 3152 3.

329 3176 390 3233 Qua
407 3173 514 3224 notione
532 3175 556 3223 si
573 3188 659 3240 neque
684 3190 777 3228 omncs
799 3178 974 3228 humanitatis
991 3181 1172 3242 praestandae
1194 3179 1353 3228 occasiones
1374 3175 1546 3239 eomprehen-

330 3247 427 3296 dunlur
443 3258 530 3306 neque
549 3247 690 3298 discrimen
708 3248 775 3299 inter
793 3249 961 3299 elementiam
980 3251 1008 3299 et
1025 3251 1216 3301 humanitatem
1236 3250 1305 3300 satis
1322 3252 1449 3298 accurate
1465 3261 1546 3309 expe·

330 3318 408 3374 nitur.
427 3316 488 3366 uide
505 3331 540 3368 na
558 3331 593 3368 ea
611 3319 690 3383 culpa
708 3334 760 3370 non
779 3321 833 3370 tnm
854 3321 969 3370 librariis
993 3337 1073 3386 quam
1093 3323 1199 3372 Valerio
1222 3321 1363 3372 tribuenda
1380 3320 1430 3375 sit,
1452 3318 1498 3380 qui
1520 3317 1546 3364 in

325 3389 422 3458 primis
446 3389 472 3438 iu
496 3389 539 3438 bis
563 3391 679 3454 capitum
701 3393 845 3454 prooemiis
869 3393 974 3441 leuibus
1000 3393 1132 3442 eiusmodi
1159 3392 1371 3442 distinctionibus
1399 3390 1547 3440 detectam

329 3463 381 3518 cst.
398 3473 485 3524 neque
504 3461 610 3510 omnino
628 3463 654 3510 in
673 3464 847 3523 sequentibus
866 3463 996 3526 exemptis
1011 3464 1159 3514 clementes
1171 3466 1247 3514 setus
1265 3465 1301 3514 sb
1313 3462 1438 3512 humanis
1450 3460 1548 3509 disere·

330 3533 374 3584 uit.
413 3531 539 3580 idendurn
559 3533 583 3580 si
601 3537 685 3588 esset.
704 3535 827 3595 equidem
846 3537 918 3585 ceste
936 3549 986 3583 nec
1009 3549 1120 3585 caracam
1140 3535 1221 3585 ullam
1240 3534 1421 3600 perspicerem
1439 3546 1491 3582 nec
1509 3544 1548 3580 rc·

328 3603 444 3654 medium
462 3603 589 3653 lrabercm
608 3605 783 3667 corruptelae.

400 3669 444 3723 eas'
460 3687 552 3724 sesses
570 3689 601 3724 ea
618 3673 677 3741 ipsc
693 3673 807 3731 umiae)
834 3675 924 3726 Facile
942 3678 1057 3740 apparet
1074 3693 1134 3728 earn
1156 3679 1293 3735 uirtutem.
1318 3676 1394 3726 errius
1416 3688 1549 3725 cemmen-

329 3745 401 3794 dailo
419 3757 593 3806 praecurrere
613 3747 713 3803 dicitur,
733 3747 920 3797 liberalitatem
936 3761 1009 3806 esse,
1028 3750 1062 3798 de
1080 3765 1134 3815 qua
1152 3749 1321 3814 praecedenti
1338 3749 1427 3811 capite
1445 3749 1549 3814 egeret.

329 3815 424 3878 cuique
441 3815 577 3880 umquam
597 3818 707 3866 comites
726 3819 905 3886 adiunguntur
922 3833 991 3868 nuuc
1010 3820 1162 3870 humanitas
1180 3825 1207 3872 et
1218 3821 1368 3878 clementia.
1387 3823 1467 3880 atque
1480 3819 1549 3866 adeo

329 3895 436 3938 numen.
455 3899 473 3932 a
490 3899 543 3946 quo
561 3885 608 3934 illa
626 3887 832 3950 appellationem
850 3891 973 3946 traxerit,
999 3891 1088 3941 liberi
1105 3893 1190 3956 patris
1209 3891 1364 3960 significari.
1407 3894 1496 3952 Quam
1515 3889 1550 3937 ob

328 3967 439 4003 cauum
457 3957 528 4032 male
541 3955 692 4006 Glareanus
711 3959 870 4018 nicoterae,
890 3963 924 4010 de
936 3962 1101 4013 humanitate
1114 3963 1249 4014 Valerium
1262 3963 1400 4031 cogitasse
1418 3960 1549 4014 arbitratu,

327 4038 376 4087 pre
393 4037 498 4074 asmsae
515 4027 569 4092 legi
587 4027 724 4078 iusserunt
739 4027 849 4080 tamine.
885 4031 939 4082 Sed
958 4033 1041 4083 mittio
1056 4035 1209 4097 perissemus
1223 4035 1343 4099 Kappins
1361 4035 1397 4082 de
1408 4033 1551 4083 clementis

327 4095 529 4158 interpretatus,
559 4111 619 4147 osm
642 4113 738 4150 nornen
762 4101 946 4152 aelementis
968 4105 1020 4154 dea
1046 4107 1188 4169 accepisse
1216 4107 1325 4172 reliquis
1350 4105 1551 4155 enarratoribns

327 4167 471 4230 persuasit.
512 4167 609 4218 lt'aicer
631 4185 666 4220 ne
689 4170 762 4220 illam
785 4173 890 4236 quidem
914 4174 1081 4226 liberalitatis
1105 4177 1297 4228 deriuatloncm
1321 4192 1339 4225 a
1356 4177 1456 4226 Libero
1472 4178 1550 4239 patre

329 4237 522 4302 lepidissimam
540 4251 618 4296 asse,
638 4241 759 4304 quamuis
784 4242 849 4292 nillil
871 4244 999 4307 impediet
1021 4249 1161 4313 quominus
1187 4249 1285 4299 Valerii
1306 4261 1369 4299 carn
1392 4249 1549 4298 credamust

329 4311 380 4360 lioc
398 4309 551 4370 neutiquam
565 4311 649 4372 potuit
660 4313 840 4375 pronuntiare.
860 4315 1017 4368 elementiae
1027 4333 1125 4368 nomen
1138 4333 1156 4368 a
1174 4321 1226 4370 don
1238 4319 1384 4368 Clementis
1400 4318 1551 4382 quaesitum

330 4395 403 4432 esse.
440 4381 640 4442 Nequedum,
660 4385 788 4447 utsupra
812 4387 975 4445 monuimus,
999 4389 1078 4439 malus
1096 4391 1292 4440 commendatio
1315 4389 1476 4453 praecurrit,
1501 4387 1551 4436 scd

331 4451 506 4504 liberalitatis.
547 4453 646 4504 Verum
670 4453 721 4503 ism
746 4456 842 4506 dudum
867 4460 1169 4525 trctercsinterpretes,
1192 4463 1359 4511 Omnibonus
1382 4460 1552 4511 tmatcenns

332 4524 474 4582 oliuerins,
493 4523 649 4582 decentius.
668 4526 712 4574 alii
731 4531 933 4592 perspexerant.

404 4591 429 4645 t.
447 4590 525 4646 duam
542 4593 640 4648 mitium
659 4600 685 4647 et
700 4596 919 4666 septiaqeetsrcss
936 4599 1113 4668 quadrantur
1131 4601 1221 4665 mssa)
1238 4605 1315 4656 ilunc
1330 4617 1469 4654 numerum
1480 4602 1553 4652 unde

333 4665 455 4714 bauserit
468 4665 577 4717 Valeius
596 4669 696 4718 nescio.
733 4670 826 4733 Neque
845 4673 936 4721 musca
957 4674 1048 4723 dubito
1066 4676 1128 4739 quin
1148 4678 1182 4726 de
1201 4677 1315 4741 captiuis
1333 4675 1445 4726 secundi
1460 4672 1554 4722 Punici

333 4734 398 4784 belli
414 4734 467 4786 tine
485 4736 587 4788 Pectus
606 4740 664 4791 aine
682 4743 767 4806 pretio
785 4743 895 4792 redditis
918 4744 1089 4808 cogitauerit,
1112 4748 1147 4797 da
1171 4748 1268 4814 quibus
1285 4748 1379 4798 idaim
1397 4744 1492 4804 XXX,
1518 4738 1554 4795 u
