3409 5400
270 522 335 591 318
676 518 735 584 ΒΕ
757 517 1091 588 MODERATIONE.

269 684 380 750 scriba
403 704 442 747 ex
465 680 603 767 publicis
626 681 745 747 tabulis
769 680 928 747 sollemne
952 682 984 745 ei
1004 682 1204 767 precationis
1238 700 1374 747 cumen
1400 702 1496 767 prae·

269 792 339 866 iret,
364 812 428 877 quo
453 789 498 853 dii
520 788 720 853 immortales
744 799 779 853 ut
801 788 914 876 populi
935 789 1080 853 Romani
1101 810 1156 853 res
1179 786 1334 854 meliores
1358 786 1496 874 amplio-

268 919 388 984 resque
419 899 564 962 fucerent
591 895 807 984 rogabantur,
837 894 966 971 ‘Satis',
995 896 1116 981 inquit,
1150 896 1267 961 ‘bonae
1297 908 1329 961 et
1349 918 1495 985 magnae

268 1006 489 1091 suauiterque
512 1025 630 1090 precor
653 1014 687 1067 ut
710 1026 768 1067 cas
791 1012 948 1088 perpetuo
971 1001 1152 1068 incolomes
1176 1003 1329 1081 seruent',
1356 1026 1398 1069 ac
1419 1026 1496 1091 pro-

268 1112 355 1177 tinus
378 1112 413 1177 in
435 1111 575 1197 publicis
592 1110 711 1177 tabulis
735 1110 779 1175 ad
793 1108 882 1175 hune
897 1110 1034 1175 modum
1049 1132 1184 1177 carmen
1201 1110 1370 1177 emendari
1385 1111 1517 1177 iussits

270 1218 346 1300 Qua
368 1229 518 1283 uotorum
541 1216 741 1311 uerecundia
764 1217 920 1304 deinceps
943 1239 1100 1282 censores
1124 1219 1157 1282 in
1177 1216 1359 1283 condendis
1381 1217 1494 1296 lustris

268 1328 322 1391 usi
353 1336 437 1391 sunt.
494 1324 676 1389 Prudenter
712 1326 798 1389 enim
833 1326 939 1389 sensit
971 1336 1048 1389 tuno
1078 1325 1313 1390 incrementum
1341 1325 1493 1392 Romano

268 1434 405 1520 imperio
428 1433 604 1520 petendum
626 1433 741 1508 fuisse,
769 1450 844 1497 cum
867 1433 954 1496 intra
976 1433 1151 1517 septimum
1172 1432 1318 1519 lapidem
1340 1430 1495 1518 triumphi

270 1540 517 1628 quaerebantur,
541 1541 698 1605 maiorem
723 1550 831 1605 autem
855 1540 953 1603 totius
977 1550 1137 1605 terrarum
1161 1540 1250 1605 orbis
1266 1549 1393 1625 partem
1415 1561 1494 1626 pos·

268 1648 387 1715 sidenti
409 1659 444 1712 ut
466 1647 599 1713 auidum
624 1668 699 1713 esse
716 1648 891 1733 quicquam
906 1645 992 1710 ultra
1007 1659 1172 1733 appetere,
1195 1649 1241 1713 ita
1256 1646 1386 1713 abunde
1406 1646 1493 1725 felix,
1504 1668 1531 1711 ro

268 1757 297 1821 si
320 1754 402 1821 nihil
425 1778 465 1820 ex
489 1776 527 1819 eo
552 1753 640 1841 quod
664 1753 830 1839 optinebat
853 1754 1022 1817 amitteret.
1372 1758 1376 1766 ’

357 1862 473 1951 Neque
497 1862 561 1928 alia
584 1863 655 1926 eius
671 1863 706 1925 in
729 1882 872 1925 censura
885 1860 1068 1927 moderatio
1088 1884 1149 1947 pro
1166 1862 1318 1927 tribunali
1334 1861 1494 1948 apparuit.

269 1972 441 2037 centurias
464 1987 710 2056 recognoscens
735 1969 895 2054 equitum,
925 1981 1101 2055 postquam
1124 1970 1160 2037 C.
1188 1968 1353 2035 Licinium
1376 1971 1494 2035 Sacer·

268 2079 377 2145 dotem
393 2078 525 2143 citatum
541 2077 747 2165 processisse
764 2074 1005 2151 animaduertit,
1030 2075 1107 2140 dixit
1122 2098 1159 2141 se
1176 2078 1261 2143 scire
1276 2078 1366 2142 illum
1382 2078 1493 2142 uerbis

269 2187 436 2273 conceptis
451 2187 631 2272 peierasse.
665 2183 819 2257 Proinde,
836 2184 953 2270 siquis
969 2202 1043 2249 eum
1059 2206 1219 2249 accusare
1234 2184 1342 2260 uellet,
1357 2204 1495 2250 usurum
1504 2199 1531 2246 rs

267 2294 453 2359 testimonio
477 2316 548 2358 suo.
595 2292 664 2359 Sed
686 2290 774 2356 nullo
798 2290 842 2354 nd
865 2290 899 2354 id
914 2292 1083 2378 negotium
1099 2290 1287 2368 accedente,
1311 2290 1493 2357 ‘Transduc

271 2504 293 2563 l.
313 2509 459 2561 solemnem
478 2506 511 2563 Β.
526 2506 538 2577 ΙΙ
552 2509 759 2573 praedicationis
778 2505 974 2575 appruerat
993 2507 1186 2571 imprecaretur
1204 2503 1233 2557 F.
1245 2506 1259 2575 ΙΙ
1276 2501 1301 2559 3.
1321 2523 1354 2557 ac
1375 2522 1494 2589 magnae

269 2578 347 2635 Torr.
364 2594 534 2649 magnaeque
553 2578 585 2630 F.
596 2580 610 2647 ΙΙ
621 2575 647 2632 d.
665 2579 806 2645 perpetuo]
826 2582 925 2643 populo
943 2578 1001 2647 El}
1011 2580 1160 2630 incolumes
1179 2592 1249 2631 eurr.
1267 2577 1290 2630 A
1309 2593 1367 2630 eun
1383 2576 1496 2647 relapsis

268 2657 294 2705 et
312 2652 388 2706 Torr.
400 2653 414 2720 Η
425 2647 451 2704 5.
470 2653 613 2704 emendare
634 2646 711 2702 Torr.
723 2648 736 2716 ΙΙ
749 2649 773 2701 l.
793 2652 939 2702 Pnrdenter
951 2677 986 2688 —
998 2647 1065 2716 (ll.)
1082 2653 1218 2702 amitteret
1234 2665 1285 2702 om.
1303 2649 1335 2703 Γ.
1350 2646 1401 2721 119.
1420 2653 1495 2703 orbis

267 2729 397 2777 terrarum
416 2723 446 2776 F.
474 2725 563 2792 {parti
582 2721 616 2775 Ε.
636 2737 685 2772 om.
704 2721 735 2775 F.
752 2721 765 2790 ΙΙ
785 2720 824 2773 ld.
844 2724 885 2789 ut]
905 2724 943 2773 ait
960 2721 996 2774 E.
1017 2721 1029 2788 ΙΙ
1049 2727 1125 2772 esset
1142 2738 1213 2774 corr.
1234 2720 1270 2776 0,
1293 2721 1370 2775 Τοπ.
1389 2722 1402 2788 ΙΙ
1419 2725 1495 2786 quid·

267 2813 349 2859 quarn
366 2793 444 2864 (14.)ss
461 2724 502 2846 ll.
521 2797 672 2845 admitteret
690 2791 718 2845 F.
733 2791 745 2864 ΙΙ
764 2789 804 2844 12.
823 2794 917 2860 Neque
934 2821 970 2832 -
989 2794 1134 2860 apparuit]
1158 2796 1232 2844 idem
1249 2791 1283 2845 Γ.
1302 2795 1317 2863 ΙΙ
1335 2796 1440 2847 incias
1457 2793 1494 2848 Ε.

278 2867 292 2936 ΙΙ
305 2863 346 2918 13.
358 2869 470 2936 granius
490 2867 569 2916 bcinii
581 2863 614 2918 Β.
630 2863 642 2936 ΙΙ
660 2861 699 2918 ll.
717 2867 850 2930 protessis
867 2880 898 2916 ee
910 2863 942 2917 F.
954 2865 969 2931 ΙΙ
979 2866 1050 2916 scire
1061 2881 1111 2915 ora.
1122 2863 1155 2917 F.
1166 2865 1181 2934 ΙΙ
1194 2862 1236 2917 15.
1253 2869 1410 2930 periurasse
1420 2863 1458 2919 D.
1468 2865 1484 2935 ll

267 2939 339 3006 eum]
360 2955 420 2990 cum
438 2936 469 2992 F.
482 2938 495 3007 ΙΙ
510 2933 550 2991 lb.
568 2943 611 2988 tra
625 2963 637 2991 ο
652 2963 665 2990 ι
684 2939 734 2988 duc
755 2935 784 2990 O.
803 2937 910 2987 Traduo
930 2934 1008 2987 Torr.

268 3137 365 3202 poterit
383 3137 446 3199 quin
469 3137 497 3186 in
521 3136 653 3186 mendosa
677 3135 802 3186 librorum
828 3136 962 3198 scriptura
983 3130 1079 3184 solitae
1095 3132 1152 3186 ἀπ’
1173 3135 1217 3186 uel
1235 3132 1316 3186 redte
1338 3131 1395 3185 siri
1413 3135 1494 3185 buius

268 3209 391 3259 sacrificii
416 3209 561 3272 appellatio
585 3208 682 3266 lateat,
707 3210 736 3258 ut
758 3207 830 3258 recte
854 3207 910 3257 iam
933 3205 1179 3256 animaduerterunt
1195 3208 1320 3258 Cuiaeius
1342 3208 1370 3257 in
1391 3207 1495 3256 xxnu

267 3283 374 3332 obsera.
393 3296 417 3332 e.
437 3275 461 3336 l,
480 3279 598 3342 Lipsius,
618 3279 736 3330 Colerus.
773 3279 843 3328 Nam
861 3279 931 3343 quod
944 3280 1085 3341 receperat
1102 3278 1223 3345 Pighius,
1242 3294 1304 3328 cum
1321 3281 1404 3328 antea
1420 3279 1496 3346 lege·

267 3355 340 3402 retur
356 3349 434 3402 solitu
450 3347 591 3417 sacrfitim
612 3351 728 3400 editores
747 3350 810 3400 inde
831 3350 962 3412 aKappio
986 3351 1142 3412 probarunt,
1165 3347 1243 3400 rota
1258 3347 1327 3416 feri
1348 3347 1492 3416 ewrffia'e.

265 3438 302 3474 ea
319 3425 391 3474 certe
409 3423 501 3472 infelix
520 3423 695 3474 recentiorum
713 3421 881 3472 librariorum
893 3422 1045 3471 coniectura
1056 3423 1109 3478 est.
1127 3422 1199 3470 omni
1210 3436 1324 3484 prorsus
1336 3423 1495 3471 auctoritate

267 3497 402 3552 destinata,
421 3494 599 3558 pessumdata
615 3494 697 3544 etiam
716 3508 734 3542 a
752 3492 916 3547 Helfrecbto,
935 3507 995 3541 cum
1012 3488 1090 3541 solito
1107 3493 1326 3555 interpretaretur
1350 3495 1376 3544 ·i.
1394 3508 1419 3545 e.
1437 3508 1494 3542 mo·

267 3567 326 3617 dicu
345 3565 496 3630 adparatu'.
532 3566 639 3616 Vorstio
657 3565 782 3628 probanti
800 3579 871 3629 quae
888 3577 940 3614 nos
958 3564 1145 3617 muocauirnus
1161 3565 1356 3615 cunctationem
1374 3578 1428 3614 non
1445 3565 1494 3613 im·

267 3640 361 3689 merito
379 3639 469 3687 iniecit
487 3637 557 3702 quod
579 3637 606 3685 in
630 3635 806 3704 significando
830 3635 876 3684 illo
901 3635 1033 3684 sacrificio
1056 3636 1188 3684 adiectiue
1212 3637 1332 3699 positum
1347 3632 1495 3686 solitarile

267 3709 332 3758 alibi
350 3709 466 3758 nondum
485 3709 561 3758 esset
578 3708 721 3758 inuentum.
766 3706 801 3754 nt
818 3719 901 3763 sane,
929 3707 1033 3770 siquis
1051 3707 1223 3756 scribendum
1245 3708 1336 3770 potius
1360 3707 1495 3758 censuerit

265 3776 453 3830 utitur&
477 3778 609 3828 sacrificiu
634 3778 757 3843 equidem
780 3792 833 3827 non
858 3779 939 3828 udde
966 3779 1139 3845 repugnabo,
1167 3780 1292 3843 quamuis
1314 3779 1382 3828 nihil
1405 3779 1495 3830 obstet

267 3851 407 3914 quominus
425 3850 464 3898 ita
480 3863 640 3912 componere
658 3849 771 3911 potuerit
791 3849 923 3901 Valerius.

337 3923 368 3968 at
384 3915 492 3968 niatu
510 3925 575 3972 rese)
604 3919 753 3968 Insolenter
769 3919 797 3966 in
807 3933 841 3968 ea
859 3921 1034 3982 comparandi
1047 3920 1145 3987 figura,
1164 3921 1281 3985 quantit
1297 3935 1347 3984 per
1362 3925 1433 3972 αἱ·-
1445 3917 1493 3979 tta

267 3993 407 4050 utrumque
426 3991 558 4040 enunciati
576 3991 723 4038 membrum
742 3991 898 4038 accusatius
915 4006 976 4039 cum
994 3992 1123 4041 infinitiuo
1141 3993 1259 4044 eneam.
1295 3996 1382 4052 Quem
1393 3997 1492 4051 umen.

267 4076 326 4110 cum
346 4061 373 4110 in
391 4061 508 4126 uulgatis
528 4060 660 4122 exemplis
679 4059 815 4125 legeretur
833 4064 914 4116 esset,
939 4063 1014 4111 libris
1037 4064 1189 4112 iubentibus
1212 4065 1407 4115 restituendum
1429 4077 1494 4114 esse

266 4135 339 4182 recte
358 4133 519 4181 censuerunt
536 4131 686 4180 Gronouius
705 4130 728 4178 ll
747 4132 857 4182 obsera.
877 4125 911 4180 ll
931 4133 958 4181 et
976 4133 1147 4192 Perizonius,
1171 4137 1252 4185 modo
1275 4151 1310 4185 ne
1333 4136 1406 4186 falso
1423 4136 1493 4185 inse·

266 4205 371 4270 quantis
383 4202 548 4268 paragraphi
566 4202 689 4264 exemplo
702 4215 763 4251 eam
775 4203 946 4252 insolentiam
958 4207 1190 4269 comprobassent.
1209 4208 1255 4255 ubi
1266 4209 1376 4257 codices
1388 4221 1492 4257 summo

266 4287 401 4326 consensu
418 4275 527 4323 tradunt
544 4270 665 4339 main
684 4301 719 4310 -
733 4272 844 4340 pessimi
862 4278 928 4323 aut
945 4277 1010 4338 (non
1028 4279 1096 4339 esse)
1114 4275 1234 4344 exe-pls
1276 4279 1406 4330 Poterant
1428 4293 1493 4329 uero

266 4349 348 4398 cihre
367 4345 468 4396 Valerii
486 4344 519 4402 V,
542 4341 581 4400 10,
601 4347 654 4394 ext.
672 4339 704 4402 3.
729 4350 806 4412 atque
829 4349 859 4395 at
881 4343 951 4395 nori
971 4345 1097 4397 mineat
1115 4346 1214 4402 nolae.
1239 4347 1287 4415 qui
1308 4364 1362 4400 aua
1385 4348 1492 4403 merit,

265 4413 1232 4483 &uaecumque-paidmpuoee.pniaontrnormm;et
1252 4419 1431 4480 i'll,2,eat
1451 4417 1493 4478 14,

265 4489 335 4543 Nn
352 4494 383 4540 at
398 4485 461 4538 illae
477 4491 650 4552 (unaarum
668 4488 751 4548 telas)
775 4485 922 4554 infindere
943 4487 1070 4540 ani-oua
1088 4490 1217 4548 retinere,
1238 4490 1391 4544 utentior«
1408 4498 1494 4544 aaa>

266 4557 494 4697 niumm
511 4559 648 4628 (legibus)
665 4557 774 4608 amites
791 4563 816 4608 rt
829 4573 965 4625 pauperes
976 4561 1131 4628 ωιεὶήιφὲ.
1152 4561 1250 4613 diuites
1267 4567 1294 4614 et
1305 4569 1495 4631 praepotentes

264 4647 317 4683 m

337 4700 426 4768 Nepa
444 4699 500 4752 ab'a
518 4700 583 4758 deal
601 4703 640 4755 ct
659 4702 712 4752 Cic.
730 4716 780 4765 pro
799 4703 901 4756 clueat.
918 4699 963 4764 18,
985 4699 1044 4758 tut.
1071 4708 1162 4768 Quint.
1184 4709 1248 4759 inst.
1266 4723 1307 4760 or.
1324 4708 1364 4770 V,
1388 4703 1432 4768 ll,
1451 4701 1495 4760 13.

266 4770 336 4824 rtur.
353 4773 482 4836 :populu
499 4771 583 4838 (Seip.
601 4773 664 4825 mia.
687 4767 740 4836 12)
