3409 5400
573 525 656 593 LlB.
679 526 750 605 llll,
774 529 810 594 0.
836 530 868 605 7,
890 536 921 606 a·
944 531 975 597 4.
1001 531 1031 597 5.
1164 545 1169 551 ’
1343 536 1408 604 365

80 691 104 729 .:
192 688 269 753 ionii
299 710 394 755 arares
423 689 552 765 habuit,
582 690 762 775 ductusque
799 711 864 775 quo
894 688 1056 765 uoluerat,
1092 690 1258 757 dexteram
1284 693 1411 761 Luculli

98 829 116 837 -
192 796 286 863 auide
311 796 489 872 osculatus,
514 807 622 881 caput,
645 796 734 882 quod
757 796 923 861 abscisum
942 796 1081 869 iacebat,
1105 796 1267 862 sublatum
1288 804 1412 884 pectori

93 909 102 918 '
192 925 252 967 suo
277 903 455 988 adplicauit
477 924 516 967 ac
533 902 651 990 deindo
675 902 856 967 demissam
872 904 1033 966 ceruicem
1049 903 1165 967 uictori
1184 902 1295 990 gladio
1317 925 1412 989 prae·

109 1047 117 1055 -
191 1008 270 1072 buit.
314 1008 483 1095 Loquetur
508 1008 647 1073 Graecia
669 1006 810 1083 Thesea,
832 1008 984 1072 nefandis
1006 1007 1144 1073 Pirithoi
1167 1009 1334 1075 amoribus
1357 1030 1412 1074 su·

103 1126 110 1138 “
163 1114 399 1191 ascribentem,
426 1114 511 1181 Ditis
535 1136 571 1181 se
595 1115 697 1198 patris
724 1116 837 1202 regnis
861 1116 1079 1182 commisisse.
1135 1114 1226 1180 Vani
1248 1120 1300 1181 est
1325 1114 1413 1180 istud

191 1242 336 1295 narrare,
360 1220 447 1285 stulti
471 1220 613 1284 credere.
659 1220 796 1285 Mixtum
812 1242 961 1285 cruorem
977 1223 1156 1286 amicorum
1177 1236 1210 1287 et
1225 1221 1413 1286 uulneribus

191 1331 312 1393 innexa
334 1327 472 1392 uulnera
494 1328 654 1412 mortique
677 1326 902 1391 inhaerentem
923 1339 1062 1393 mortem
1084 1329 1211 1403 uidere,
1232 1327 1315 1391 haec
1339 1338 1414 1392 sunt

192 1454 273 1510 uera
289 1432 460 1499 Romanae
485 1433 647 1498 amicitiae
664 1434 796 1509 indicia,
818 1432 875 1498 illa
889 1435 998 1520 gentis
1014 1435 1057 1499 ad
1072 1434 1262 1521 tingendum
1278 1445 1414 1519 paratae

193 1550 339 1605 monstro
364 1540 484 1605 similia
505 1539 689 1605 mendacia.
1431 1540 1436 1547 ’

73 1668 113 1709 ...-
155 1666 184 1711 ro
282 1646 403 1711 Lucius
428 1666 558 1731 quoque
581 1645 755 1710 Petronius
778 1643 917 1710 huiusce
939 1646 1048 1713 landis
1076 1648 1319 1712 consortionem
1346 1667 1414 1712 mc·
1425 1649 1455 1718 5.

73 1778 114 1822 .,·
193 1755 254 1819 rito
283 1752 438 1817 uindicat.
494 1750 573 1816 Pari
607 1753 692 1817 enim
726 1750 858 1817 inclitae
894 1754 1057 1818 amicitiae
1090 1774 1173 1818 auso
1201 1776 1262 1839 par
1290 1752 1415 1841 gloriae
1633 1741 1634 1790 l

79 1874 81 1879 ’
97 1888 113 1925 ·.·
193 1860 299 1946 portio
323 1859 508 1923 adserenda
531 1870 591 1923 est.
635 1857 824 1923 Admodum
839 1858 955 1923 humili
968 1860 1042 1924 loco
1057 1872 1154 1924 natus
1173 1860 1215 1924 ad
1230 1870 1415 1947 equestrem

77 2027 98 2039 ,,
194 1966 341 2030 ordinem
364 1978 396 2029 et
418 1963 612 2050 splendidae
634 1963 769 2029 militiae
792 1965 958 2051 stipendia
978 1964 1018 2029 P.
1042 1966 1132 2032 (laeli
1158 1968 1315 2031 beneficio
1341 1988 1415 2053 per·

84 2111 106 2141 ·.
193 2084 339 2137 uenerat.
386 2070 448 2134 Cui
471 2082 600 2157 gratum
623 2071 783 2145 animum,
815 2072 894 2156 quia
919 2070 1007 2136 laeta
1033 2075 1068 2137 in
1094 2074 1233 2138 materia
1263 2072 1415 2139 exiribere

73 2221 86 2231 „
155 2195 263 2244 renen
286 2178 500 2263 contingerat,
522 2177 557 2241 in
581 2198 637 2251 ea,
660 2196 761 2263 quam,
786 2176 917 2240 unicam
944 2179 1076 2245 fortuna
1101 2200 1178 2245 esse
1201 2178 1318 2254 uoluit,
1342 2201 1415 2243 curn

198 2337 221 2391 1.
241 2352 346 2405 quoque
365 2336 487 2386 uoluerat
505 2336 599 2385 ductus
617 2330 649 2387 F.
667 2334 680 2403 ΙΙ
697 2336 800 2387 Luculli
819 2340 940 2389 dextram
960 2335 1038 2390 Forr.
1057 2333 1070 2406 ΙΙ
1088 2334 1114 2391 2.
1139 2339 1275 2389 abscisum
1296 2338 1365 2403 quod
1384 2334 1416 2391 F.

87 2468 91 2473 Α
209 2410 362 2479 1111111111111111
383 2405 411 2458 C.
431 2402 443 2475 ΙΙ
462 2403 488 2458 3.
507 2407 634 2471 applicuit
651 2403 682 2457 Γ.
699 2406 713 2474 ΙΙ
729 2409 894 2459 submissam
917 2406 983 2460 DF.
1007 2409 1120 2459 dimisse
1141 2408 1171 2460 F.
1186 2409 1200 2476 ΙΙ
1217 2410 1321 2460 ceruice
1339 2405 1372 2459 F.
1390 2411 1403 2471 11

73 2528 77 2546 ,,
196 2480 306 2533 uictoris
325 2475 466 2530 DETorr.
490 2474 550 2527 Via.
564 2475 654 2545 previ
668 2491 698 2543 p.
717 2474 788 2599 {llip
808 2475 833 2531 4.
852 2482 976 2531 theseum
994 2477 1032 2531 D.
1056 2482 1180 2530 theseum
1197 2478 1229 2536 F.
1254 2480 1261 2549 l
1280 2480 1366 2543 pitito!
1383 2474 1416 2528 A.

196 2549 308 2616 peritbei
326 2546 362 2600 D.
382 2550 498 2613 pyrithei
517 2544 549 2600 F.
567 2548 681 2612 perithoi
700 2544 731 2600 Γ.
744 2546 757 2614 ΙΙ
787 2552 897 2613 .patris
916 2565 947 2600 se
966 2546 1103 2617 stillatim
1125 2566 1174 2602 om.
1193 2548 1224 2604 Γ.
1265 2548 1291 2602 (i.
1309 2550 1416 2599 mistum

94 2653 98 2665 ·
196 2619 228 2673 F.
246 2618 260 2687 ΙΙ
276 2619 301 2672 i.
320 2619 427 2685 innexa]
452 2620 549 2669 inbesa
567 2616 599 2669 F.
614 2616 628 2685 ΙΙ
645 2620 810 2685 mortemque
834 2622 912 2672 morti
933 2622 1117 2671 inhaerentem
1136 2618 1240 2689 Tora}
1266 2622 1418 2671 haereant

196 2709 263 2744 uera
280 2706 329 2744 om.
347 2687 384 2743 D.
396 2689 410 2758 ΙΙ
422 2687 446 2742 ll.
465 2693 584 2742 monstro
603 2705 652 2741 om.
671 2686 707 2742 D.
719 2686 732 2757 ΙΙ
746 2686 786 2742 10.
806 2708 910 2758 queque
928 2708 977 2742 om.
990 2689 1021 2744 Γ.
1033 2692 1046 2760 ΙΙ
1058 2693 1195 2757 petronius
1213 2692 1269 2748 Cl'.
1281 2691 1295 2759 ΙΙ
1306 2692 1417 2742 huiusce

197 2792 231 2802 -
251 2758 317 2829 (12.)
336 2763 489 2812 adserenda
506 2766 549 2812 est
565 2775 614 2812 em.
633 2758 689 2880 l'qpl
701 2763 863 2812 consortium
882 2761 910 2814 F.
922 2761 936 2828 ΙΙ
954 2760 995 2814 il.
1015 2764 1156 2814 uindicauit
1173 2759 1235 2885 Ep]
1254 2764 1331 2830 paria
1348 2759 1380 2813 A.
1392 2759 1406 2827 ΙΙ

197 2835 295 2886 etenim
315 2831 392 2884 Terr.
407 2830 419 2904 ΙΙ
433 2833 549 2898 inclytae
569 2845 638 2884 cerr.
682 2833 796 2882 .inelito
817 2831 839 2884 G
857 2838 883 2883 et
899 2847 969 2884 corr.
988 2831 1023 2884 D.
1036 2833 1049 2900 ΙΙ
1062 2849 1128 2883 orrsu
1151 2831 1204 2884 OE
1248 2840 1275 2886 et
1291 2847 1360 2884 cerr.
1379 2829 1417 2890 D,

75 2965 78 2973 ¹
199 2902 276 2956 Torr.
288 2902 301 2970 ΙΙ
315 2901 356 2954 1·2.
374 2905 512 2956 atterenda
529 2901 567 2954 D.
586 2903 733 2954 auferenda
752 2901 829 2954 Terr.
843 2899 856 2969 ΙΙ
869 2905 962 2955 humili
980 2905 1123 2954 admodum
1141 2901 1173 2954 F.
1185 2903 1199 2971 ΙΙ
1217 2903 1257 2958 te.
1277 2905 1418 2968 splendido

88 2984 98 3014 ·'
196 2973 292 3028 DFF.
308 2974 321 3042 ΙΙ
338 2977 411 3038 publi
434 2972 550 3026 coeliti.
575 2974 680 3038 publice
706 2975 740 3023 eli
766 2971 794 3026 0.
818 2975 924 3037 publico
948 2975 992 3024 elli
1010 2973 1042 3026 F.
1069 2975 1205 3026 Tiberium
1224 2976 1342 3027 Coelium
1361 2987 1418 3024 m

196 3050 275 3098 uocet
291 3045 354 3097 Por.
365 3043 379 3111 ll
393 3043 433 3098 li.
452 3047 527 3096 cuius
545 3043 576 3098 F.
589 3043 639 3112 llio
659 3043 730 3095 laeta
749 3041 825 3096 Tere.
838 3044 852 3113 ΙΙ
866 3043 907 3098 15.
926 3046 1041 3111 unicam]
1058 3047 1176 3112 iniquam
1193 3061 1265 3099 corr.
1284 3043 1315 3101 A.
1338 3044 1416 3098 Tora.

207 3113 222 3184 ΙΙ
234 3117 365 3167 fortunam
378 3130 424 3182 pr.
442 3115 474 3170 A.

197 3273 261 3310 nem
280 3257 386 3307 omnino
406 3259 537 3308 maximus
562 3260 623 3307 reatu
649 3257 718 3307 tilius
743 3258 787 3307 hic
805 3257 934 3308 Lucullus
958 3260 1036 3310 tuerit
1058 3261 1126 3309 setis
1144 3262 1263 3319 constat,
1287 3257 1417 3323 nequest

198 3331 337 3382 constaret
354 3331 509 3379 necessario
527 3329 588 3378 inde
607 3329 785 3395 colligeretur,
804 3331 876 3391 qood
894 3333 921 3379 et
938 3331 1176 3394 ipeellrumannue
1194 3329 1337 3388 concessit,
1356 3343 1418 3378 cum

198 3400 386 3468 cognominem
404 3401 473 3463 patri
498 3399 591 3450 tuisse.
627 3401 750 3450 Celerum
772 3401 858 3452 Marci
881 3415 1044 3464 praenomen
1067 3403 1172 3454 Periclis
1200 3417 1305 3469 quoque
1328 3401 1419 3450 aucto·

197 3473 276 3523 ritate
295 3470 436 3522 stabilitur.

269 3537 295 3594 5.
315 3539 381 3592 Pori
399 3538 475 3602 enim)
493 3540 537 3590 Sic
556 3555 649 3592 omnes
668 3541 775 3592 codices
793 3543 903 3605 praeter
920 3543 1097 3603 tiernensem,
1123 3545 1166 3609 qni
1188 3541 1269 3611 petia
1287 3542 1355 3594 eain
1372 3556 1419 3592 ex·

197 3614 280 3665 hibet.
323 3617 398 3674 Quae
423 3613 446 3661 si
471 3612 610 3677 archetypi
630 3627 733 3678 quoqne
752 3614 884 3676 scriptura
903 3613 992 3673 tuerit,
1017 3630 1071 3666 non
1088 3617 1159 3665 mule
1178 3616 1289 3683 Pighius
1308 3630 1324 3664 e
1343 3614 1419 3663 codd.

198 3683 370 3735 atrebatensi
389 3685 416 3732 et
433 3682 548 3734 Susiano
572 3685 702 3746 receperit
720 3681 788 3750 peri
811 3681 916 3739 etenim.
945 3699 1005 3733 cum
1028 3686 1132 3736 litterae
1155 3700 1173 3735 o
1196 3688 1283 3755 ligura
1306 3699 1358 3734 non
1381 3684 1421 3730 ita

198 3757 309 3806 multum
328 3756 461 3818 discrepet
479 3771 497 3804 a
515 3754 671 3816 compendio
690 3753 802 3816 copulae
820 3758 853 3806 et.
895 3754 931 3804 at
948 3755 1011 3806 mihi
1031 3757 1136 3820 quidem
1152 3759 1217 3807 tiled
1235 3753 1320 3825 peria
1340 3767 1420 3818 pecu·

198 3827 265 3877 liare
284 3825 429 3876 Bernensis
449 3826 507 3875 libri
526 3825 650 3874 mendum
669 3838 732 3874 esso
752 3824 867 3883 uidetur,
890 3828 1039 3889 protectum
1064 3843 1081 3876 a
1100 3829 1221 3888 librario,
1245 3829 1290 3890 qui
1308 3839 1420 3876 accusa

197 3899 282 3948 tinum
301 3898 467 3954 desiderarit,
487 3897 647 3961 pendentem
660 3911 677 3944 a
689 3896 836 3959 participio,
856 3898 925 3958 qood
938 3899 1059 3960 putabat,
1078 3912 1149 3950 ease.
1185 3898 1232 3948 Sic
1250 3901 1339 3947 autern
1348 3899 1421 3946 recte

197 3972 267 4021 liber
285 3969 440 4018 Danielinus
459 3973 487 4018 et
505 3968 575 4017 aller
592 3967 787 4022 berolinensis:
808 3980 899 4016 arnam
919 3969 997 4026 euim,
1017 3971 1086 4029 quod
1106 3972 1167 4019 ante
1178 3970 1322 4036 Vergilium
1341 3983 1420 4018 neme

199 4042 265 4090 dixit
282 4043 351 4092 teste
370 4039 464 4090 Seruio
484 4041 518 4090 ad
537 4039 603 4090 lien.
622 4037 685 4094 xil.
704 4029 765 4096 351,
791 4037 852 4087 lnde
871 4038 1040 4106 abnegasti
1063 4054 1133 4090 aceo
1155 4041 1306 4105 frequenter
1323 4041 1421 4102 poetae

199 4115 227 4162 et
250 4112 331 4175 paulo
355 4114 419 4173 post
441 4111 520 4160 etiam
545 4123 644 4173 prosae
668 4109 796 4158 erationis
826 4111 951 4160 auctores
979 4111 1149 4160 substantiae
1171 4112 1345 4175 usurpanmt,
1375 4109 1421 4171 (et.

198 4185 267 4233 l'lln.
286 4183 312 4231 lr.
331 4196 356 4232 n.
375 4181 408 4236 11,
430 4177 487 4236 108,
510 4177 568 4232 lta.
594 4181 658 4231 Tae.
683 4195 744 4230 ann.
762 4179 838 4238 11111,
863 4174 908 4230 ii.
932 4182 1000 4232 auct.
1025 4183 1058 4231 de
1081 4183 1190 4232 caesar.
1208 4177 1247 4246 3.)
1271 4183 1333 4232 licet
1350 4182 1421 4230 idem

199 4254 311 4303 Seruius
330 4253 363 4298 ud
384 4251 448 4301 Aen.
467 4253 499 4309 ll,
518 4245 571 4301 5³5
591 4253 618 4300 in
636 4265 719 4313 prosa
738 4251 788 4300 dici
807 4263 890 4313 posse
909 4253 997 4318 neget
1039 4253 1108 4302 Ante
1127 4267 1179 4302 nos
1197 4267 1262 4303 aueo
1286 4255 1327 4310 et,
1350 4251 1421 4312 quod

199 4324 260 4376 libri
279 4322 364 4371 nestri
382 4335 475 4372 omnes
494 4321 659 4378 confirmant,
679 4317 821 4371 asserendo
839 4323 960 4371 ediderat
979 4323 1157 4376 lleltrcchtus.
1415 4333 1419 4340 ·

272 4391 301 4443 ia
319 4405 360 4444 ea.
381 4406 456 4457 quem
472 4390 577 4442 enicem
586 4390 702 4457 fortune
720 4405 777 4442 esre
793 4389 896 4453 uoluit.)
914 4393 1002 4443 Proba
1019 4395 1088 4445 haee
1106 4397 1239 4446 sententia
1257 4395 1309 4446 est.
1332 4393 1422 4442 Petro·

200 4469 271 4522 nius,
292 4465 354 4530 quia
373 4463 470 4513 laetam
488 4465 594 4530 gratum
613 4463 755 4512 exhibendi
774 4464 892 4512 animum
910 4467 1078 4515 occasionem
1096 4469 1192 4516 nactas
1203 4480 1256 4515 nen
1274 4466 1342 4523 eret,
1360 4477 1423 4514 eam

201 4537 321 4602 arripuit,
340 4549 418 4600 quam
438 4535 524 4584 solam
543 4534 651 4596 fortuna
667 4534 768 4584 obtulit.
810 4535 888 4584 lianc
904 4537 1008 4586 tristem
1025 4537 1111 4586 titisse
1135 4551 1171 4585 ea
1188 4537 1357 4601 oppositione
1374 4535 1424 4584 ilia

201 4610 281 4660 facile
306 4607 474 4671 intellegitur.
520 4605 613 4667 ltaque
642 4619 694 4654 non
723 4605 801 4654 uideo
827 4620 874 4655 cur
900 4607 1003 4670 priores
1027 4607 1194 4674 grammatici
1217 4621 1304 4672 aeque
1328 4617 1424 4657 omnes

201 4679 353 4746 spreuerint
370 4677 527 4741 scripturam
546 4676 674 4726 librorum
692 4677 843 4726 testimonio
861 4676 1056 4737 firmissimam,
1081 4691 1159 4744 qaam
1181 4676 1300 4735 καὶαι,
1324 4679 1423 4729 substi-

200 4753 307 4807 tuentes
325 4765 374 4820 pro
393 4763 428 4802 ea
445 4763 521 4817 quam
537 4745 665 4818 iniquom.
685 4747 755 4810 quod
775 4763 793 4798 a
810 4749 960 4800 correctore
977 4749 1037 4800 libri
1054 4751 1200 4803 Berneneie
1217 4751 1354 4806 inuentum
1371 4747 1426 4807 eat·
