3409 5400
595 488 680 557 ΜΒ.
702 488 744 565 lt
768 490 805 555 c.
827 488 861 567 e,
884 497 915 567 r.
938 490 970 556 a.
993 490 1030 556 3.·
1359 488 1424 563 itt

92 737 93 740 Ἴ
194 652 302 719 lerius
323 652 524 717 nonfacere
553 672 592 715 se
614 651 872 716 controuersiam
896 652 975 735 quin
998 652 1124 737 priores
1148 660 1256 736 partes
1279 652 1425 719 consulis

92 743 93 752 ἵ
195 771 315 825 essem
347 760 485 824 futurae.
543 758 626 847 ‘Age
661 756 807 832 deinde',
844 759 950 843 inquit
985 756 1171 829 Calatinus,
1212 758 1251 821 ‘si
1293 756 1427 823 diuersa

197 868 354 952 auspicia
381 866 621 951 ›accepissetim
655 866 748 928 euius
781 865 892 950 magis
924 864 1073 949 auspicio
1104 862 1278 929 staretur'l
1313 862 1424 937 ‘Item’‚

196 971 373 1059 respondit
399 970 570 1046 Valerius,
604 969 781 1035 ‘consensi
822 968 913 1035 “lam
941 968 1091 1043 hereuie‘,
1127 971 1242 1056 inquit,
1272 982 1357 1035 ‘cum
1386 970 1426 1037 de

173 1080 340 1164 simperio
369 1091 401 1140 et
423 1079 571 1164 auspicio
600 1078 682 1141 inter
712 1099 774 1141 uos
803 1076 1074 1163 disceptationem
1103 1080 1304 1163 susceperim
1332 1090 1364 1143 et
1393 1088 1427 1141 tu

197 1198 342 1272 utroque
365 1184 593 1249 aduersarium
623 1195 713 1247 tuum
741 1184 944 1269 superiorem
967 1185 1072 1248 finisse
1095 1184 1246 1257 fatearis..
1273 1182 1355 1249 nihil
1378 1193 1428 1248 est

200 1292 293 1379 quod
315 1292 450 1357 ulterius
474 1288 628 1357 dubitem.
675 1290 789 1376 ltaque
810 1288 935 1365 Lutati,
963 1293 1115 1379 quamuis
1143 1291 1250 1357 adhuc
1274 1292 1425 1363 tacueris.

200 1398 386 1463 secundum
402 1410 433 1461 te
448 1398 539 1462 litem
555 1396 626 1461 do'.
653 1396 793 1461 Mirifice
807 1396 917 1472 iudex,
940 1397 1029 1483 quod
1043 1400 1078 1461 in
1093 1400 1268 1463 manifesto
1291 1399 1426 1487 negotio

163 1574 171 1589 ‚
201 1518 332 1591 tempus
361 1506 423 1569 teri
449 1526 572 1591 passus
600 1525 667 1569 non
701 1515 760 1568 est.
811 1502 1018 1567 Probabilius
1052 1502 1217 1579 Laudes,
1253 1504 1342 1589 quod
1374 1506 1426 1569 ius

161 1634 193 1678 ro
203 1611 401 1697 amplissimi
423 1611 559 1676 honoris
575 1622 764 1675 constanter
787 1610 939 1675 defendit.
975 1609 1044 1673 Sed
1061 1632 1101 1675 ne
1118 1608 1274 1675 Valerius
1294 1609 1459 1695 quidems

200 1719 357 1805 inprobe,
381 1719 460 1805 quie
485 1718 579 1782 iortis
602 1729 635 1781 et
656 1738 834 1804 prosperae
859 1736 991 1804 pugnae
1021 1730 1056 1780 ut
1082 1739 1150 1783 non
1177 1717 1358 1805 legitimum
1382 1717 1427 1779 its

200 1866 219 1902 2
242 1862 262 1899 ι
282 1825 466 1914 praemium
488 1827 576 1909 petit.

293 1932 383 2015 Quid
409 1933 518 1997 iacias
545 1930 604 1995 On.
633 1930 748 1995 Fuluio
779 1931 914 2005 Flacco,
946 1931 1000 2017 qui
1025 1944 1089 1995 tam
1121 1932 1336 2018 expetendum
1365 1925 1466 1997 alis3.

201 2094 230 2147 4.
250 2092 379 2159 consulis]
400 2086 461 2143 add
478 2080 515 2141 'st
532 2091 623 2141 iudex:
644 2087 720 2143 Torr.
736 2095 748 2158 ΙΙ
761 2092 827 2158 inm]
846 2093 874 2142 in
887 2106 983 2144 rasura
997 2088 1029 2143 A.
1047 2106 1110 2141 num
1128 2088 1184 2142 ΒΕ
1202 2097 1228 2144 et
1240 2107 1286 2161 pr.
1300 2090 1329 2146 C.
1341 2090 1355 2161 ΙΙ
1365 2094 1425 2144 ber·

202 2170 280 2251 coles
302 2162 360 2226 (sed
376 2162 427 2215 ls'tt.
451 2178 483 2213 es
506 2160 535 2212 s's
556 2168 665 2247 resero)
682 2161 714 2214 A.
738 2164 893 2215 mehercule
914 2160 991 2213 Torr.
1008 2161 1022 2228 ΙΙ
1039 2158 1065 2213 5.
1082 2166 1225 2227 susceperi
1241 2184 1257 2215 a
1269 2184 1285 2214 a
1305 2176 1374 2217 corr.
1393 2162 1424 2215 A.

200 2233 414 2373 netem
425 2235 607 2369 anmi?
617 2229 719 2372 did:
729 2232 744 2371 t
759 2229 1150 2371 tristemini:
1164 2230 1426 2368 t-.⁸..e.¹.tr.e

201 2380 235 2433 A.
253 2382 291 2431 at.
309 2380 419 2445 dignum
437 2390 469 2427 se
486 2389 577 2440 scarpo
595 2372 632 2427 D.
650 2377 795 2440 optandum
813 2373 847 2425 Ε.
867 2389 898 2425 sa
918 2376 1026 2442 dignum
1041 2372 1118 2427 roe.
1129 2371 1202 2499 lim
1221 2376 1297 2437 petiit
1314 2371 1426 2425 El'orr.

212 2445 284 2519 1113,
304 2451 331 2515 ς.
348 2442 374 2502 3,
393 2463 442 2499 ons.
460 2442 520 2567 1⁸le
534 2463 575 2499 ca.
594 2447 675 2497 iuiuio
690 2460 735 2513 pr.
754 2442 791 2497 D.
810 2444 842 2495 G.
861 2443 983 2497 Fuluium
1002 2442 1118 2513 appellnt
1156 2460 1195 2527 ep.
1208 2444 1222 2513 ΙΙ
1233 2445 1425 2509 expectendum

202 2520 338 2589 &italiis
356 2514 478 2571 13ch
506 2532 561 2569 err.

279 2658 492 2731 dtuepudesea
508 2656 678 2728 susceperim)
702 2659 743 2712 its
760 2674 813 2710 non
831 2660 902 2711 mate
921 2660 1075 2712 emendator
1092 2660 1152 2710 iibri
1170 2660 1315 2712 Bemensts
1332 2659 1425 2710 immu-

203 2737 273 2786 tauit
290 2725 430 2799 archetypi
449 2733 549 2783 codicis
568 2733 725 2796 scripturam
744 2729 921 2798 susceperitis.
958 2732 1026 2782 Nam
1040 2733 1090 2781 etsi
1102 2733 1260 2798 disceptatio
1273 2747 1325 2782 nou
1338 2732 1424 2782 soirrm
1529 2771 1533 2780 .

204 2808 300 2857 arbitri
318 2807 367 2862 sit.
392 2819 485 2854 uerum
510 2803 591 2853 etiarn
607 2804 686 2865 ipsae
704 2807 796 2867 partes
820 2805 910 2853 uerbis
934 2803 1003 2853 inter
1021 2817 1051 2852 ae
1071 2805 1222 2870 disceptare
1241 2802 1361 2854 dieantur
1379 2803 1425 2864 (ci.

206 2884 313 2943 praeter
331 2877 437 2926 Liuium
454 2875 582 2928 xxxix.
599 2869 644 2929 2⁴.
665 2869 706 2930 14,
726 2890 744 2923 a
762 2873 889 2924 Torrenio
908 2876 1031 2932 citatum,
1057 2875 1109 2924 Cic.
1128 2877 1161 2926 do
1180 2877 1232 2929 diu.
1252 2876 1283 2934 Π,
1303 2871 1345 2932 72,
1368 2869 1424 2925 15⁰.

205 2949 357 3005 1.tu.xxt‚
380 2942 420 3003 19,
442 2943 465 2996 i.
483 2945 515 2998 A.
535 2945 602 2995 Geli.
619 2945 681 3002 XX,
700 2940 727 3004 5,
745 2939 770 2997 3.
790 2946 917 3008 Pompon.
936 2945 962 2996 in
988 2947 1041 3014 dig.
1061 2947 1094 2996 de
1112 2948 1179 3015 orig.
1191 2949 1240 2999 iur.
1253 2948 1273 3005 Ι,
1292 2941 1317 3004 2
1338 2946 1364 3010 §-
1377 2941 1424 3006 lh).

205 3023 300 3070 tamen
315 3013 477 3085 ssscips'esds'
494 3018 605 3066 uerbum
623 3016 726 3066 affatim
743 3016 864 3066 declarat
882 3019 1018 3068 auctorem
1042 3019 1075 3068 de
1100 3020 1190 3068 arbitri
1214 3018 1363 3087 cognitione
1382 3032 1424 3066 co·

204 3093 328 3160 gitasse.
351 3104 406 3138 non
428 3090 462 3138 do
484 3087 645 3154 litigantium
666 3088 872 3151 disceptatione,
897 3087 924 3136 in
949 3103 1002 3152 qua
1024 3090 1158 3140 sententia
1181 3106 1241 3142 oum
1265 3101 1426 3154 persuasum

204 3163 298 3212 babeo
317 3159 474 3223 scripturum
490 3159 577 3208 tuisse
595 3171 653 3208 eum
670 3183 705 3194 -
726 3156 795 3208 s'ster
812 3172 860 3209 sos
878 3154 1033 3224 disceptatio
1056 3158 1100 3212 sie.
1145 3159 1296 3212 Secundam
1314 3159 1425 3224 pluralis

203 3232 312 3284 numeri
328 3245 472 3294 perwnam
489 3229 614 3280 librarius
632 3230 809 3280 introduxisse
828 3230 940 3288 uidetur,
959 3231 1022 3292 quia
1040 3233 1135 3281 eadem
1154 3233 1264 3296 saepius
1277 3233 1331 3281 iam
1348 3244 1425 3294 praee

206 3304 334 3355 cesserat
350 3302 467 3352 adbibita
484 3303 512 3350 in
530 3301 704 3368 designandis
714 3301 880 3368 litigantibus
900 3297 1097 3366 (discederetis.
1118 3300 1305 3370 accepissetis).
1327 3301 1425 3350 Proba·

206 3379 269 3425 runt
288 3374 358 3438 qnod
373 3387 425 3422 nos
442 3388 503 3422 cum
521 3373 655 3435 prioribus
673 3373 804 3434 exemptis
822 3373 952 3422 edidimus
971 3373 1095 3424 Vorsiius
1114 3375 1141 3424 et
1159 3370 1311 3423 Turranius.

279 3441 543 3510 incommista)
568 3442 665 3492 Notaui
682 3444 806 3492 lacunam
825 3443 965 3506 archetypi
984 3444 1098 3496 codicis.
1126 3459 1185 3493 cum
1209 3441 1336 3492 exciderit
1353 3440 1426 3488 adie-

206 3518 306 3566 ctiuum
324 3518 371 3564 sut
387 3515 554 3578 participium
572 3514 721 3575 quoddam,
749 3513 884 3575 pertinens
909 3515 943 3562 ad
963 3512 1111 3578 praenatans
1135 3515 1162 3563 et
1179 3513 1332 3576 oppositum
1348 3509 1426 3560 alteri

206 3588 266 3638 eius
282 3586 399 3637 neminis
417 3586 556 3641 adiectiuo.
575 3581 724 3649 kpidssem.
765 3583 865 3632 blanca
886 3583 913 3632 in
930 3585 1007 3632 bonis
1026 3584 1099 3632 libris
1118 3583 1251 3634 sententia
1268 3583 1294 3632 in
1313 3581 1425 3630 deterio-

206 3660 281 3708 ribus
299 3659 376 3708 uarie
393 3656 540 3720 suppletur,
557 3655 666 3704 insertis
683 3669 712 3704 re
730 3649 843 3718 ἅμα,
863 3649 967 3718 dipnsss
983 3667 1022 3707 se,
1041 3650 1192 3720 optandam,
1211 3649 1334 3705 dotum
1353 3651 1425 3704 simi·

205 3731 285 3780 tibus.
322 3729 390 3788 Quid
409 3727 567 3795 cogitauerit
583 3728 675 3776 auctor
692 3740 746 3774 non
763 3728 818 3773 tam
837 3723 943 3773 diiilcile
962 3725 1030 3774 dictu
1044 3726 1087 3775 est
1099 3739 1179 3790 quarn
1197 3725 1259 3788 quid
1278 3722 1423 3788 scripserit.

206 3799 337 3864 Suspicor
354 3800 444 3848 autem
463 3796 640 3862 supplendum
657 3809 723 3847 esso
739 3792 859 3846 seesima
869 3795 915 3844 aut
932 3790 1054 3846 debitam.
1076 3797 1267 3846 Particularum
1284 3799 1314 3846 st
1330 3809 1425 3847 sos-

206 3869 248 3920 s'to
265 3886 313 3933 pro
331 3867 436 3920 etiamsi
452 3883 503 3918 soa
520 3895 555 3905 -
573 3871 659 3917 tomes
675 3868 823 3931 positarum
842 3867 967 3930 exempla
985 3870 1110 3935 congessi
1128 3870 1162 3918 ad
1180 3867 1213 3927 Π,
1233 3863 1258 3925 d.
1277 3859 1302 3918 3.

278 3935 304 3990 3.
325 3937 371 3992 Os.
390 3937 486 3990 Falss'o
504 3936 612 3998 Fioeee)
637 3939 678 3988 De
697 3953 812 4004 quonam
830 3939 878 3990 Cn.
897 3937 989 3988 Fuluio
1007 3939 1104 3989 Flacco
1127 3939 1286 4008 cogitauerit
1302 3940 1426 3992 Valerius

207 4011 331 4077 equidem
349 4026 410 4060 cuna
427 4011 561 4074 prioribus
580 4011 778 4060 enarratoribus
795 4010 900 4076 ignrun
935 4009 1064 4078 Legimus
1082 4013 1153 4074 apud
1165 4013 1270 4062 Liuium
1282 4011 1368 4070 XXV,
1387 4026 1425 4060 ee.

205 4077 234 4140 2,
252 4077 280 4138 3,
297 4077 341 4140 20,
359 4076 409 4137 212
427 4082 526 4140 xxvi,
545 4077 572 4138 2.
590 4076 608 4132 3
626 4081 705 4130 huius
722 4081 1005 4143 nominispraetorern,
1021 4096 1154 4146 prospero
1169 4098 1299 4136 successu
1317 4084 1425 4140 oinium.

206 4153 333 4204 socordia
356 4153 502 4206 exereitum
524 4153 553 4202 in
571 4150 668 4213 apuria
691 4153 818 4203 amisisse
842 4153 870 4202 et
893 4154 927 4202 ob
951 4153 977 4202 id
996 4155 1149 4204 accusatum
1174 4157 1322 4206 uoluntario
1346 4154 1427 4206 exitio

206 4239 240 4274 ae
259 4225 321 4274 ante
338 4225 464 4273 iudicium
482 4223 613 4287 supplicio
626 4225 803 4290 subtpaxisso.
838 4223 879 4271 De
892 4225 982 4285 spreto
998 4224 1122 4288 triumphi
1134 4227 1236 4278 honore
1247 4227 1313 4276 nibil
1325 4226 1427 4274 dieitur.

205 4296 302 4355 Neque
320 4297 427 4344 omnino
446 4296 504 4345 ueri
525 4294 612 4343 sinrile
637 4295 680 4342 est
703 4293 863 4356 triumphum
889 4294 950 4344 hnic
974 4294 1077 4358 quidem
1096 4296 1189 4348 Fuluio
1214 4310 1277 4348 esse
1299 4295 1425 4344 oblatum.

206 4367 376 4429 Quapropter
392 4367 515 4429 Kappius
533 4381 551 4412 a
568 4364 676 4414 Valerio
694 4365 730 4414 iti.
748 4364 860 4414 Fabium
879 4379 939 4414 cum
958 4365 1003 4416 Cn.
1021 4366 1113 4417 Fuluio
1132 4369 1271 4424 ooniacum
1290 4377 1353 4414 essa
1372 4364 1426 4412 sta·

205 4437 265 4491 tuit.
283 4451 364 4498 quem
380 4449 450 4486 sane
468 4437 561 4486 Liuius
579 4435 613 4494 11,
631 4431 665 4484 47
691 4436 825 4485 decretum
850 4435 902 4486 sibi
926 4450 944 4484 a
965 4439 1061 4486 senatu
1083 4439 1243 4501 triumphurn
1265 4435 1425 4498 repudiasse

206 4511 308 4559 narrat.
345 4505 400 4558 Sed
417 4522 453 4557 ne
471 4509 541 4557 hune
559 4507 666 4568 quidam
678 4507 833 4556 damnatum
844 4507 891 4556 aut
908 4505 988 4556 exilio
1000 4509 1137 4558 multatum
1149 4521 1214 4558 esse
1224 4507 1336 4562 constat,
1354 4503 1427 4569 quod

207 4579 235 4629 si
252 4579 351 4628 mium
370 4581 454 4638 esset,
473 4581 546 4628 cerie
563 4592 617 4627 non
633 4578 810 4641 praeterisset
826 4577 933 4627 silentio
944 4577 1045 4636 Liuius,
1065 4581 1109 4644 qui
1127 4578 1198 4628 omni
1215 4577 1275 4626 acto
1292 4575 1426 4638 triumpho

207 4651 361 4713 depositum
379 4650 449 4699 bunc
466 4649 626 4713 triumphum
645 4650 784 4700 clariorem
802 4649 888 4698 iuisoe
906 4649 1051 4710 praedicat.
1093 4649 1201 4699 Oiiuerii
1225 4648 1258 4698 de
1277 4647 1314 4696 it.
1333 4645 1427 4698 Fuluio

206 4720 345 4776 Nobiliore
361 4720 561 4786 interpretantis
578 4729 711 4782 morem,
730 4719 892 4789 castigatum
910 4734 928 4768 s
946 4719 1093 4784 dimano,
1117 4721 1240 4784 repetunt
1256 4717 1427 4772 Helbecltins
