3409 5400
272 500 336 567 att
679 484 738 549 DE
761 473 1092 547 LIBERALITATE.

276 656 416 724 Graecia
432 652 652 723 conuenisset,
676 647 711 713 T.
730 644 883 725 Quintius
899 639 1104 704 Flamininus
1127 633 1224 698 tubae
1248 634 1347 721 signo
1370 630 1506 695 silentio

274 766 362 829 iacto
385 783 443 848 per
467 778 663 845 praeconem
685 752 768 816 haec
792 748 895 813 uerba
908 746 1040 809 recitari
1059 744 1169 807 iussit:
1194 742 1229 804 S.
1245 738 1284 807 P.
1301 738 1342 819 Q.
1358 739 1400 802 R.
1417 748 1450 799 et
1466 735 1504 803 T.

277 870 427 951 Quintius
451 846 654 950 Flamininus
677 864 855 945 imperator
877 874 992 919 omnes
1015 850 1174 914 Graeciae
1197 847 1305 921 urbes,
1330 866 1417 931 quae
1439 844 1506 907 sub

278 976 404 1043 dicione
421 971 571 1056 Philippi
593 969 683 1054 regis
707 966 846 1036 fuerunt,
869 961 992 1025 liberas
1015 970 1113 1043 atquc
1137 958 1288 1020 inmunes
1311 974 1387 1017 esse
1403 952 1504 1016 iubet.

279 1082 406 1163 Quibus
438 1076 557 1143 auditis
586 1075 729 1139 maximo
758 1082 789 1133 et
816 1068 985 1153 inopinato
1016 1061 1138 1149 gaudio
1168 1061 1321 1125 homines
1350 1059 1536 1145 perculsit

278 1190 385 1274 primo
408 1184 507 1249 ueluti
527 1204 593 1245 non
609 1180 743 1245 audisse
762 1199 797 1241 se
815 1196 900 1262 quac
917 1171 1090 1236 audierant
1105 1168 1274 1232 credentes
1291 1167 1506 1230 obticuerunt.

282 1291 402 1358 iterata
433 1287 549 1353 deinde
578 1285 838 1373 pronuntiatione
863 1278 1049 1366 praeconis,
1079 1287 1168 1340 tanta
1194 1273 1320 1338 caelum
1351 1273 1507 1337 clamoris

285 1398 451 1465 alacritate
474 1394 709 1479 conpleuerunt
730 1403 764 1453 ut
779 1400 865 1452 certe
882 1394 1009 1449 constet
1024 1405 1117 1457 aues,
1141 1402 1224 1467 quac
1241 1379 1509 1465 superuolabant,

286 1505 448 1573 adtonitas
465 1512 688 1587 pauentesque
706 1496 879 1561 decidisse.
927 1492 1041 1578 Magni
1064 1490 1164 1552 animi
1187 1489 1305 1552 fuisset
1328 1511 1348 1550 a
1370 1497 1417 1549 tot
1432 1506 1510 1570 cap·

286 1614 426 1675 tinorum
455 1607 615 1693 capitibus
646 1607 834 1669 seruitutem
859 1602 1058 1674 detraxisse,
1087 1608 1166 1685 quot
1192 1608 1267 1657 tunc
1295 1592 1512 1657 nobilissimis
1524 1608 1549 1651 tt

289 1729 321 1782 et
348 1715 603 1803 opulentissimis
631 1712 764 1775 urbibus
793 1709 933 1795 populus
964 1708 1137 1771 Romanus
1165 1702 1346 1766 libertatern
1374 1698 1514 1783 largitus

290 1833 350 1887 est.
384 1821 437 1886 Ad
461 1822 553 1884 cuius
576 1819 781 1881 maiestatem
805 1818 944 1901 pertinet
967 1836 1032 1878 nou
1054 1811 1161 1876 solum
1183 1832 1269 1895 quae
1285 1809 1355 1892 ipse
1370 1806 1515 1891 benigne

290 1928 397 1999 tribuit
425 1926 486 1991 sed
515 1927 611 1989 etiarn
642 1946 726 2009 quae
756 1922 820 1986 alio
852 1923 1011 1985 tribuente
1043 1919 1146 1982 sensit
1176 1913 1436 1980 commemorari.
1470 1908 1517 1971 i'r

292 2036 378 2101 enim
401 2032 464 2097 illic
479 2042 765 2104 commemoratae,
785 2031 830 2094 ita
845 2028 898 2091 liic
913 2027 1059 2091 redditae
1074 2024 1184 2089 laudis
1201 2019 1440 2087 commendatio
1456 2028 1517 2080 est.

157 2154 229 2222 Exi,
252 2154 283 2221 1,
380 2138 491 2213 Hiero,
521 2139 760 2222 Syracusarum
789 2157 856 2207 rex,
886 2135 996 2198 audita
1023 2132 1135 2205 clade,
1164 2152 1231 2218 qua
1257 2126 1399 2193 Romani
1428 2122 1518 2209 apud
1528 2142 1555 2184 11

294 2246 555 2331 Thrasymenum
577 2243 686 2307 lacum
710 2252 803 2306 erant
826 2241 957 2314 adflicti,
982 2240 1064 2302 000
1088 2239 1178 2301 milia
1200 2234 1346 2302 modium
1370 2232 1464 2294 tritici
1488 2242 1520 2291 et

297 2353 350 2419 00
372 2350 489 2414 hordei
514 2351 649 2437 aurique
679 2348 819 2412 ducenta
846 2360 878 2410 ct
900 2346 961 2410 Xlr
990 2344 1099 2430 pondo
1128 2344 1200 2408 urbi
1231 2352 1364 2405 nostrae
1393 2335 1521 2401 muneri

296 2460 394 2525 misit.
429 2456 545 2541 Neque
560 2458 695 2541 ignarus
713 2453 929 2517 uerecundiae
945 2453 1107 2515 maiorum
1124 2460 1320 2521 nostrorum,
1342 2468 1383 2509 ne
1399 2443 1521 2508 nollent

302 2616 326 2669 l.
344 2616 433 2684 gratia
446 2634 462 2665 a
479 2612 511 2665 A.
524 2610 538 2679 11
551 2616 655 2678 quintus
679 2611 863 2667 GDEFPea
882 2618 908 2663 et
925 2627 971 2679 pr.
989 2609 1020 2663 A
1033 2609 1046 2677 11
1058 2610 1189 2661 tianuuius
1211 2606 1305 2660 EPar.
1328 2607 1468 2655 flamineus
1489 2599 1521 2653 F.

310 2685 325 2752 ΙΙ
336 2689 432 2738 turbae
445 2679 534 2750 0113.
548 2687 678 2746 quinctius
691 2684 722 2737 A.
741 2687 848 2748 quintus
867 2679 1213 2748 consensurumque
1226 2677 1322 2733 EPer.
1340 2678 1479 2727 flamineus
1489 2671 1520 2725 F.

302 2755 364 2878 124.
384 2755 496 2822 dicione]
521 2757 625 2805 actione
644 2753 671 2805 F.
683 2753 696 2820 ΙΙ
714 2759 787 2826 regis
807 2757 918 2820 philippi
936 2751 997 2806 EF.
1014 2753 1027 2821 ΙΙ
1042 2755 1139 2803 liberat
1156 2765 1225 2802 corr.
1244 2747 1283 2802 D.
1298 2749 1312 2816 ΙΙ
1328 2745 1353 2800 b.
1372 2749 1454 2798 ueluti
1472 2761 1520 2797 ote.

328 2825 362 2892 ,11
374 2819 466 2876 ander*
480 2839 523 2890 pr.
541 2823 572 2876 A.
595 2821 692 2876 uudler*
712 2841 780 2878 corr.
805 2825 835 2878 A.
860 2827 999 2874 audierunt
1025 2821 1113 2875 CEF.
1130 2823 1144 2889 ΙΙ
1161 2821 1186 2872 7.
1206 2825 1306 2871 tuntum
1326 2816 1520 2888 1111010111-

303 2897 436 2960 pullerunt
453 2891 486 2945 E.
499 2893 596 2962 licerio
615 2893 747 2947 FFTorr.
762 2901 774 2963 11
788 2894 813 2947 il.
835 2898 965 2946 cecidisse
984 2893 1020 2946 Ε.
1037 2893 1051 2962 ΙΙ
1068 2895 1161 2960 Magni
1184 2893 1277 2958 animi]
1302 2893 1391 2959 magis
1417 2905 1475 2940 cum
1494 2883 1521 2937 F.

318 2965 330 3036 ΙΙ
345 2967 430 3018 tuisse
438 2962 461 3016 A
469 2963 590 3017 CDEF.
602 2965 648 3014 tuit
656 2964 687 3017 Γ.
700 2966 713 3032 ΙΙ
730 2965 767 3018 10.
779 2969 897 3018 traxisse
909 2963 942 3018 E.
954 2964 968 3032 ΙΙ
979 2968 1044 3028 quot
1054 2993 1087 3002 -
1097 2961 1167 3030 111.)
1176 2963 1371 3014 commendatio
1383 2963 1426 3012 est
1436 2975 1485 3011 ora
1492 2953 1521 3008 Γ.

318 3039 331 3104 ΙΙ
345 3036 420 3102 quot]
440 3034 576 3086 terarum
588 3033 623 3086 E.
642 3037 710 3100 quod
732 3035 816 3088 CDF
833 3043 858 3087 et
865 3051 911 3104 pr.
927 3035 957 3088 A.
976 3039 1038 3099 quid
1058 3038 1126 3102 qnod
1146 3049 1216 3088 corr.
1234 3032 1266 3085 A.
1277 3034 1291 3100 ΙΙ
1302 3037 1364 3084 tune
1382 3024 1510 3096 0111011

308 3109 350 3162 11.
370 3107 407 3173 et]
426 3109 507 3168 etque
524 3103 561 3158 D.
576 3101 588 3170 ΙΙ
602 3107 717 3169 populus
735 3123 861 3157 romanus
880 3109 990 3156 urbibus
1008 3106 1044 3158 D.
1067 3105 1079 3171 ΙΙ
1101 3103 1143 3157 ta.
1162 3105 1214 3171 Ad]
1239 3107 1264 3154 id
1283 3102 1312 3156 F.
1331 3104 1344 3171 ΙΙ
1359 3118 1430 3165 quac
1453 3100 1521 3166 ipsc]

307 3181 377 3248 quod
395 3176 430 3230 Ε.
451 3174 463 3246 ΙΙ
484 3172 525 3227 13.
544 3179 613 3242 quod
633 3176 686 3225 elio
703 3171 739 3225 Ε.
755 3177 769 3242 ΙΙ
785 3177 820 3226 Vt
844 3180 914 3228 euim
932 3207 965 3216 -
987 3175 1054 3242 (11.)
1079 3179 1274 3227 commendatio
1293 3179 1336 3226 est
1359 3189 1409 3224 om.
1427 3170 1513 3236 Dan

308 3249 351 3304 14.
376 3247 631 3301 commendationcst
648 3259 694 3311 pr.
719 3241 751 3294 A.
776 3251 1023 3299 commendaciones
1050 3247 1111 3300 ΟΕ.
1129 3249 1142 3314 ΙΙ
1161 3243 1201 3300 ib.
1226 3259 1413 3312 syracusanus
1437 3241 1522 3294 OEF.

307 3334 535 3388 syracusanorum
553 3315 578 3366 Γ
585 3314 661 3366 Torr.
682 3312 724 3379 Cs-
748 3311 807 3369 VH.
826 3311 851 3370 4.
869 3323 919 3368 eet.
940 3319 964 3369 1.
982 3317 994 3381 ΙΙ
1016 3316 1056 3370 111.
1075 3321 1297 3384 thrasymennum
1316 3315 1339 3368 A
1346 3315 1409 3368 Per.
1432 3315 1523 3365 transi·

308 3388 486 3444 menumDE
492 3386 523 3440 F.
539 3391 550 3454 ΙΙ
565 3385 691 3450 modium]
713 3401 737 3434 tn
758 3411 770 3436 ι
786 3409 799 3435 ι
814 3409 826 3435 ι
844 3389 1073 3456 (suprascriptae)
1091 3387 1201 3442 corr.A.
1219 3388 1320 3440 incerte
1328 3401 1374 3454 pr.
1386 3384 1419 3438 A.
1439 3387 1524 3436 modia

310 3461 346 3515 D.
362 3477 411 3514 om.
427 3457 545 3527 Paenitet
565 3457 616 3522 CC]
638 3455 678 3506 ric
697 3453 722 3506 F
738 3460 764 3506 ct
776 3469 821 3522 pr.
840 3454 872 3506 A.
892 3460 916 3506 ct
935 3459 962 3515 ἐξ
978 3474 1047 3512 corr.
1067 3457 1096 3510 A.
1115 3461 1146 3518 fi
1159 3475 1205 3528 pr.
1225 3457 1252 3510 C.
1271 3462 1298 3509 et
1315 3459 1346 3516 fi
1364 3470 1435 3508 corr.
1455 3455 1482 3508 C.
1500 3464 1525 3505 et

311 3549 373 3583 cccc
384 3530 421 3585 D.
436 3533 549 3582 ducenta
559 3526 666 3592 (crabro
676 3529 714 3591 et)
725 3525 759 3578 Ε.
780 3529 894 3576 ducenta
907 3531 978 3578 mitia
988 3530 1093 3590 torriaco
1103 3535 1140 3594 et)
1153 3530 1179 3583 Γ
1184 3529 1261 3582 Torr.
1281 3533 1308 3580 ct
1325 3531 1439 3578 ducenta
1448 3523 1523 3592 Parti

311 3605 385 3654 ordei
396 3601 428 3654 A.
440 3601 453 3668 ΙΙ
467 3601 508 3653 11.
521 3601 582 3666 XL]
603 3627 614 3651 ι
630 3602 638 3650 l
651 3597 680 3649 A.
697 3596 709 3666 ll
723 3613 832 3648 munere
850 3595 1051 3656 (animabitis
1067 3609 1174 3663 caretro)
1185 3600 1217 3652 A.
1236 3600 1339 3652 numari
1357 3602 1394 3664 tt)
1412 3595 1449 3649 D.
1460 3596 1474 3663 ΙΙ
1487 3595 1524 3648 te.

310 3672 472 3738 nostrerum]
492 3671 528 3792 ip
537 3685 635 3724 rasura
651 3667 682 3722 A.
695 3669 707 3736 ΙΙ
720 3668 765 3734 ne]
786 3683 818 3718 ne
838 3671 862 3717 id
881 3668 910 3719 111
928 3681 1024 3719 resera
1036 3667 1069 3722 A.
1090 3670 1136 3720 rat
1154 3675 1178 3723 id
1194 3670 1302 3740 punctis
1318 3675 1442 3721 rotatum.
1461 3670 1525 3730 quod

311 3744 349 3792 iili
366 3741 402 3796 E.
422 3745 485 3806 quie
528 3775 534 3792 .

388 3913 422 3966 Vt
439 3915 506 3968 enim
524 3915 591 3980 illic)
617 3917 697 3968 Recte
722 3917 830 3966 enarrat
848 3917 1002 3967 Perizonius
1022 3917 1059 3964 ite
1080 3918 1150 3982 loqui
1172 3918 1306 3968 Valerium
1323 3922 1350 3969 iu
1368 3917 1479 3968 transitu
1496 3918 1527 3966 ad

314 3989 433 4044 externa,
453 3987 515 4048 qula
533 3990 591 4052 ipsc
611 3989 639 4037 ut
651 3989 787 4038 Romanus
805 3987 956 4049 insequenti
969 3987 1091 4050 exemplo
1104 3989 1198 4037 reddat
1216 3989 1322 4038 laudem
1341 3989 1455 4044 iiicroni.
1474 4004 1527 4037 cum

313 4071 397 4120 supra
415 4060 663 4108 commemorauerit
680 4058 786 4108 laudem
805 4059 896 4121 populi
914 4059 1036 4110 Romani.
1073 4058 1107 4107 nt
1124 4060 1214 4108 manet
1232 4058 1315 4108 nihilo
1332 4058 1420 4106 nilons
1436 4061 1528 4108 incom-

312 4127 395 4176 moda
413 4128 546 4190 oppositio
565 4129 632 4178 inter
652 4131 888 4179 commemoratam
907 4132 933 4177 ct
952 4131 1081 4179 redditam
1100 4130 1220 4187 laudem,
1243 4145 1304 4178 cum
1322 4131 1350 4178 et
1366 4128 1455 4191 ipsum
1471 4131 1528 4178 iilud

313 4199 425 4248 reddere
448 4197 554 4248 laudem
579 4199 643 4248 nibil
667 4199 736 4248 alitui
760 4200 795 4249 sit
826 4215 906 4264 quarn
935 4215 1143 4250 commemorare
1175 4206 1313 4250 externam
1342 4197 1529 4250 liberalitatem.

314 4273 372 4330 Quo
391 4283 450 4318 cum
469 4269 580 4320 accedat
599 4271 627 4317 ut
644 4283 738 4332 parum
757 4277 869 4320 uenuste
887 4270 982 4321 iterum
1000 4271 1028 4320 in
1040 4272 1266 4321 commemorandi
1279 4272 1390 4320 uerbum
1406 4269 1530 4323 inciderit.

315 4342 373 4390 sine
393 4339 471 4389 dubio
489 4340 585 4392 melius
604 4355 653 4403 pro
672 4347 884 4391 commemoretur
908 4343 1064 4405 scripsisset
1088 4341 1205 4395 aceretae.
1253 4342 1346 4406 Neque
1368 4344 1459 4390 tamen
1476 4341 1530 4390 ideo

315 4410 513 4460 sollicitandum
532 4413 595 4475 puto
615 4415 734 4460 ueterum
755 4413 879 4462 librorum
898 4413 1086 4463 testimonium.
1128 4413 1244 4476 Saepius
1263 4413 1332 4462 enim
1350 4412 1404 4460 iam
1423 4411 1530 4460 uidimus

314 4481 452 4532 Valerium
474 4483 501 4532 in
524 4483 652 4546 perpetuo
681 4483 724 4531 illo
754 4487 891 4533 contortae
915 4486 995 4548 atque
1019 4484 1181 4534 artificiosae
1209 4483 1338 4534 orationis
1368 4481 1457 4530 stadio
1483 4497 1531 4530 non

316 4565 423 4616 semper
442 4554 477 4602 ab
495 4553 700 4602 inconcinnitate
719 4557 746 4604 ct
765 4556 938 4622 neglegentia
956 4555 1073 4614 cauisse.

386 4623 445 4670 sat
467 4621 489 4673 1.
515 4625 553 4674 01.
575 4625 630 4675 liu.
650 4625 735 4682 XXll,
754 4622 797 4684 37,
818 4629 863 4690 qui
883 4626 1025 4675 Victoriam
1043 4639 1154 4676 auream
1172 4628 1261 4691 pondo
1279 4626 1428 4676 trecentum
1444 4625 1531 4690 uiginti

316 4691 428 4742 missam
447 4705 509 4743 esse
528 4695 616 4750 retert.
654 4696 699 4746 lul.
720 4695 796 4746 i’aris
816 4698 908 4746 contra
927 4710 961 4744 ex
979 4699 1067 4758 pondo
1087 4697 1150 4746 cei.
1170 4697 1348 4748 cataractam
1368 4695 1438 4745 dicit
