3409 5400
285 459 358 537 ili
746 464 805 532 Dli
827 462 1048 533 INGRATIS.
1095 455 1099 464 ’

375 626 464 709 Quid
487 626 581 692 elrest
601 628 717 714 igitur,
746 629 823 712 quin
859 627 991 714 publica
1023 628 1191 691 dementia
1218 627 1263 691 sit
1292 624 1515 690 existimanda

286 758 416 805 summo
452 756 619 800 consensu
654 735 816 799 maximas
850 736 986 799 uirtutes
1021 734 1119 820 quasi
1155 732 1359 820 grauissima
1391 730 1514 797 delicta

200 840 203 847 ’
285 845 400 932 punire
422 842 648 928 beneficiaque
675 842 803 905 iniuriis
831 838 1040 927 rependeret
1075 838 1174 921 Quod
1200 862 1276 905 cum
1297 840 1419 929 ubique
1442 851 1512 904 tum

284 954 461 1039 praecipue
477 947 618 1015 Athenis
641 947 844 1013 intolerabile
867 948 973 1013 uideri
988 947 1094 1022 debet,
1117 949 1153 1012 in
1169 969 1237 1034 qua
1252 946 1332 1013 urbe
1347 946 1510 1013 aduersus

285 1062 435 1148 ingratos
459 1059 544 1122 actio
569 1054 832 1131 constituisse
863 1065 895 1118 et
915 1065 1014 1128 recte,
1039 1055 1117 1140 quia
1139 1053 1242 1120 dandi
1269 1065 1301 1117 et
1327 1053 1539 1140 accipiendis

285 1166 438 1231 beneficii
464 1164 713 1238 commercium,
750 1162 822 1227 sine
855 1182 921 1248 quo
955 1162 1010 1225 uix
1042 1160 1111 1225 uita
1144 1159 1314 1226 hominum
1342 1168 1363 1238 ¹,-
1391 1182 1507 1247 expers

285 1272 367 1339 tollit
400 1272 548 1359 quisquis
584 1271 668 1337 bene
706 1269 821 1335 merito
861 1290 976 1355 parem
1011 1268 1134 1331 referre
1175 1270 1316 1354 matiam
1353 1269 1508 1356 neglegit.

287 1380 451 1461 Quantam
479 1398 559 1466 ergo
587 1376 879 1464 reprehensionem
908 1385 1074 1441 merentur
1103 1375 1175 1462 qui,
1204 1396 1278 1439 cum
1306 1376 1510 1463 aequissima

284 1488 358 1553 iura
380 1487 441 1550 sed
462 1486 675 1571 iniquissima
696 1482 834 1570 ingenia
856 1479 1023 1556 haberent,
1046 1481 1193 1546 moribus
1217 1483 1288 1546 suis
1305 1503 1404 1570 quam
1426 1480 1508 1569 legi·

284 1595 347 1659 bus
362 1594 409 1657 uti
423 1592 628 1659 maluerunt?
667 1584 765 1671 Quod
781 1588 810 1653 si
835 1609 901 1676 qua
917 1588 1123 1674 prouidentia
1143 1588 1280 1653 deorum
1295 1590 1382 1653 effici
1395 1598 1548 1675 possetis

284 1710 321 1765 ut
343 1698 607 1765 excellentissimi
630 1698 701 1771 uiri,
725 1715 863 1783 quorum
884 1693 985 1760 modo
1010 1717 1110 1761 casus
1132 1695 1236 1771 retuli,
1263 1694 1374 1783 legem
1394 1695 1508 1784 ingra-

285 1821 391 1874 torum
413 1806 577 1871 uindicem
593 1806 768 1869 retinentes
785 1803 925 1889 patriam
942 1822 1038 1867 suam
1053 1804 1154 1866 inias
1171 1801 1215 1867 ad
1230 1801 1329 1867 aliam
1345 1803 1508 1867 ciuitatem

285 1912 525 2000 pertraherent,
559 1932 668 1976 nonne
695 1910 906 1996 ingeniosum
936 1920 981 1973 et*
998 1908 1167 1996 garrulum
1198 1909 1353 1996 populum
1382 1922 1509 1975 mutum

287 2034 383 2111 atque
414 2020 577 2109 elinguem
605 2017 668 2082 hac
697 2016 917 2102 postulatione
950 2014 1199 2081 reddidissent?
1231 2015 1411 2081 Discordes
1441 2017 1509 2080 ioci

286 2130 331 2194 tui
364 2128 528 2216 pagisque
567 2124 703 2191 diuidua
741 2124 873 2209 tuguria
907 2121 1067 2187 Graeciae
1106 2124 1196 2189 iacta
1233 2136 1309 2189 sunt
1343 2124 1507 2189 columen.
1517 2146 1547 2190 rs

284 2234 387 2302 Lucci
414 2231 589 2299 Marathon
618 2229 761 2294 Persicis
794 2227 973 2315 trophaeis.
1031 2229 1202 2295 Salamina
1236 2243 1268 2295 et
1296 2230 1507 2296 Artemisium

286 2409 312 2467 3.
329 2411 524 2479 beneficiaque]
544 2425 595 2477 que
614 2423 663 2462 aaa.
681 2404 717 2460 Ε.
729 2407 742 2475 ΙΙ
754 2409 951 2471 reprehendere
969 2406 1003 2459 Ε.
1015 2405 1030 2475 ΙΙ
1047 2406 1119 2475 cum]
1138 2396 1194 2459 tum
1211 2406 1248 2462 D.
1265 2405 1321 2478 116.
1339 2410 1405 2461 uixit
1421 2411 1460 2461 ita
1478 2406 1507 2461 0.

297 2486 311 2553 Η
322 2500 420 2551 expers
438 2484 516 2549 tollit]
535 2481 574 2533 ric
593 2478 621 2534 O.
640 2482 716 2531 exter
734 2479 836 2529 extollit
852 2476 914 2539 (litt.
933 2481 1010 2529 exter
1029 2493 1063 2530 ex
1081 2477 1110 2528 ia
1126 2487 1234 2541 raeara)
1249 2480 1282 2533 Α.
1300 2484 1387 2545 perdit
1400 2484 1428 2533 et
1438 2482 1508 2531 toltit

284 2555 346 2617 (titt.
368 2558 455 2621 perdit
478 2558 505 2606 et
527 2552 556 2604 ia
578 2556 685 2607 rasura)
708 2547 745 2602 D·
774 2554 834 2600 cate
858 2550 945 2614 perdit
967 2547 1045 2601 addit
1067 2553 1153 2609 extat,
1182 2551 1366 2620 suprascripto
1389 2556 1505 2607 constat,

286 2641 376 2691 marpo
394 2623 431 2677 D.
451 2626 525 2710 extat
542 2623 609 2673 tollii
627 2620 690 2675 ΕΓ.
715 2622 819 2706 constat
844 2623 957 2708 perdidit
980 2627 1007 2672 ct
1015 2622 1093 2744 Pt'ottit
1110 2618 1142 2673 F.
1165 2626 1272 2709 constat
1289 2626 1376 2689 perdit
1392 2628 1420 2674 et
1437 2626 1506 2674 toltit

286 2694 391 2818 iiiii
401 2688 1169 2833 i.‘¹i¹¹ti¹⁰t.i.i.iiiitti¹tibitibi0.itit
1183 2692 1222 2835 fi
1237 2692 1504 2836 'ti'iiiit‘t'i'

286 2833 330 2891 13.
348 2839 447 2889 metum
464 2851 506 2902 pr.
524 2835 557 2889 Α.
576 2835 588 2902 ΙΙ
609 2830 650 2886 15.
668 2837 797 2900 pacisque
815 2832 1002 2887 ACDDFP.
1026 2832 1147 2887 Correxit
1162 2835 1283 2906 inpetu.
1297 2837 1311 2907 ΙΙ
1328 2840 1419 2890 diuina
1433 2835 1493 2904 Γ.ΙΙ

308 2911 397 2961 raecia
415 2933 428 2962 a
441 2905 473 2960 Α.
485 2905 498 2974 ΙΙ
512 2902 553 2957 tt.
563 2905 682 2970 tropaeis
694 2903 738 2966 (A)
748 2902 762 2972 ΙΙ
775 2907 889 2956 selamin
901 2904 923 2957 Α
933 2904 962 2960 C.
981 2907 1124 2958 salaminis
1135 2905 1172 2961 D.
1191 2907 1333 2960 salamiam
1345 2907 1374 2964 F.
1386 2909 1505 2960 Salamis

286 2925 364 3102 i'rprhr.
376 2975 390 3045 ΙΙ
401 2979 439 3064 et]
453 2983 518 3101 papi
535 2977 704 3029 Artemisium
722 2973 758 3028 D.
769 2975 782 3043 ΙΙ
794 2979 957 3029 arteuesium
976 2974 1006 3030 0.
1025 2979 1233 3060 artheniensium
1244 2979 1280 3035 D.
1299 2982 1457 3033 arthemisia
1466 2979 1505 3034 D.

285 3067 303 3101 a
345 3064 474 3103 emesrum
517 3087 526 3104 .

355 3209 412 3262 riae
429 3224 479 3277 qua
496 3207 543 3260 uic
560 3207 616 3260 uita
633 3205 762 3259 inmittam
780 3211 797 3274 †
816 3223 909 3276 erpere
926 3207 1004 3271 toltit)
1020 3209 1171 3262 Doiendum
1188 3215 1232 3264 ost
1242 3215 1270 3264 ia
1282 3213 1436 3266 difficillimo
1451 3215 1505 3264 baa

283 3283 344 3334 loco
362 3282 515 3347 primariam
535 3279 594 3331 libri
611 3281 756 3332 Berneusis
775 3282 934 3344 scripturam
950 3283 1003 3331 sub
1021 3281 1101 3332 litura
1118 3283 1313 3336 itaeuanuisse
1331 3286 1359 3335 ut
1377 3287 1433 3353 legi
1449 3287 1502 3335 iam

284 3369 337 3405 uon
354 3355 450 3418 possit.
491 3351 629 3404 Corrector
652 3352 710 3401 eius
734 3351 794 3401 libri
817 3353 886 3402 baec
909 3352 1030 3403 ualuisse
1053 3354 1170 3413 uidetur,
1195 3359 1310 3411 maret,
1337 3354 1416 3415 attia
1440 3371 1503 3408 uam

285 3426 443 3489 compendia
466 3425 633 3490 syllabarum
657 3426 682 3472 et
705 3424 732 3472 ct
754 3437 785 3472 cc
808 3436 903 3487 parum
926 3423 995 3474 iuter
1017 3437 1049 3475 se
1073 3425 1204 3479 differunt
1248 3427 1304 3479 lam
1327 3442 1393 3479 uero
1409 3428 1503 3490 reliqui

284 3498 400 3555 codices,
418 3496 445 3545 ui
464 3495 550 3554 fallor,
570 3493 708 3544 declarant
728 3494 755 3544 iu
774 3495 922 3558 archetypo
940 3493 1033 3546 codice
1050 3497 1131 3561 atque
1153 3498 1224 3548 adeo
1244 3500 1272 3550 in
1290 3499 1420 3550 &cneori
1437 3515 1503 3565 aaa·

285 3583 336 3632 que
354 3569 417 3618 olim
435 3567 527 3627 saissa
547 3566 616 3628 quod
636 3565 772 3628 proximus
791 3567 826 3615 ab
851 3566 898 3616 illa
921 3567 989 3616 libro
1008 3567 1189 3620 berolinensis
1209 3566 1232 3620 0
1253 3571 1385 3629 seruauit,
1410 3583 1504 3637 capes

284 3636 370 3694 taust.
394 3639 468 3688 idern
487 3651 554 3688 sane
572 3636 688 3700 optimus
706 3635 774 3686 iuter
792 3636 974 3688 Torreniaaoa
991 3637 1129 3690 Mediceis
1148 3641 1250 3704 primus
1268 3643 1391 3700 exhibet,
1415 3655 1502 3707 eoque

282 3710 395 3760 redeunt
411 3723 481 3772 quae
498 3710 526 3758 iu
544 3707 720 3758 deterioribus
731 3709 880 3771 temptatae
892 3711 955 3758 suut
965 3709 1192 3774 interpolationes.
1226 3712 1400 3764 Desideratur
1411 3715 1503 3764 autem

282 3780 466 3841 praedicatum
482 3780 511 3830 in
528 3779 641 3829 relatiua
660 3777 815 3839 enunciata,
834 3781 905 3845 quod
923 3784 952 3829 ut
970 3779 1125 3843 supplerent
1141 3783 1243 3834 librarii
1259 3799 1310 3834 uec
1328 3785 1502 3849 probabiliter

281 3861 332 3898 nec
350 3850 417 3898 satis
435 3849 531 3900 Latine
548 3865 596 3912 pro
664 3863 707 3900 era
724 3846 793 3900 tailit
810 3853 958 3913 posueruut
974 3850 1019 3900 aiii
1043 3856 1116 3902 cetat
1134 3851 1215 3908 toltit.
1242 3855 1287 3904 alli
1305 3859 1407 3907 marat
1422 3853 1499 3912 tellit.

282 3919 327 3968 alii
351 3923 423 3969 cetat
439 3915 533 3985 perdit
556 3924 581 3968 et
602 3923 628 3970 to
653 3916 684 3974 'tr
709 3922 779 3972 uude
803 3925 918 3974 emat.
937 3917 1031 3986 perdit
1053 3927 1079 3972 et
1101 3919 1170 3974 tollit
1190 3927 1317 3994 migrauit
1338 3928 1367 3978 iu
1388 3928 1501 3994 uulgata

281 3990 412 4052 exempla.
448 3990 577 4051 Equidem
595 4005 756 4054 persuasum
776 3993 864 4042 habeo
882 4006 916 4042 ne
934 3990 1019 4042 latere
1038 3995 1144 4055 quidem
1163 3996 1190 4046 in
1202 3997 1249 4046 ilia
1260 3998 1412 4062 corruptela
1429 3998 1499 4048 reta·

279 4059 327 4110 tiui
345 4059 478 4110 enunciati
494 4061 690 4124 praedicatum,
713 4063 783 4124 quod
801 4063 892 4126 potius
911 4063 973 4124 post
989 4061 1035 4114 aaa
1052 4067 1231 4129 supplendum
1249 4081 1314 4119 esse
1332 4070 1499 4120 crediderim.

279 4129 423 4195 Scripserit
438 4132 518 4199 igitur
537 4131 660 4182 Valerius
677 4131 734 4183 riae
751 4147 801 4198 prro
819 4131 866 4183 aia
882 4129 974 4183 uitalia
990 4131 1048 4184 trita
1063 4133 1205 4192 tom
1224 4141 1254 4190 ut
1271 4141 1364 4190 Cicero
1376 4140 1451 4193 Lael.
1471 4137 1498 4199 6,

277 4197 314 4254 22
332 4203 478 4254 secundum
496 4202 617 4262 Ennium,
637 4201 681 4254 cai
693 4207 781 4272 pateat
798 4217 853 4254 aare
871 4201 929 4253 aita
946 4201 1053 4258 aitaiie
1073 4206 1120 4273 poi
1136 4223 1189 4260 aaa
1205 4207 1236 4260 ie
1251 4208 1333 4262 urici
1349 4216 1439 4263 maa
1455 4207 1498 4262 de·

276 4273 423 4326 molestia
441 4269 628 4342 conquiescat?
646 4275 690 4324 uct
708 4275 795 4326 simite
813 4275 922 4340 aliquid,
940 4277 1010 4341 quod
1028 4280 1142 4330 eandem
1161 4283 1315 4345 praebuerit
1328 4283 1498 4336 sermotiem.

275 4345 333 4397 iarn
351 4348 385 4398 de
404 4347 572 4398 emendanda
590 4361 616 4394 u.
635 4358 727 4410 erpere
748 4360 802 4396 nou
819 4347 893 4398 mate
909 4347 974 4398 mihi
992 4350 1115 4406 sensisse
1134 4352 1238 4404 uidetur
1254 4353 1414 4414 Tarracius,
1436 4369 1497 4406 curu

275 4432 323 4479 pro
342 4433 377 4468 ea
396 4419 565 4476 scribendum
584 4429 647 4466 esse
660 4416 840 4479 suspicaretur
857 4422 986 4484 eaparte.
1023 4419 1117 4480 ‘Nemi
1130 4423 1225 4486 inquit,
1244 4426 1377 4490 ‘accipere
1389 4426 1496 4491 quidem

275 4489 331 4536 uult
348 4489 478 4555 ingratus,
498 4489 548 4538 sed
566 4487 675 4536 moueat
692 4487 738 4536 aut
755 4487 879 4556 neglegit
895 4490 1006 4540 reddere
1025 4491 1191 4554 beneficiam,
1213 4497 1296 4559 dane
1312 4497 1351 4549 ita
1368 4500 1498 4561 exparte

273 4557 340 4607 tollii
348 4559 413 4610 iilud
423 4557 627 4610 commercium'.
660 4555 748 4607 Nolim
756 4557 848 4612 tamen
860 4561 967 4612 initiari
974 4575 1009 4612 rte
1019 4561 1088 4614 heac
1097 4566 1205 4627 quidem
1213 4569 1287 4619 omui
1294 4583 1406 4620 numere
1414 4569 1497 4620 rate·

273 4627 376 4686 facere,
401 4644 460 4678 curu
482 4629 571 4691 potius
593 4629 729 4695 ingratum
753 4629 841 4682 altera
863 4631 944 4682 oiflcii
968 4635 1046 4697 parte
1068 4639 1197 4688 roccam
1217 4641 1327 4693 amalae
1343 4642 1498 4692 mutuam

272 4696 461 4748 beneficiorum
479 4699 665 4748 commercium
683 4699 777 4753 tollere
796 4702 848 4753 dict
866 4705 1009 4770 expectem
1032 4718 1123 4771 neque
1144 4723 1215 4763 uero
1226 4723 1299 4766 naue
1315 4711 1405 4766 hebra
1422 4725 1498 4776 qaae
