3409 5400
1392 514 1435 582 33

209 709 395 776 seruauerit
417 727 491 774 enm
513 702 713 778 Haloander,
737 705 771 770 in
794 702 959 791 plerisque
982 698 1151 768 codicibus
1173 719 1257 764 mss.
1277 721 1300 764 a
1313 694 1436 764 Schra-

211 817 292 885 dero
311 815 439 882 collatis
462 835 528 880 non
544 809 692 888 h'nbetun
715 812 750 876 in
767 809 842 876 aliis
859 809 957 878 ualde
974 811 1100 875 incerte
1116 808 1196 874 sedo
1219 805 1398 882 fluctuatur,
1416 827 1438 871 a

211 922 395 1012 Theophilo
420 942 541 1010 graeco
563 921 736 1007 interprete
759 917 889 985 reddite
910 939 978 984 non
1000 914 1075 983 esti
1104 915 1202 999 Quid,
1226 914 1315 1004 quod
1337 913 1438 979 altero

210 1055 267 1098 nu.
291 1051 348 1096 m
370 1031 603 1113 nffltonimneo
614 1025 805 1094 Heloander
821 1047 882 1092 nec
899 1038 1029 1114 praeter
1044 1025 1111 1091 nlia
1121 1023 1440 1112 praestantissimum

210 1139 410 1208 Veronense
434 1136 599 1224 exemplar
623 1136 678 1218 (cf.
695 1135 747 1200 ed.
765 1133 912 1223 Kricgcl)
930 1131 1105 1222 agnouiti,
1123 1131 1237 1220 Itaque
1253 1132 1326 1197 sine
1341 1128 1440 1194 dubio

211 1261 353 1336 utroque
375 1244 449 1312 loco
472 1265 713 1332 superuacuum
729 1241 900 1331 glossema
922 1241 1147 1328 extirpandum
1164 1251 1224 1304 cst.
1270 1239 1358 1304 Nam
1381 1231 1456 1302 ecb'

211 1354 312 1424 besil.
334 1349 477 1428 XXXV,
501 1353 534 1428 8,
558 1351 594 1426 33
617 1347 793 1425 Isid.or.I,
818 1349 849 1425 t,
873 1349 950 1425 niis,
972 1350 1028 1415 ubi
1051 1371 1133 1414 sane
1156 1358 1306 1448 qupttuor
1329 1344 1440 1433 appel·

211 1463 354 1530 leticum
384 1459 640 1548 distinguuntur,
674 1457 727 1524 uel
760 1467 892 1544 propter
920 1467 1061 1524 aetatem
1093 1479 1162 1523 non
1195 1455 1277 1522 mibi
1310 1455 1440 1521 obstare

213 1570 313 1638 facile
335 1567 541 1656 intellegitur.

307 1675 345 1741 In
356 1676 471 1762 primis
488 1695 566 1739 uero
580 1671 825 1737 Grotefendium
842 1674 944 1738 miror
959 1675 1100 1740 formam
1112 1693 1260 1758 agnomen
1274 1675 1442 1738 inuentam

216 1806 295 1854 esse
319 1781 530 1850 arbitrantenr
554 1791 628 1846 ante
648 1801 747 1867 quarn
763 1801 827 1846 usu
838 1783 1036 1868 reciperetur
1047 1783 1203 1858 adnomen,
1227 1778 1444 1868 qnodlegitur

217 1891 308 1980 opud
330 1888 447 1956 lulium
471 1888 690 1975 Capitolinum
713 1887 747 1952 in
775 1888 843 1953 uita
866 1884 946 1953 Veri
968 1890 1174 1976 imperatoris
1197 1909 1226 1954 e.
1251 1888 1287 1963 3,
1315 1908 1389 1952 cum
1413 1887 1443 1952 si

216 2019 334 2066 uerum
357 2008 446 2064 esset
469 1995 556 2085 quod
580 2015 665 2060 nunc
687 1994 734 2059 ibi
757 1993 871 2070 editur,
893 2015 948 2060 nee
971 1997 1058 2061 eliud
1077 1998 1107 2060 o·
1128 1997 1444 2081 bonert'fieentioeod·

219 2127 331 2174 men
352 2107 532 2170 adiunctum
553 2111 612 2179 eet,
635 2124 728 2186 prom
750 2104 831 2186 qued
851 2103 989 2186 Amen
1002 2106 1094 2187 filies
1116 2111 1165 2169 est
1185 2103 1370 2189 appelletur,
1392 2103 1443 2169 lit·

218 2229 363 2282 terarum
385 2225 496 2278 tamen
517 2212 663 2285 mutatio,
688 2231 772 2296 quse
785 2211 881 2274 estin
897 2212 1067 2293 agnomine,
1088 2213 1302 2277 recentiorem
1314 2221 1446 2297 saperet

219 2333 362 2390 aeuum
386 2341 485 2407 quarn
507 2319 728 2404 incorruptum
752 2319 910 2382 odnonwn.
956 2317 999 2380 At
1013 2317 1084 2382 Iulii
1107 2318 1210 2383 uerba
1219 2317 1334 2404 procul
1346 2317 1444 2382 dubio

219 2431 270 2494 sic
294 2425 471 2494 scribenda
493 2436 579 2500 sunt,
601 2445 657 2490 trec
680 2425 767 2490 eliud
787 2425 818 2489 εἰ
839 2425 1088 2507 bonm'fieerttioe
1111 2426 1145 2505 (i.
1159 2445 1186 2487 e.
1211 2445 1272 2488 nec
1296 2424 1363 2489 alia
1383 2423 1444 2488 bo·

220 2535 440 2613 notificentin)
469 2534 512 2596 od
530 2552 640 2597 nemen
662 2531 921 2607 anemonen,
951 2555 1015 2619 quo
1043 2533 1130 2597 tecto
1158 2531 1221 2596 hoc
1251 2551 1378 2619 quoque
1402 2529 1445 2595 ed

220 2645 349 2711 irritum
377 2640 465 2707 cudit
493 2637 693 2705 Groteiendii
722 2651 949 2726 ergrunenturn
978 2639 1134 2727 solusque
1166 2649 1267 2704 restat
1294 2635 1447 2725 Appuicii

220 2749 315 2813 locus
340 2747 486 2835 (apolog.
511 2746 554 2813 38
577 2769 609 2832 p.
634 2747 699 2812 310
722 2746 773 2810 ed.
795 2746 971 2827 Elmenh.),
994 2748 1234 2831 Aeuomentoet
1256 2749 1317 2811 duo
1338 2747 1446 2821 indite,

224 2855 349 2919 moro»
371 2854 407 2919 ed
424 2856 491 2918 oris
504 2860 535 2917 et
556 2856 653 2919 numi
668 2854 824 2919 diritatem
846 2856 902 2919 sed
922 2858 1060 2930 numm,
1084 2855 1166 2938 qued
1185 2854 1330 2919 libentius
1351 2854 1446 2939 eredit,

222 2962 262 3025 ob
284 2962 633 3043 deommeentemptum,
656 2962 846 3036 Mezentius·
869 2964 902 3026 in
915 2985 991 3049 quo,
1015 2963 1144 3027 etiamsi
1155 2960 1351 3027 uocabulum
1363 2960 1447 3025 alies

222 3088 390 3154 nusquam
412 3078 575 3148 repertum
592 3073 784 3153 praesertim
801 3071 835 3134 in
858 3092 914 3134 ore
930 3068 1085 3145 hominis,
1109 3070 1162 3134 eui
1183 3072 1252 3135 iure
1267 3069 1446 3154 meritoque

222 3194 386 3239 nouorum
413 3173 587 3240 uerborum
616 3185 649 3238 et
674 3176 883 3243 insolentium
910 3176 1109 3244 locutionum
1138 3176 1303 3242 affectatio
1331 3194 1448 3261 expro-

222 3280 321 3346 brata
332 3289 391 3353 est,
413 3300 530 3364 perum
543 3291 720 3347 contremo
734 3282 869 3358 ualeret,
893 3306 932 3349 eo
947 3285 1077 3350 facilius
1096 3284 1242 3350 adducor
1257 3294 1293 3346 ut
1315 3281 1449 3347 credam
1523 3321 1529 3328 ·

224 3392 423 3471 cognomenta
445 3387 654 3453 scribendum
678 3410 768 3465 esse,
798 3412 862 3478 quo
889 3392 1107 3477 frequentiore
1134 3393 1171 3457 in
1196 3411 1261 3455 usu
1282 3388 1366 3454 haec
1388 3408 1448 3471 po·

225 3494 392 3559 tissimum
414 3494 522 3561 forma
545 3495 633 3581 apud
655 3498 845 3561 recentioris
869 3497 945 3562 neni
967 3500 1142 3583 scriptores
1166 3498 1272 3561 fuerit.

315 3600 387 3667 Iam
420 3621 506 3688 quae
533 3602 722 3669 inferiorum
755 3614 937 3689 temporum
974 3605 1180 3690 grammatici
1213 3598 1384 3667 subtilibus
1417 3610 1450 3663 et

225 3708 414 3776 artificiosis
441 3708 701 3775 distinctionibus
732 3710 914 3799 gaudentes
945 3710 1117 3776 uoluerunt
1149 3730 1226 3775 esse
1259 3708 1449 3796 agnomina,

226 3836 269 3881 eu
291 3816 460 3903 antiquos,
489 3816 545 3903 qui
569 3816 630 3881 tris
653 3815 819 3883 dumtaxat
846 3818 1015 3883 nominum
1038 3836 1162 3905 genere
1184 3827 1345 3881 nonerunt
1367 3814 1449 3898 (qu.

226 3934 289 3989 snt.
319 3918 368 3995 V,
398 3921 472 3987 126.
511 3922 630 3988 Senes.
658 3923 700 3988 de
728 3923 835 3989 benef.
863 3922 938 3998 1111,
966 3924 998 3989 8.
1038 3924 1125 4011 App.
1152 3922 1230 3990 bist.
1256 3925 1361 4011 praef.
1396 3924 1449 3989 13.

224 4026 306 4116 Dig.
317 4024 471 4103 XXVIII,
496 4030 526 4107 1,
550 4030 592 4095 21
617 4030 720 4109 §.1.),
744 4040 931 4095 constanter
940 4050 1001 4116 pro
1018 4033 1269 4117 cognominibus
1290 4030 1450 4096 habuisse

226 4133 406 4211 docebunt,
429 4146 464 4198 ut
492 4156 602 4222 pauca
623 4136 762 4203 efferam
791 4136 941 4223 exempla
962 4157 980 4199 e
1001 4138 1181 4224 permultis,
1205 4139 1274 4204 Gie.
1295 4158 1347 4224 pr.
1363 4135 1450 4202 Mur.

227 4240 283 4316 14,
307 4240 350 4307 31
374 4252 406 4305 et
426 4239 504 4307 Vel.
525 4240 614 4308 Max.
637 4240 677 4318 11,
703 4244 733 4318 7,
758 4243 775 4308 1
800 4243 843 4307 de
866 4242 1023 4321 Africani,
1044 4242 1122 4310 Vel.
1137 4244 1225 4311 Μαι.
1241 4243 1286 4322 V,
1309 4246 1341 4321 2,
1366 4247 1384 4308 7
1408 4244 1451 4308 (1ο

226 4344 293 4423 Pii,
315 4348 435 4413 Senec.
459 4370 550 4415 suns.
574 4349 594 4415 2
617 4349 705 4415 med.
722 4348 769 4449 *de
793 4348 1009 4425 Grandienis,
1032 4352 1123 4417 Suet.
1147 4351 1252 4439 Celig.
1276 4352 1297 4418 9
1321 4351 1362 4416 de
1386 4349 1449 4413 Cn·

225 4454 362 4545 ligulae,
385 4456 430 4520 id.
452 4452 561 4521 Vitell.
591 4456 633 4521 18
663 4454 704 4520 de
731 4454 906 4521 Beccionis
934 4456 1195 4545 cognominibus.
1246 4457 1347 4523 Plura
1372 4474 1450 4518 con·
1525 4443 1528 4450 ’

228 4562 337 4651 gessit
358 4560 464 4627 Poris.
476 4560 664 4629 unimhist.
677 4585 706 4627 c.
719 4562 750 4627 2.
762 4583 795 4647 p.
809 4562 851 4627 70
872 4561 964 4628 Harl.
1008 4562 1121 4651 Itnque
1143 4584 1220 4640 non,
1242 4574 1279 4628 ut
1299 4562 1451 4648 opinetur

229 4666 473 4745 Grotefendius,
494 4669 643 4735 confusio
659 4670 694 4734 in
710 4666 763 4733 bis
785 4668 991 4735 diuersarum
1006 4672 1174 4737 notionum
1189 4666 1451 4753 deprehenditur,

229 4774 510 4864 qrrcmedmedum
531 4797 613 4845 seue
635 4774 797 4843 interdum
819 4778 998 4844 miscente
1020 4778 1153 4864 cognati
1180 4786 1211 4838 et
1232 4776 1363 4861 agneti,
1390 4773 1453 4841 sed
