3409 5400
596 496 680 563 LIB.
704 496 746 573 V,
772 499 807 563 O.
833 502 863 575 7,
887 508 918 576 ς.
943 502 971 564 1.
996 501 1027 565 2.
1357 501 1422 567 447

203 660 260 723 ἱνα
276 658 377 725 Fabio
402 658 532 747 Gurgiti
563 659 627 723 filio
658 658 700 723 ad
729 659 850 725 bellum
880 660 1011 725 difficile
1043 670 1074 723 ct
1101 659 1322 745 periculosum
1344 684 1422 729 con·

204 766 379 831 tieicndum
404 776 562 853 grauatus
586 786 653 829 nen
679 779 737 841 est,
761 788 867 851 paene
891 768 963 854 ipso
987 789 1046 851 per
1069 788 1108 830 sa
1124 766 1291 832 dumtaxat
1313 771 1423 835 animo

204 874 275 937 sine
300 895 435 961 corpore
460 873 665 948 militaturus,
687 884 798 959 utpote
822 884 953 959 propter
975 873 1121 937 ultimam
1139 883 1339 939 senectutem
1358 873 1423 940 lee-

204 980 260 1045 tuli
285 982 350 1043 otio
375 1002 471 1067 quarn
496 979 600 1044 labori
622 978 819 1067 proeliorum
847 979 996 1046 habilior.
1053 979 1144 1044 ldem
1174 980 1426 1067 triumphantem

180 1108 291 1173 ecquo
315 1087 465 1151 insidens
489 1087 594 1173 sequi,
619 1107 715 1173 quem
739 1089 810 1175 ipse
834 1086 1007 1173 paruulum
1024 1087 1196 1175 triumphis
1220 1090 1290 1153 suis
1315 1097 1425 1175 gesta·

204 1204 308 1267 uerat,
330 1194 364 1255 in
388 1194 529 1257 maxima
553 1193 718 1279 uoluptate
742 1195 866 1281 posuit,
889 1216 950 1258 nee
975 1197 1124 1260 accessio
1149 1195 1316 1283 gloriosae
1338 1192 1425 1259 illius

204 1322 356 1388 pompae,
381 1301 441 1366 sed
464 1312 576 1365 auctor
600 1312 766 1386 spectatus
792 1313 851 1368 cst.

294 1408 368 1473 Non
392 1418 458 1473 tam
482 1408 636 1494 speciosa
659 1409 930 1500 Caesetiequitis
954 1408 1096 1475 Romani
1120 1413 1341 1495 sorspatria,
1364 1410 1465 1477 sedf.

205 1538 266 1601 par
289 1516 502 1602 indulgentia.
549 1514 614 1595 Qui
638 1516 679 1579 ab
705 1516 867 1590 Caesare,
899 1518 1043 1582 omnium
1073 1518 1138 1581 iam
1167 1530 1198 1579 et
1221 1528 1426 1581 externorum

168 1634 239 1686 met
261 1624 516 1687 domesticorum
538 1622 681 1689 hostium
706 1625 939 1694 uictor·e,'cum
962 1624 1115 1688 abdicare
1132 1624 1232 1689 filium
1257 1646 1352 1687 suurn
1376 1626 1425 1688 iu·

207 1730 345 1805 iteretur,
371 1730 459 1817 quod
481 1730 509 1793 is
534 1730 679 1795 tribunus
704 1730 808 1816 plebis
840 1754 915 1795 cum
943 1730 1081 1795 ittarutto
1110 1730 1239 1817 collega
1266 1730 1426 1797 inuidiam

208 1839 237 1902 ei
261 1850 427 1925 tamquam
450 1859 588 1925 regnum
613 1837 790 1903 adfectanti
813 1840 945 1911 fecerat,
969 1837 1002 1901 in
1025 1836 1111 1901 hunc
1132 1837 1266 1902 modum
1289 1859 1427 1924 respon·

208 1944 285 2008 dere
315 1946 482 2017 sustinuit„
520 1944 676 2010 ‘Celerius
706 1956 739 2009 tu
769 1944 866 2018 mihi,
899 1946 1040 2016 Caesar,
1071 1966 1187 2008 omnes
1219 1944 1302 2009 lilios
1334 1965 1427 2009 meos

210 2139 233 2193 1.
253 2141 302 2207 ircl
328 2138 390 2194 aaa.
412 2158 473 2193 eum
498 2154 567 2193 corr.
590 2138 613 2191 A
639 2148 664 2193 et
687 2158 757 2195 cerr.
782 2141 819 2195 D.
837 2142 851 2210 Η
868 2140 893 2194 4.
918 2144 1095 2207 praemiorum
1119 2141 1155 2194 D.
1176 2143 1187 2211 ΙΙ
1208 2141 1426 2207 triumphantem]

208 2214 395 2277 triumphantis
415 2210 530 2262 ODEF
546 2216 571 2261 et
588 2210 637 2263 titt.
656 2216 689 2264 tls
709 2213 737 2264 ia
755 2229 852 2265 rasura
870 2211 903 2263 Α.
927 2214 1115 2277 triumphantis
1135 2229 1238 2263 currum
1257 2213 1283 2265 Γ
1288 2212 1364 2265 Torr.
1377 2210 1426 2279 116.

210 2286 347 2335 uoluntate
365 2281 400 2336 E.
416 2281 427 2350 tt
442 2297 571 2333 accessor
589 2281 614 2333 F
631 2290 655 2335 et
674 2298 743 2337 corr.
762 2284 796 2335 Ε.
809 2285 822 2352 ΙΙ
840 2284 987 2353 gloriosae]
1001 2290 1065 2349 post
1083 2286 1153 2335 itlius
1171 2282 1208 2335 D.
1231 2286 1334 2352 gloriae
1352 2282 1387 2334 Ε.
1402 2282 1414 2352 ΙΙ

210 2353 235 2408 8.
255 2356 313 2404 Non
332 2359 386 2403 tum
406 2382 438 2391 -
461 2349 510 2416 (9.)
529 2356 701 2423 indulgentia.
740 2357 798 2422 Qui]
826 2357 947 2405 Cesetius
967 2371 1049 2421 eques
1069 2370 1195 2404 romanus
1214 2358 1275 2404 ilum
1294 2353 1319 2406 Γ
1319 2356 1348 2424 ΙΙ
1363 2356 1428 2405 Cac-

210 2426 271 2492 acti]
291 2426 407 2476 caesarii
426 2422 462 2475 D.
475 2422 488 2490 ΙΙ
500 2420 525 2475 9.
546 2424 591 2489 ab]
612 2442 629 2475 a
647 2424 704 2477 EF
709 2424 783 2477 Torr.
800 2428 810 2489 ΙΙ
825 2429 881 2476 iam
901 2426 936 2491 et]
957 2428 984 2476 et
1002 2440 1050 2476 am.
1070 2424 1101 2475 F.
1113 2426 1127 2492 Η
1141 2423 1181 2477 10.
1201 2427 1310 2475 uictoria
1331 2425 1385 2479 OD
1404 2430 1429 2475 et

207 2512 251 2564 pr.
269 2494 300 2549 Γ.
312 2494 326 2561 Η
338 2496 408 2563 eum]
429 2498 490 2545 dum
509 2493 545 2546 D.
565 2511 613 2547 om.
633 2494 663 2548 Γ.
676 2496 689 2564 ΙΙ
705 2494 743 2548 ll.
762 2498 861 2564 piebis]
881 2512 930 2549 era.
949 2493 1015 2547 ΒΓ.
1034 2498 1124 2560 popuii
1143 2494 1177 2547 Ε.
1194 2496 1208 2564 tt
1224 2492 1262 2546 ta.
1282 2497 1317 2562 ei]
1340 2497 1368 2547 ia
1385 2512 1429 2548 ra·

208 2583 272 2618 aura
290 2566 313 2618 A
320 2566 357 2620 D.
382 2569 452 2618 enirn
473 2564 501 2619 0.
520 2563 533 2634 ΙΙ
554 2566 762 2637 tauqumqur'tt.
782 2571 828 2617 tan
853 2568 881 2619 ia
899 2574 1005 2629 rasura)
1028 2565 1059 2616 A.
1076 2566 1089 2634 11
1107 2569 1293 2631 respondendo
1319 2564 1434 2620 CDFl'

210 2642 235 2689 et
247 2654 292 2707 pr.
311 2637 344 2692 Α.

212 2816 356 2870 uirtutibus
375 2821 481 2868 traduat
505 2821 531 2869 et
550 2818 777 2878 autumamus,
803 2821 872 2870 uuile
892 2820 1003 2888 Pighius
1029 2822 1129 2872 fecerat
1146 2817 1312 2888 omnibusque
1334 2826 1360 2872 et
1376 2820 1454 2880 ra'r·.

212 2887 310 2942 tutibus
328 2897 353 2941 et
370 2889 441 2940 uitae
460 2889 560 2941 meritis
576 2887 726 2958 stupendas,
746 2893 772 2940 in
792 2892 886 2956 quibus
906 2893 1018 2960 languet
1037 2894 1134 2955 duplex
1154 2895 1273 2943 eiusdem
1292 2895 1330 2943 roi
1348 2895 1430 2962 sigui-

212 2963 314 3020 flcatie‚
339 2977 397 3012 earn
423 2963 487 3011 nihil
510 2965 578 3012 iuter
603 2976 633 3012 se
657 2963 781 3012 differant
804 2963 914 3011 uirtutes
940 2971 966 3012 et
987 2965 1058 3014 uitae
1077 2965 1180 3015 merita.
1228 2968 1316 3023 Quare
1334 2967 1430 3014 mettas

213 3035 363 3084 (ir-ououius
381 3035 407 3083 iu
427 3034 472 3082 llll
493 3036 551 3084 obs.
572 3050 594 3083 e.
616 3029 647 3084 19
666 3035 817 3084 coniecerat
836 3034 978 3100 legendum
997 3050 1061 3086 esse
1077 3032 1243 3102 omnibusque
1260 3039 1286 3085 et
1304 3033 1431 3086 uersum

212 3109 239 3154 et
256 3099 328 3154 uitae
347 3101 462 3154 emeritis
478 3101 626 3170 stipendiis,
647 3120 732 3170 eaque
751 3106 790 3154 sic
810 3107 934 3168 explieat.
955 3107 1080 3157 ‘Emeruit
1093 3108 1227 3170 stipendia
1245 3106 1366 3156 uirtutum
1387 3105 1431 3171 qui

212 3191 306 3225 omues
331 3190 422 3224 earum
447 3189 571 3225 numeros
597 3177 729 3238 impleuit,
753 3175 798 3238 qui
823 3177 946 3224 omnibus
971 3181 1124 3228 muneribus
1147 3179 1251 3227 uirtutis
1275 3178 1430 3240 perfunctus

213 3251 263 3297 est.
311 3247 427 3295 Emeruit
451 3246 583 3308 stipendia
606 3247 679 3296 uitae
709 3248 753 3308 qui
783 3247 940 3297 consenuit'.
986 3250 1032 3296 Cui
1058 3250 1235 3312 astipulantur
1258 3248 1380 3297 vorstius
1404 3251 1432 3296 et

212 3317 371 3369 l'orrenirrs.
398 3317 436 3364 ita
453 3319 541 3364 tuanen
562 3319 589 3366 ut
611 3321 682 3366 reete
702 3321 827 3367 moneant
850 3319 1014 3380 probabilius
1040 3321 1120 3368 etiarn
1138 3316 1431 3368 uirtutisscribendum

213 3401 285 3442 esse.
305 3388 374 3452 quod
393 3388 520 3434 mutatum
540 3389 626 3436 estin
645 3385 913 3452 uirtuttbasprupter
926 3391 1090 3450 praecedens
1103 3386 1276 3454 amathusque.
1312 3386 1431 3451 Simplex

213 3456 314 3508 meritis
338 3457 401 3506 ferri
425 3459 529 3522 quidem
553 3459 661 3520 posset,
687 3459 735 3506 sed
760 3461 786 3505 et
809 3460 906 3507 rectius
931 3460 1063 3521 stipendia
1087 3460 1141 3507 ium
1159 3461 1283 3521 peracta.
1309 3471 1343 3506 ea
1362 3459 1431 3506 euim

214 3531 285 3578 notio
304 3533 420 3596 urgetur,
440 3529 552 3577 emerita
562 3529 680 3577 dicuntur
699 3529 743 3588 tef.
758 3529 799 3584 vt,
825 3526 844 3584 Ι,
862 3525 903 3578 10.
921 3523 1133 3586 1,iu.xt.tt.3t‚
1155 3527 1195 3580 ld.
1214 3528 1310 3584 xiiii.
1332 3525 1371 3582 44,
1385 3523 1431 3588 lit,

214 3605 241 3650 et
267 3599 393 3649 facillime
416 3599 472 3649 fleri
495 3600 579 3663 potuit
604 3601 631 3648 ut
655 3600 743 3648 littera
761 3612 774 3646 e
792 3599 978 3661 praecedentis
997 3600 1120 3648 uocabuli
1137 3599 1320 3649 terminatione
1339 3602 1432 3648 absor-

214 3673 327 3723 beretur.

285 3739 482 3808 triumphantem
494 3755 556 3808 epau
567 3737 683 3790 insidens
692 3737 774 3806 sepiar)
785 3737 954 3804 hreiretppus
964 3737 1147 3806 triumphantis
1156 3741 1311 3791 exhibuisse
1322 3743 1431 3794 uidetur.

214 3816 307 3881 ltaque
332 3815 376 3863 alii
401 3814 501 3862 librarii
526 3826 632 3862 carrum
651 3815 712 3875 post
734 3827 794 3860 eum
818 3826 912 3860 rocem
936 3813 1139 3876 suppleuerunt.
1170 3828 1239 3874 quac
1264 3813 1432 3877 interpolatio

215 3887 312 3936 mansit
331 3886 469 3946 hucusque
489 3886 514 3933 iu
535 3885 651 3951 uulgatis
672 3883 814 3946 exemplis,
840 3883 886 3932 alii
910 3884 1037 3948 (quinque
1060 3885 1128 3932 iuter
1145 3883 1325 3954 'ferronianus
1345 3885 1432 3948 codd.)

215 3959 389 4008 emendarunt
406 3953 611 4022 triumphantem.
650 3955 705 4004 llos
719 3969 809 4004 uerum
828 3955 965 4004 diuinasse
978 3956 1141 4003 demonstrat
1160 3971 1227 4004 utrae
1242 3956 1343 4004 l‘aridis
1362 3972 1432 4004 eom·

217 4031 347 4094 pendium.
385 4029 431 4077 Cui
452 4029 598 4090 scripturae
623 4042 669 4076 cur
693 4027 773 4093 longe
799 4027 936 4092 uulgatum
960 4026 1164 4089 praeferendam
1187 4029 1320 4076 censuerit
1338 4027 1433 4077 'forre-

215 4101 274 4151 nius
295 4100 391 4150 uellem
411 4100 488 4148 scire.
521 4099 560 4149 Cf.
579 4097 635 4156 llll,
657 4095 685 4155 l,
710 4091 740 4154 9,
769 4093 865 4146 Taurea
889 4111 945 4146 eam
963 4094 1163 4163 triumphantem
1184 4111 1247 4164 eque
1265 4096 1339 4165 sequi
1356 4112 1433 4165 quam

216 4169 396 4237 triumphe-
417 4167 457 4220 ati
477 4167 576 4220 maluit.

286 4240 312 4293 2.
329 4240 355 4292 r's
373 4239 493 4291 tribanus
511 4237 597 4306 plebis
621 4268 654 4276 -
669 4237 787 4304 fecerat)
812 4239 850 4290 Cf.
875 4237 950 4290 Suet.
974 4241 1052 4293 Caes.
1078 4236 1120 4293 itt.
1144 4239 1212 4306 App.
1236 4242 1287 4292 ciu.
1310 4240 1347 4298 11,
1374 4237 1433 4291 108.

216 4313 266 4364 Dio
285 4315 363 4364 Cass.
381 4313 489 4370 Xbllll,
509 4311 534 4362 e.
553 4327 579 4374 p.
598 4305 648 4364 387
668 4313 752 4363 Reim.

287 4380 594 4452 responderusastiaait)
613 4383 751 4432 librorum
770 4385 895 4432 mendum
907 4380 1084 4450 respondendo
1097 4383 1243 4435 Torreaius
1261 4384 1347 4433 ortum
1359 4382 1435 4446 putat

216 4471 305 4507 errore
323 4457 411 4505 insciti
431 4455 543 4510 librarii,
568 4455 694 4504 inuidiam
715 4455 824 4504 Caesari
843 4455 882 4503 ita
900 4458 1086 4517 respondendo
1108 4457 1208 4506 tectam
1226 4469 1290 4505 esse
1309 4454 1434 4518 putantis.

217 4527 272 4578 Nee
296 4527 361 4576 milri
386 4541 466 4578 secus
485 4526 595 4578 uidetur.
644 4526 710 4574 Nam
735 4527 804 4586 errrod
829 4526 951 4588 liappius
975 4528 1133 4594 gerundium
1157 4528 1301 4576 defendere
1325 4527 1436 4574 conetur

216 4601 332 4662 ascripto
353 4601 430 4649 Corn.
449 4598 515 4660 Nep.
535 4597 581 4646 uit.
600 4593 705 4650 itaut.
725 4595 768 4646 ubi
788 4597 849 4646 olim
869 4599 999 4649 edebatur
1016 4613 1048 4648 ae
1059 4595 1169 4662 frastra
1183 4592 1343 4646 dehortando
1362 4609 1435 4646 cone

216 4669 291 4724 mirri.
311 4671 383 4722 recte
402 4685 470 4720 nunc
489 4669 601 4718 Rothius
620 4675 646 4718 et
659 4667 835 4732 Nipperdeius
855 4683 931 4718 meus
943 4668 1169 4731 praestantissimi
1187 4667 1286 4717 codicis
1305 4667 1435 4726 Danielini

217 4743 403 4796 auctoritatem
422 4740 508 4794 secati
526 4740 691 4806 seripserunt
708 4735 868 4790 dehortando
887 4736 1015 4807 impedire
1033 4735 1169 4791 cereatini.
1204 4740 1237 4788 ut
1250 4738 1372 4789 Valerius
1391 4739 1435 4806 qui
1533 4799 1538 4808 ι
