3409 5400
278 458 343 525 348
702 454 761 520 DE
784 451 1090 523 PAVPERTATE.

238 619 266 682 7.
365 617 481 706 Aeque
496 638 621 705 magna
635 616 807 681 latifundia
825 616 863 684 L.
877 616 990 698 Quinti
1006 617 1191 682 Cincinnati
1200 617 1340 681 fuerunt.
1362 616 1503 701 Septem

278 728 362 791 enim
385 729 503 813 iugera
526 727 599 811 agri
622 724 781 809 possedit,
806 722 987 810 exilisque
1016 726 1085 800 tria,
1115 748 1199 811 quae
1229 747 1289 810 pro
1319 726 1426 789 amico
1454 724 1503 788 ad

277 834 438 899 aerarium
462 832 707 919 obsignauernt‚
730 831 851 895 multae
874 834 1007 895 nornine
1030 833 1149 896 amisit.
1194 831 1343 897 Poenam
1366 816 1501 919 quoque

275 963 334 1027 pro
359 940 424 1004 lilio
449 940 609 1013 Caesone,
634 938 721 1024 quod
755 938 798 1003 ad
827 960 964 1002 causam
994 939 1169 1003 dicendam
1195 961 1264 1004 non
1291 942 1500 1012 occurrisset,
1551 924 1556 931 ’

275 1046 373 1113 buius
398 1045 498 1135 agelli
520 1046 626 1109 reditu
649 1043 755 1109 soluit.
800 1045 841 1108 Et
870 1058 980 1111 tamen
1008 1047 1040 1109 ei
1068 1056 1218 1132 quattuor
1244 1048 1364 1133 iugera
1392 1046 1523 1109 mantis

275 1176 342 1219 non
366 1153 473 1218 solum
497 1152 641 1238 dignitas
664 1155 766 1235 patris
791 1153 934 1217 familiae
957 1153 1102 1216 constitit
1132 1153 1193 1217 sed
1216 1156 1314 1216 etiam
1337 1153 1501 1217 dictatura

276 1260 384 1325 delata
407 1271 466 1323 est.
501 1258 651 1344 Anguste
674 1280 711 1321 se
735 1258 884 1323 habitare
907 1281 992 1322 nunc
1015 1269 1108 1343 putat
1129 1261 1222 1323 euius
1238 1259 1357 1323 domus
1372 1270 1499 1325 tantum

274 1378 364 1453 patet
387 1376 544 1452 quantum
569 1362 753 1431 Cincinnati
775 1388 851 1430 rura
873 1377 1057 1450 patuerunt.

232 1479 266 1544 8.
366 1473 452 1555 Quid
476 1474 571 1537 Aelia
592 1474 726 1547 familia,
751 1496 850 1559 quam
873 1472 1045 1558 locuples?
1091 1473 1245 1538 Sedecim
1276 1472 1394 1536 eodem
1416 1481 1498 1536 tem·

275 1602 354 1669 pore
378 1579 451 1645 Aeli
473 1581 612 1655 fuerunt.
636 1581 754 1665 quibus
779 1602 843 1643 una
867 1580 1065 1646 domuncula
1088 1593 1158 1645 erat
1181 1580 1298 1645 eodem
1327 1580 1403 1654 loci,
1431 1597 1538 1665 quoio

275 1712 361 1753 nunc
386 1700 462 1753 sunt
485 1687 638 1751 Mariana
659 1698 896 1762 monumenta3·
911 1698 942 1750 et
964 1710 1049 1752 nnus
1064 1688 1100 1752 in
1115 1708 1197 1774 agro
1213 1686 1351 1751 Veiente
1365 1684 1498 1759 fundus,

275 1799 384 1859 minus
407 1793 527 1857 multos
552 1794 692 1856 cultores
717 1792 912 1857 desiderans
937 1817 1036 1880 quam
1053 1795 1206 1859 dominos
1221 1793 1374 1866 babebat,
1397 1794 1498 1879 inque

276 1900 421 1965 Maximo
451 1912 482 1963 et
509 1900 670 1963 Flaminio
705 1900 885 1983 spectaculi
918 1900 1021 1966 locus.
1068 1899 1163 1981 Quae
1193 1900 1326 1986 quidem
1352 1900 1428 1964 loca
1455 1898 1497 1962 ob

275 2010 427 2071 uirtutem
450 2006 578 2092 publice
603 2006 725 2071 donata
748 2008 973 2091 possidebant.

235 2118 265 2183 9.
364 2114 491 2179 Eadem
520 2132 602 2200 gens
632 2113 755 2177 nullum
787 2127 862 2178 autc
890 2113 1069 2199 scripulum
1097 2116 1226 2201 argenti
1255 2113 1370 2178 habuit
1398 2132 1540 2199 quamta

276 2222 400 2285 Paulus
430 2220 532 2285 Perse
564 2220 692 2284 deuicto
722 2220 761 2301 Q.
793 2221 886 2285 Aelio
916 2220 1078 2285 Tuberoni
1106 2242 1229 2307 genero
1258 2242 1319 2283 suo
1355 2222 1498 2305 quinque

277 2330 386 2415 pondo
412 2330 539 2416 argenti
562 2350 600 2391 cx
623 2327 749 2413 praeda
772 2328 919 2393 donaret.
965 2328 1072 2393 Taceo
1102 2329 1199 2401 enim,
1229 2326 1316 2413 quod
1344 2327 1498 2411 princeps

279 2562 302 2614 l.
321 2562 424 2629 Aeque]
445 2568 502 2623 Quo
520 2560 552 2613 E.
568 2559 580 2630 ll
594 2563 730 2630 quingenti
748 2559 780 2613 F.
792 2560 805 2628 Η
822 2560 848 2614 2.
867 2564 963 2683 inpare
979 2564 1050 2612 enim
1068 2558 1096 2614 0.
1112 2558 1196 2684 p'pw
1215 2563 1301 2611 amico
1322 2574 1372 2610 om.
1390 2556 1421 2610 F.
1436 2558 1449 2625 ΙΙ
1462 2559 1499 2609 ad

276 2646 326 2684 om,
346 2632 373 2687 C.
388 2631 400 2700 ΙΙ
420 2629 444 2683 3.
465 2634 655 2702 assignauerat
678 2636 711 2682 ud
736 2636 868 2685 aerarium
942 2629 954 2700 il
974 2635 1089 2683 mulctae
1144 2630 1180 2684 D.
1197 2630 1211 2695 ΙΙ
1228 2630 1254 2684 4.
1277 2630 1343 2696 illio]
1366 2626 1428 2681 add.
1447 2645 1498 2680 suo

272 2705 380 2770 punctis
396 2710 511 2756 notatum
524 2703 551 2754 C.
566 2702 577 2772 it
593 2719 656 2756 ceso
677 2704 706 2756 C.
721 2702 732 2772 ΙΙ
747 2706 909 2756 cucurrisset
922 2705 960 2756 D.
971 2705 984 2771 ΙΙ
996 2700 1021 2757 5.
1041 2707 1141 2755 reditus
1154 2702 1218 2755 ΕΓ.
1236 2705 1355 2754 redditos
1372 2699 1498 2754 BCDF.

288 2775 301 2840 ΙΙ
314 2775 408 2844 iugera
426 2791 475 2826 om.
494 2773 548 2842 ΠΗ
562 2775 586 2828 ti.
605 2777 721 2825 familias
740 2773 802 2828 ΕΓ.
815 2777 828 2844 Η
840 2775 865 2825 7.
885 2792 918 2825 un
940 2782 1000 2826 usto
1020 2774 1049 2827 C.
1061 2776 1074 2843 ΙΙ
1086 2773 1111 2828 li.
1130 2776 1239 2825 aemilia
1256 2773 1323 2826 Dl'.
1341 2773 1354 2841 ΙΙ
1374 2773 1497 2837 locuplex

279 2843 404 2900 CDEF.
421 2845 435 2913 Η
452 2848 587 2896 sexdecim
606 2844 732 2908 (A)'l⁷orr·.
751 2858 764 2899 7
784 2863 836 2897 cm
851 2861 896 2913 pr.
915 2794 949 2899 d.
973 2859 1013 2900 t·
1033 2863 1059 2896 rr
1083 2861 1152 2898 corr.
1175 2845 1209 2897 Β.
1234 2849 1358 2896 sederem
1377 2843 1405 2896 F.
1422 2843 1435 2910 ΙΙ
1456 2842 1496 2895 lo.

276 2920 377 2968 aequitii
395 2916 460 2969 DF.
476 2915 487 2982 ΙΙ
503 2923 561 2967 erat
579 2933 628 2968 om.
647 2915 674 2968 F.
690 2913 701 2986 ΙΙ
717 2919 775 2967 ioco
794 2916 825 2970 F.
838 2916 850 2983 ΙΙ
867 2915 906 2969 ll.
918 2921 1006 2968 maria
1017 2915 1048 2969 A.
1060 2916 1074 2985 Η
1087 2919 1201 2985 urgente
1214 2915 1239 2967 F
1249 2921 1275 2967 et
1283 2932 1326 2983 pr.
1339 2916 1370 2969 A.
1389 2918 1497 2966 uehicu-

278 2996 339 3038 tuno
360 2987 391 3041 Γ.
405 2989 418 3056 Η
432 2986 472 3039 12.
492 2989 599 3054 multos}
619 2987 659 3038 rio
677 2987 805 3039 Dl'Par.
830 2995 855 3039 ee
869 3004 914 3056 pr.
932 2987 964 3040 A.
988 2990 1071 3039 multo
1094 2987 1152 3039 BE
1176 2993 1201 3037 ct
1218 3002 1288 3038 corr.
1306 2986 1345 3042 A.
1373 2985 1449 3037 Torr.
1472 2992 1499 3036 et

279 3065 338 3110 uate
349 3061 435 3110 minus
448 3057 504 3110 OF.
517 3059 530 3124 ΙΙ
543 3062 654 3110 baberet
665 3058 699 3110 E.
711 3058 724 3125 ΙΙ
742 3055 779 3112 13.
791 3060 918 3125 inaximo]
939 3057 1001 3109 add.
1011 3061 1081 3110 circo
1096 3057 1129 3109 E.
1141 3060 1155 3126 ΙΙ
1168 3059 1253 3123 locus]
1273 3062 1333 3109 loca
1351 3072 1420 3109 corr.
1429 3055 1460 3107 A.
1472 3058 1486 3124 ΙΙ

279 3136 420 3192 Quacum.
443 3130 470 3181 0.
487 3129 500 3197 ΙΙ
521 3129 559 3183 15.
579 3132 731 3194 scrupulum
755 3127 779 3180 Β
788 3129 906 3182 CDEF
913 3129 989 3183 Torr.
1017 3128 1051 3180 Vt
1068 3145 1115 3180 nor
1137 3127 1260 3182 AI'Par.
1278 3129 1290 3196 ΙΙ
1307 3129 1421 3198 argenti]
1447 3145 1496 3178 aar.

277 3201 310 3254 Β.
331 3231 342 3256 ι
358 3230 370 3254 ι
391 3204 448 3252 ouri
466 3201 494 3252 in
506 3216 602 3252 rasura
614 3199 645 3251 A.
659 3204 715 3251 anri
729 3201 790 3252 Pur.
806 3202 817 3266 ΙΙ
835 3200 875 3253 lli.
889 3203 982 3267 Perse]
999 3199 1060 3252 add.
1076 3217 1140 3269 rege
1155 3199 1233 3250 Torr.
1244 3200 1257 3267 ΙΙ
1268 3203 1384 3262 quinque
1391 3200 1495 3264 pondo}

278 3271 340 3328 odd.
360 3277 379 3325 l.
400 3276 427 3324 P.
447 3289 463 3322 v
482 3273 578 3323 Libras
596 3287 686 3338 marpo
704 3270 736 3325 A.
760 3275 847 3336 pondo
871 3289 921 3325 om.
939 3271 1002 3324 Dl'.
1019 3273 1032 3340 ΙΙ
1053 3271 1091 3323 li.
1116 3271 1231 3340 urgenti]
1255 3274 1313 3322 arui
1335 3271 1399 3324 Por.
1422 3275 1449 3322 ei
1470 3269 1499 3320 ia

277 3361 373 3399 rasura
393 3344 423 3398 A.
442 3348 587 3414 argenteos
606 3343 671 3396 Dr.
684 3342 697 3411 Η
709 3346 778 3395 cuim
796 3359 846 3396 om.
865 3343 897 3399 Γ.

349 3560 381 3612 l..
393 3564 431 3614 Cf.
450 3565 508 3612 Liu.
527 3563 571 3620 111.
592 3555 625 3612 13
644 3563 671 3611 et
688 3555 732 3610 26.
757 3561 833 3610 bion.
852 3562 913 3612 ilai.
932 3564 966 3620 Χ,
985 3560 1010 3610 s.
1036 3561 1101 3610 Plio.
1120 3560 1147 3610 b.
1167 3573 1191 3608 n.
1211 3558 1306 3616 XVlH,
1325 3553 1351 3608 3.

348 3635 373 3686 a.
392 3635 430 3685 Gi.
451 3635 518 3685 Piut.
538 3634 611 3684 elem.
631 3633 706 3684 Paul.
725 3627 743 3681 5
762 3638 789 3682 et
805 3629 849 3684 28.

346 3704 432 3754 minas
449 3703 542 3756 multos
560 3702 682 3765 rubores)
700 3705 872 3754 Recentiores
886 3705 1053 3773 grammatici
1072 3703 1134 3752 anto
1147 3715 1190 3750 mc
1206 3715 1300 3753 omues
1318 3698 1404 3749 mim
1420 3696 1498 3748 meto

276 3779 436 3838 posuerant,
465 3778 587 3841 quamuis
606 3775 715 3839 Lipsius
734 3775 883 3825 monuisset
906 3790 1017 3824 sensum
1034 3774 1158 3841 flugitare
1177 3777 1205 3821 ut
1222 3771 1317 3823 metros
1335 3773 1496 3837 legeremus.

276 3845 380 3894 Etenim
400 3861 458 3895 cunr
477 3847 603 3909 primaria
623 3847 786 3908 comparatio
805 3860 858 3896 non
881 3847 951 3894 inter
969 3844 1137 3894 desiderandi
1161 3847 1188 3892 et
1207 3844 1322 3894 habendi
1341 3844 1425 3891 uerba
1442 3841 1497 3897 aas

277 3917 325 3963 sed
340 3915 407 3963 inter
418 3916 535 3966 cultores
549 3920 575 3965 et
588 3917 717 3972 dominos,
732 3917 833 3982 gradus
847 3917 1053 3978 comparationis
1067 3916 1194 3964 aduerbio
1205 3914 1327 3982 insigniri
1339 3927 1393 3962 non
1404 3912 1497 3975 potnit.

278 3985 370 4045 Neque
389 3987 460 4034 rocio
481 3987 601 4036 vorstius
621 3988 757 4054 uolgatam
777 3988 935 4049 scripturam
953 3987 991 4034 ita
1009 3987 1139 4041 defendit.
1162 3987 1301 4046 tamquam
1317 3983 1404 4033 mim
1420 3979 1498 4031 nulio

278 4056 423 4104 cultoribus
443 4059 582 4117 pauciores
602 4058 718 4106 cultores
738 4057 911 4123 signiticaret.
960 4057 1113 4106 Perizonius
1131 4056 1224 4106 maluit
1244 4055 1330 4106 minus
1347 4051 1427 4104 mutto
1447 4050 1498 4102 cnl-

277 4131 370 4183 torum.
389 4127 481 4176 nescio
500 4143 534 4176 an
553 4145 606 4178 non
626 4128 727 4177 tntiuc.
765 4129 817 4176 Sed
838 4128 922 4190 Lipsii
940 4129 1092 4178 coniectura
1109 4143 1179 4177 nune
1203 4129 1361 4191 optimorum
1379 4127 1498 4175 codicum

278 4200 304 4249 ot
323 4197 427 4248 Paridis
447 4201 603 4248 auctoritate
622 4199 799 4249 confirmatur.

348 4265 373 4322 ll.
393 4270 431 4321 cf.
451 4269 516 4322 Plin.
536 4273 561 4322 b.
581 4285 606 4319 n.
627 4269 751 4324 XXXlll.
774 4265 813 4319 ll.
838 4269 905 4321 Plut.
926 4269 1000 4322 ilem.
1019 4271 1094 4325 Paul.
1113 4267 1157 4321 28.

348 4339 459 4409 quinque
472 4337 561 4408 pondo
581 4338 692 4404 arpenti)
710 4339 829 4389 Discedit
848 4344 882 4389 ab
902 4343 952 4390 troc
971 4346 1080 4391 auctore
1099 4343 1180 4390 lrrlius
1200 4343 1286 4399 Paris,
1307 4340 1365 4390 auri
1383 4339 1499 4403 quinquo

278 4415 361 4463 libras
381 4413 513 4462 'l'uberoni
537 4415 651 4461 donatas
678 4423 741 4460 esse
760 4411 894 4467 reterens.
919 4415 988 4476 quod
1014 4417 1148 4462 corrector
1170 4413 1229 4462 iibri
1253 4411 1397 4462 tiernensis
1422 4414 1450 4458 et
1472 4410 1499 4457 in

278 4485 400 4552 ntargiue
420 4485 521 4534 notauit
538 4487 565 4534 et
582 4485 609 4532 in
628 4483 690 4545 ipsa
709 4483 804 4538 uerba.
827 4483 951 4549 genuinis
970 4485 1088 4532 radendo
1107 4485 1216 4538 deletis.
1242 4484 1351 4533 induxit.
1392 4481 1448 4530 Sed
1466 4481 1499 4529 de
1575 4523 1578 4529 .

279 4571 344 4605 auro
364 4571 423 4604 cum
443 4556 548 4606 Valerio
567 4554 735 4604 consentiunt
753 4553 911 4602 Plutarchus
930 4556 957 4603 et
976 4554 1089 4613 Plinius,
1114 4570 1225 4620 quorum
1247 4556 1338 4604 tomen
1362 4554 1406 4602 hic
1429 4549 1499 4601 male

280 4627 313 4674 do
332 4631 362 4684 Q.
382 4626 456 4674 Aelio
476 4628 540 4676 Ouio
559 4627 659 4675 scribit.
695 4625 753 4676 Vid.
772 4627 806 4674 nd
825 4625 882 4681 1111.
901 4619 927 4683 3,
948 4621 972 4678 i.
1092 4660 1095 4664 ι

353 4691 437 4744 Taceo
456 4695 533 4750 enim.
554 4693 624 4764 quod
636 4695 773 4764 princeps)
792 4697 830 4747 Cf.
849 4697 917 4748 Ptol.
936 4697 998 4749 ibid.
1016 4689 1043 4746 5.
