3409 5400
586 498 670 565 uls.
691 498 733 575 ΙΙ,
757 499 794 564 0.
818 501 872 574 10,
888 508 925 576 l.
951 502 980 566 1.
1004 501 1034 566 2.
1355 495 1421 565 aad

189 666 390 731 muneribus
412 663 568 727 donatum
590 661 672 725 ultro
690 671 722 725 et
737 660 885 725 celeriter
900 662 984 745 patri
998 662 1133 735 remisit,
1157 680 1357 746 quamquam
1380 662 1421 724 ab

192 796 236 838 eo
259 786 330 837 tum
352 774 493 836 maxime
518 769 636 833 linibus
657 769 786 854 imperii
800 769 990 853 pellebatur.
1035 768 1104 833 Sed
1132 778 1164 831 et
1178 787 1243 831 ‘rex
1265 772 1294 830 el
1314 768 1421 833 laces·

193 880 281 943 situs
296 881 504 943 maiestatem
520 875 784 941 excellentissimi
798 877 861 940 uiri
876 874 1026 940 uenerari
1041 896 1140 961 quam
1156 874 1313 939 dolorem.
1326 896 1420 937 suum

193 985 314 1051 ulcisci
336 986 461 1051 maluit.
791 1057 794 1066 Ι

169 1111 185 1153 s
286 1092 341 1155 Ad
376 1091 516 1155 eundem
544 1089 736 1155 Africanum
771 1094 809 1155 in
833 1090 1001 1155 Liternina
1029 1088 1108 1155 uilla
1138 1112 1175 1153 so
1205 1078 1423 1155 continentem

196 1198 375 1284 conplures
397 1197 602 1283 praedonum
628 1196 728 1260 duces
752 1197 930 1262 uidendum
947 1197 1063 1260 eodem
1079 1207 1224 1281 tempore
1240 1197 1321 1260 forte
1345 1218 1423 1259 con-

196 1305 369 1369 fluxerant.
424 1303 518 1383 Quos
546 1324 621 1367 cum
656 1303 699 1367 ad
734 1305 801 1367 uim
834 1304 1019 1367 faciendam
1051 1305 1163 1367 uenire
1194 1305 1424 1377 existimasset,

198 1411 400 1497 praesidium
435 1411 690 1475 domesticorum
724 1412 758 1473 in
788 1420 871 1473 tecto
902 1410 1099 1483 conlocauit,
1136 1421 1268 1495 eratque
1302 1412 1337 1474 in
1370 1410 1423 1475 his

196 1517 397 1603 repellendis
422 1527 453 1578 et
475 1518 586 1579 animo
610 1527 642 1579 et
664 1527 823 1601 apparatu
839 1526 1027 1600 occupatus.
1070 1516 1167 1595 Quod
1190 1528 1224 1579 ut
1238 1516 1426 1600 praedones

158 1646 189 1689 to
198 1623 512 1697 animaduerterunt,
535 1623 683 1686 dimissis
708 1622 862 1687 militibus
880 1622 1081 1707 abiectisque
1105 1623 1205 1685 armis
1222 1624 1342 1687 ianuae
1366 1624 1424 1687 ed·

196 1732 422 1817 propinquant
441 1742 473 1792 ct
490 1729 581 1793 clara
600 1750 682 1793 uoce
700 1730 849 1792 nuntiant
866 1728 1012 1813 Scipioni
1031 1748 1096 1791 non
1111 1729 1198 1793 uitae
1215 1732 1286 1793 eius
1309 1728 1424 1795 hostes

197 1835 262 1899 sed
296 1836 422 1899 untutis
457 1836 674 1899 admiratores
711 1836 860 1909 uenisse,
892 1847 1108 1921 conspectum
1143 1845 1176 1898 et
1208 1858 1426 1924 congressum

197 1942 282 2006 tanti
305 1942 367 2004 uiri
391 1942 489 2027 quasi
511 1942 652 2006 caeleste
676 1942 811 2028 aliquod
828 1942 1020 2007 beneficium
1039 1953 1238 2026 expetentes.
1284 1942 1426 2007 Proinde

198 2069 352 2113 securum
375 2069 414 2111 sc
437 2048 533 2112 nobis
557 2048 773 2133 spectandum
789 2048 947 2133 praebere
966 2068 1006 2111 ne
1025 2062 1191 2133 grauetur.
1226 2048 1317 2113 Haec
1334 2062 1471 2135 post-s

159 2170 300 2241 isquam
323 2153 495 2218 domestici
519 2156 668 2241 Scipioni
690 2153 878 2225 retulerunt,
900 2154 990 2215 fores
1014 2156 1154 2217 reserari
1178 2176 1301 2240 eosque
1324 2156 1424 2219 intro·

196 2262 279 2325 mitti
303 2261 410 2323 iussit.
462 2260 525 2341 Qui
553 2273 666 2347 postes
689 2263 809 2325 ianuae
833 2271 1000 2343 tamquam
1023 2259 1308 2345 religiosissimam
1333 2282 1424 2323 aram

198 2377 418 2451 sanctumque
442 2368 595 2453 templum
619 2369 775 2440 uenerati,
800 2364 916 2449 cupide
933 2364 1099 2448 Scipionis
1118 2364 1283 2427 dexteram
1304 2365 1424 2451 adpre·

196 2471 399 2546 henderunt,
423 2473 542 2553 acdiu
566 2473 703 2537 osculati
726 2473 843 2556 positis
869 2482 943 2534 ante
972 2469 1168 2533 uestibulum
1196 2470 1308 2544 donis,
1340 2492 1424 2556 quae

199 2579 338 2643 deorum
367 2579 586 2642 inmortalium
616 2579 742 2643 numini
769 2577 956 2641 consecrari
985 2574 1105 2651 solent,
1137 2574 1213 2639 laeti
1242 2576 1329 2661 quod
1353 2578 1425 2641 Sei·

160 2686 333 2770 „pioncm
350 2684 476 2749 uidisse
494 2687 698 2773 contigisset,
723 2684 764 2749 ad
778 2684 865 2749 lares
882 2694 1093 2749 reuerterant.
1131 2682 1219 2764 Quid
1235 2681 1298 2746 hoc
1321 2684 1424 2748 fructu
1526 2690 1533 2706 '

199 2792 384 2856 maiestatis
408 2792 581 2864 excelsius,
606 2792 683 2878 quid
708 2793 805 2856 etiam
832 2789 1033 2856 iucundius?
1054 2785 1192 2856 'Hostis
1216 2790 1298 2854 iram
1322 2789 1426 2854 admi·

199 2899 327 2959 ratione
351 2898 404 2960 sui
426 2897 584 2982 placauit3
607 2899 795 2984 spectaculo
827 2899 1034 2984 praesentiae
1065 2919 1147 2962 suae
1174 2897 1336 2961 latronum
1368 2917 1425 2984 ge·

199 3002 329 3066 silentis
352 3003 466 3067 oculos
490 3003 578 3070 uidit.
613 3004 762 3090 Delapsa
784 3004 1004 3069 caelosidera
1019 3003 1216 3068 hominibus·
1230 3006 1259 3066 si
1282 3023 1320 3066 se
1344 3002 1425 3068 oii'e·

199 3118 286 3182 rant,
310 3110 529 3173 uenerationis
554 3111 693 3196 amplius
719 3131 785 3174 non
808 3111 972 3196 recipient.

198 3318 226 3372 2.
246 3337 306 3371 cum
326 3319 358 3373 B.
372 3323 384 3387 11
405 3325 431 3372 et
455 3323 611 3390 lacessitus]
635 3325 662 3374 el
680 3339 728 3376 om,
747 3319 899 3374 BCDEl'
916 3327 941 3374 ei
955 3337 998 3391 pr.
1018 3319 1121 3395 Α.115.
1141 3325 1293 3376 Airicanum
1313 3323 1425 3373 eundem

204 3391 284 3443 Torr.
295 3392 309 3458 ll
320 3394 415 3442 literne
427 3391 461 3445 Ε.
482 3396 581 3446 Literni
591 3393 654 3446 Per.
667 3392 680 3459 ll
693 3391 717 3446 6.
739 3396 942 3459 compluresque
958 3393 990 3447 B.
1003 3393 1017 3462 Η
1029 3397 1208 3444 conflrrxeraat
1228 3391 1305 3445 Torr.
1328 3389 1364 3444 Vl
1380 3405 1428 3442 aes

200 3463 280 3514 edam
297 3461 359 3514 Par.
371 3463 385 3529 ΙΙ
399 3461 440 3513 10.
461 3467 703 3514 animaduerterent
720 3464 752 3517 Β.
769 3462 780 3529 ll
796 3465 972 3530 abiectisque]
993 3481 1044 3530 qne
1062 3481 1111 3514 om.
1131 3463 1164 3516 Ε.
1183 3465 1195 3532 ΙΙ
1216 3464 1256 3517 ll.
1283 3468 1309 3514 ei
1326 3477 1374 3530 om.
1395 3461 1425 3514 Γ.

209 3535 224 3599 ΙΙ
235 3536 387 3584 nuntiantes
398 3530 429 3584 Γ.
440 3534 453 3599 ΙΙ
469 3532 509 3584 13.
520 3537 644 3601 Pmindc]
664 3538 755 3600 pronis
764 3534 828 3654 Dgpl
845 3533 886 3584 lt.
906 3549 936 3586 so
947 3551 995 3586 om.
1011 3549 1057 3601 pr.
1068 3533 1095 3585 O.
1107 3533 1122 3601 ll
1136 3529 1175 3584 ld.
1194 3535 1341 3601 tamquam]
1363 3531 1424 3586 add.

201 3609 320 3671 aliquam
340 3601 447 3656 CTorr.
462 3601 474 3671 ll
493 3604 532 3656 18.
557 3609 599 3655 diu
625 3608 773 3656 deosculati
817 3619 872 3655 orr.
891 3603 904 3672 Η
921 3608 965 3666 qui
989 3603 1021 3657 Α.
1039 3603 1112 3672 ΙΙἫ).
1137 3607 1203 3666 Quid
1230 3607 1280 3656 hoc
1304 3633 1339 3644 -
1359 3602 1425 3666 liti.)

200 3677 276 3743 uidit]
296 3689 345 3726 om.
364 3673 396 3726 Γ.
409 3672 476 3741 llil.
496 3678 634 3726 iocundius
654 3673 778 3727 BCDE.
801 3674 847 3725 Sic
864 3689 973 3742 semper.
985 3675 998 3742 11
1017 3677 1219 3726 admirationem
1239 3691 1284 3744 pr.
1303 3674 1335 3727 A.
1356 3675 1368 3744 ΙΙ
1382 3671 1425 3729 22.

200 3750 300 3812 placuit
308 3761 354 3814 pr.
366 3744 399 3798 A.
415 3745 427 3812 ΙΙ
442 3748 593 3816 gestientes
611 3745 700 3800 GDE
712 3745 789 3796 Torr.
803 3745 815 3811 ll
830 3741 874 3797 23.
886 3747 960 3812 uidit]
975 3748 1150 3810 obstupefecit
1160 3747 1187 3797 ln
1197 3761 1293 3798 rasura
1304 3745 1334 3802 0.
1348 3747 1425 3800 Tere.

270 3947 297 3992 et
314 3957 362 3993 rea
379 3949 406 3993 et
421 3943 570 4003 locantes)
596 3943 715 3994 Alterum
740 3947 766 3992 et
788 3943 919 3991 omissum
943 3942 969 3990 in
992 3943 1050 3990 cod.
1070 3945 1216 4009 archetypo
1240 3946 1303 4008 post
1318 3945 1425 3997 iltterns
1476 3967 1480 3975 ¹

202 4029 242 4067 ex,
262 4029 375 4078 qaorum
393 4017 528 4064 cernendi
546 4017 732 4078 compendium
756 4014 828 4062 idem
853 4013 909 4062 iere
928 4017 971 4062 est
989 4015 1069 4075 atquc
1087 4014 1166 4072 iilud,
1192 4031 1243 4080 quo
1257 4019 1425 4080 'exprimitur

201 4086 299 4147 copula
315 4091 350 4138 cir
371 4100 386 4135 e
406 4098 456 4135 sno
470 4087 569 4135 Valerii
588 4087 679 4135 codiee
697 4085 813 4133 restitnit
824 4083 980 4133 Perizonius
997 4085 1025 4138 ‚ei
1043 4089 1105 4134 ania
1125 4099 1184 4136 eum
1202 4088 1255 4136 lam
1269 4091 1425 4139 emendator

200 4157 260 4204 iibri
278 4157 434 4207 &mensis
480 4158 604 4206 Valerios
632 4171 664 4206 co
690 4155 793 4204 dicendi
817 4167 933 4220 genere,
959 4169 1010 4218 quo
1035 4155 1231 4218 appellationes
1253 4161 1322 4209 dirae
1340 4173 1423 4209 sensu

200 4226 379 4278 cohaerentes
396 4229 535 4290 particulis
554 4232 580 4276 el
597 4253 632 4262 -
651 4231 677 4275 et
699 4227 736 4275 ita
755 4225 911 4273 dirimuntur
929 4226 961 4272 ut
975 4226 1098 4283 alterius,
1118 4230 1172 4277 ianr
1190 4243 1240 4292 per
1258 4244 1290 4280 se
1308 4231 1421 4292 positae,

200 4309 356 4363 praegnans
374 4299 410 4347 sit
427 4299 603 4364 significatio,
620 4297 686 4348 mire
705 4296 853 4346 delectatus
879 4296 929 4346 esi.
970 4295 1143 4360 Ascripeeral
1165 4301 1232 4348 inter
1256 4301 1310 4348 alia
1334 4300 1421 4346 minus

200 4368 236 4416 ad
253 4381 311 4416 rem
329 4369 489 4430 pertinentia
508 4368 663 4419 Perizonius
681 4369 750 4417 haec
768 4367 907 4429 exemplu.
931 4365 969 4422 ΙΙ,
988 4362 1018 4424 tl,
1038 4361 1055 4416 3
1078 4367 1126 4419 sed
1150 4374 1176 4419 et
1192 4383 1284 4418 cessar
1302 4371 1327 4416 et
1346 4365 1419 4418 Ouio,

201 4439 245 4486 ubi
263 4440 359 4487 eodem
378 4440 458 4489 modo
478 4439 591 4488 aiterum
611 4444 636 4489 et
653 4441 679 4488 in
699 4438 834 4488 codicibus
853 4449 920 4485 mss.
938 4437 1116 4490 interciderat
1144 4440 1176 4493 ll,
1201 4436 1239 4496 10,
1258 4435 1275 4486 ll
1294 4441 1320 4487 et
1335 4449 1421 4485 serrem

199 4513 224 4558 et
242 4506 374 4558 mem.
402 4509 446 4567 ΙΙΙ,
466 4505 492 4564 2,
512 4507 527 4559 l
547 4513 572 4558 et
588 4507 661 4559 Galli
679 4514 704 4559 et
721 4507 842 4557 uictores.
870 4506 913 4564 ΙΙΙ,
933 4500 958 4565 3,
978 4511 1032 4560 ext.
1051 4506 1068 4558 2
1087 4515 1112 4559 el
1129 4513 1240 4573 tyranno
1261 4513 1286 4557 et
1303 4503 1420 4558 Phalari.

199 4580 246 4632 vi.
265 4575 293 4636 2,
314 4577 326 4630 Ι
348 4585 374 4629 et
389 4576 536 4632 uictoribus
553 4585 580 4631 et
595 4578 683 4631 iratis.
710 4579 759 4636 v1,
784 4571 816 4634 3,
839 4579 893 4627 ext.
910 4571 928 4626 3
946 4581 973 4628 et
988 4592 1035 4628 ree
1052 4583 1079 4628 et
1095 4575 1232 4630 larbam.
1275 4577 1420 4644 vulgatam

199 4656 291 4700 umen
308 4652 476 4714 scripturam,
498 4666 578 4716 quam
597 4653 719 4717 equidem
737 4664 772 4698 ne
789 4648 916 4714 intellego
937 4649 1050 4712 quidem.
1070 4651 1122 4700 nial
1140 4649 1259 4699 ordinem
1278 4651 1420 4701 uerborum

199 4723 328 4780 incertas,
347 4718 396 4770 red
413 4726 438 4770 ct
455 4720 593 4772 laceratae
609 4736 665 4781 ree,
682 4720 790 4772 retinuit
807 4717 961 4775 Portemus,
978 4720 1105 4782 probauit
1121 4721 1248 4785 Kappiae.
