3409 5400
597 476 679 546 LlB.
702 477 728 555 1,
752 478 789 543 G.
812 480 845 556 o,
868 486 898 557 s.
923 481 954 547 t.
978 482 1008 548 5.
1346 480 1409 547 lat

185 658 266 705 aem
289 636 401 703 eduxit
422 658 462 703 ae
483 638 664 704 fortissima
678 640 875 705 Samnitium
892 652 1001 705 castra
1017 642 1111 725 oepit.
1157 638 1251 719 Quae
1273 641 1411 705 uictoria

186 747 317 811 turmae
340 746 411 810 eiua
428 744 653 831 amplissimae
669 749 833 831 potentiae
851 748 976 835 gradus
995 760 1026 811 et
1041 746 1288 815 fundamentum
1301 748 1410 811 extitit.

278 850 484 939 Praecipuae
506 852 730 918 admirationis
759 855 857 918 etiam
883 854 940 919 illa
965 854 1132 940 prodigia,
1162 874 1246 939 quae
1276 854 1310 919 Ο.
1341 852 1453 921 veo.

187 957 334 1034 lumnio,
373 960 446 1026 Ser.
480 956 628 1045 Sulpicio
661 961 850 1025 constdibus
885 962 920 1025 in
954 961 1032 1025 urbe
1066 971 1178 1025 nostra
1208 960 1291 1025 inter
1323 960 1413 1025 initia

163 1076 368 1151 amotusque
399 1066 560 1133 beliorum
593 1067 789 1133 aeciderunt
846 1067 916 1133 Bos
950 1088 1091 1154 namque
1124 1068 1250 1155 mugitu
1283 1088 1344 1133 suo
1377 1069 1412 1131 in

188 1192 379 1237 sermonem
401 1172 583 1239 humanum
607 1195 770 1239 conuerso
793 1176 936 1239 nouitate
959 1176 1097 1239 monstri
1119 1174 1320 1239 audientium
1343 1174 1412 1239 ani·

188 1300 268 1345 mos
292 1281 454 1343 exterruit.
499 1280 616 1345 Carnis
635 1301 766 1367 quoque
786 1282 822 1345 in
837 1281 973 1347 modam
990 1281 1091 1347 nimbi
1108 1281 1286 1364 dissipatae
1302 1290 1412 1365 partas

189 1385 391 1460 ceciderunt,
405 1408 544 1473 quarum
559 1390 720 1453 maiorem
735 1409 907 1453 numerum
924 1400 1096 1473 praepetes
1109 1386 1311 1472 diripuerunt
1321 1406 1413 1461 aues,

190 1492 356 1578 reliquum
383 1492 476 1559 humi
503 1516 563 1581 per
590 1494 713 1581 aliquot
740 1495 811 1560 dies
834 1514 942 1580 neque
967 1494 1068 1559 odore
1096 1504 1198 1559 taetro
1228 1513 1333 1579 neque
1356 1492 1413 1557 da·

150 1601 294 1669 informi
314 1612 449 1687 aspectu
470 1612 628 1667 mutamm
650 1603 759 1667 iacuit.

284 1707 442 1773 Eiusdem
465 1710 597 1795 generis
614 1719 764 1775 monstra
780 1707 846 1773 alio
870 1703 1005 1773 tumultu
1024 1696 1253 1795 ereditatsunt,
1276 1724 1414 1791 puerum

190 1816 353 1881 infantem
375 1828 593 1881 semenstrem
613 1818 649 1881 in
670 1817 744 1881 foro
765 1815 880 1880 boario
903 1813 1102 1901 triumphum
1125 1816 1292 1888 clamosam
1315 1812 1416 1877 alium

191 1945 272 1989 oum
295 1920 502 2007 elephantiae
524 1926 629 2009 eapite
657 1933 786 1997 namm3
813 1922 848 1985 in
871 1918 994 1986 Piceno
1021 1920 1184 2007 lapidibus
1214 1920 1353 2007 pluisso3
1381 1919 1415 1983 iu

192 2028 303 2095 Gallia
322 2028 437 2114 lupum
459 2029 552 2115 uigili
572 2050 591 2092 e
613 2032 736 2116 uagina
753 2026 900 2115 gladium
923 2028 1113 2101 abstulisse;
1137 2028 1172 2091 in
1184 2026 1298 2091 Sicilia
1320 2034 1415 2091 scuta

196 2206 222 2259 1.
241 2207 389 2257 Samnitum
407 2202 452 2267 (B)
469 2202 579 2257 ETorr.
598 2211 624 2257 et
640 2212 705 2273 port
728 2211 818 2258 eastra
835 2204 873 2258 D.
893 2202 905 2277 ΙΙ
925 2201 951 2257 3.
970 2207 997 2257 C.
1016 2204 1168 2271 Volumnio]
1194 2206 1221 2255 et
1238 2205 1371 2255 uolumnio
1390 2202 1417 2251 et

193 2276 235 2331 D.
253 2278 284 2328 P.
303 2278 444 2327 Volumnio
465 2270 542 2328 Torr.
562 2276 574 2346 11
594 2274 619 2329 8.
638 2279 810 2344 dirupuerunt
829 2275 858 2330 0·
879 2274 892 2348 ΙΙ
912 2274 936 2327 ti.
955 2278 1058 2327 honore
1075 2278 1145 2326 tecto
1159 2290 1204 2342 pr.
1226 2272 1254 2327 0.
1274 2272 1286 2339 ΙΙ
1310 2270 1350 2325 10.
1369 2274 1416 2322 im·

192 2352 328 2401 mntamm
345 2362 413 2399 sorr.
432 2344 470 2401 D·
481 2348 496 2417 ΙΙ
510 2345 551 2399 11.
568 2350 673 2414 prebita
690 2348 803 2401 arrecti
820 2345 880 2401 Ac.
896 2348 907 2417 ΙΙ
930 2343 970 2399 12.
989 2350 1168 2399 semenstrem
1187 2359 1233 2413 pr.
1257 2340 1288 2395 Α.
1313 2356 1416 2395 samaa·

193 2424 265 2471 trem
282 2416 369 2470 BCE
378 2416 454 2471 Torr.
474 2424 634 2471 semestrem
651 2416 718 2473 Dr.
737 2418 751 2492 ΙΙ
770 2421 931 2485 triumphum
953 2419 1088 2469 clamasse
1108 2415 1199 2482 alium]
1219 2414 1416 2479 triumphalium

193 2489 230 2543 Β.
248 2490 331 2541 atium
342 2486 374 2541 Γ.
387 2485 401 2556 ΙΙ
414 2490 562 2558 clamasse]
580 2506 631 2542 eta.
649 2488 707 2543 AD
725 2498 752 2545 et
785 2504 807 2542 r.
823 2489 851 2543 0.
870 2490 986 2541 locutum
1005 2502 1073 2538 eurr.
1096 2485 1162 2539 Cet
1179 2490 1239 2537 arte
1255 2485 1417 2549 triumphum

192 2559 231 2613 13.
247 2562 435 2627 proclamasse
456 2558 532 2614 Torr.
547 2562 559 2623 ΙΙ
576 2558 617 2614 tt.
641 2567 704 2614 nato
722 2508 786 2616 Ad.
806 2559 818 2631 ΙΙ
838 2564 943 2627 lapides
962 2557 1024 2611 DE
1048 2563 1074 2611 et
1091 2572 1161 2613 eurr.
1180 2554 1208 2609 C.
1219 2554 1233 2624 ΙΙ
1244 2557 1365 2623 pluuisse
1383 2551 1415 2607 Β.

208 2628 282 2702 1114.
299 2633 327 2683 in
344 2631 470 2685 Sardinia
487 2630 532 2697 (E)
549 2631 616 2702 Nep.
634 2628 670 2694 (?)
690 2632 767 2685 Torr.
779 2634 792 2702 ΙΙ
804 2634 858 2684 dua
876 2634 953 2683 senia
970 2628 1002 2682 Γ.

268 2789 297 2844 b.
314 2793 354 2844 ct
372 2793 432 2845 Liu.
449 2794 495 2852 111,
515 2791 556 2845 ta
573 2793 652 2846 Dion.
670 2795 731 2846 Hal.
748 2796 784 2853 X,
802 2791 829 2846 2.
846 2796 913 2846 Pliu.
932 2794 963 2850 11,
982 2787 1026 2844 56.

269 2860 298 2915 C.
321 2859 470 2920 Vareno.
496 2863 553 2916 aer.
577 2863 704 2932 Sulpicio)
730 2867 821 2917 Fastis
846 2864 1015 2928 Capitolinis,
1035 2863 1123 2922 Liuio.
1143 2863 1282 2926 Dionysio,
1301 2859 1416 2910 Diodoro

195 2936 289 2985 Sieuio
308 2935 366 2999 (Xi.
384 2931 420 2986 84
437 2951 463 3000 p.
481 2931 554 2996 467.)
572 2951 625 2986 non
645 2937 727 2987 Gaius
746 2939 794 2988 sed
803 2937 913 2986 Publius
933 2935 1088 2984 Volumnius
1107 2937 1156 2984 est.
1193 2933 1235 2982 Nil
1253 2933 1334 2988 muto.
1354 2947 1416 2997 quo·

194 3008 273 3058 aiam
291 3007 392 3073 ambigi
412 3008 504 3071 potest
525 3007 661 3058 librariine
684 3009 855 3072 peccauerint
879 3021 913 3056 an
937 3008 996 3070 ipse
1019 3005 1156 3062 Valerius,
1186 3005 1229 3070 qui
1254 3018 1308 3054 nou
1331 3003 1417 3054 semet

195 3077 319 3128 confudit
335 3079 517 3140 praenomina.
536 3078 575 3128 Ct'.
593 3080 678 3142 praei.
697 3075 777 3142 aaa.
813 3080 936 3129 Ceterum
954 3077 1065 3126 Lucium
1090 3077 1169 3126 uocat
1185 3075 1365 3140 Nepotianus,
1390 3075 1417 3124 iu

195 3151 251 3198 boe
268 3148 376 3213 quidem
392 3147 458 3198 mire
477 3149 646 3199 eonsentieas
664 3165 725 3200 eum
735 3151 828 3202 Plinio.
865 3150 914 3198 Gai
927 3161 1090 3212 praenomen
1107 3149 1134 3199 iu
1152 3161 1202 3200 suo
1215 3146 1315 3198 Valerii
1326 3146 1417 3196 radios

194 3220 253 3269 iam
272 3219 411 3269 inuenerat
427 3219 569 3270 Fulbertus
588 3221 761 3272 carnotensis
779 3222 921 3286 episeopus
941 3219 995 3284 (ap.
1014 3213 1069 3284 96).

270 3284 397 3339 mnam
410 3287 525 3354 poneris)
544 3291 583 3340 ct
600 3290 659 3342 Liu.
677 3291 751 3349 xxi.
770 3287 813 3343 62.

270 3355 304 3410 la
313 3357 382 3424 soro
399 3356 501 3420 baarm)
525 3361 607 3412 Teste
624 3361 702 3412 Liuio
718 3378 772 3412 non
789 3363 816 3412 iu
840 3363 933 3412 boario
958 3363 1052 3412 sedin
1071 3361 1173 3410 olitorio
1192 3360 1249 3411 iero
1267 3360 1357 3410 intans
1375 3371 1417 3408 aa·

196 3430 327 3482 mammis
345 3431 448 3482 loeutus
466 3433 516 3484 est.
552 3433 669 3482 Causam
687 3434 786 3484 erroris
803 3433 888 3484 Periz.
908 3433 1015 3484 detexit.
1052 3431 1091 3480 Cf.
1110 3431 1194 3494 praef.
1213 3447 1237 3493 p.
1256 3423 1300 3478 28.

270 3498 428 3567 triunphat
445 3500 581 3564 danesse)
597 3503 698 3554 Deerat
713 3505 766 3553 hoo
783 3505 894 3554 uerbum
912 3505 939 3552 in
957 3502 1104 3564 archetypo
1117 3501 1216 3550 cortice.
1261 3499 1325 3547 iude
1344 3499 1419 3548 tanta

195 3574 227 3623 in
244 3573 437 3622 reeantiorrbus
455 3573 531 3624 libris
548 3575 794 3638 supplementorum
812 3573 1002 3636 discrepantia,
1020 3568 1175 3637 triuntptum
1193 3567 1316 3620 lamiam,
1335 3563 1418 3618 enda·

196 3657 296 3695 nme,
309 3640 500 3709 proclamasse.
513 3641 671 3710 promeae,
691 3645 752 3694 cett.
795 3644 831 3694 At
848 3643 1021 3692 manifestum
1039 3643 1082 3692 est
1102 3640 1234 3690 Valerium
1258 3653 1318 3688 eum
1334 3638 1418 3708 ‚Liuio

197 3713 347 3778 scripsisse
358 3712 516 3781 trimphum
525 3712 660 3769 chaam
672 3716 741 3780 quod
752 3715 779 3766 et
788 3714 959 3764 abbrauiator
968 3712 1133 3775 Nepotianus
1147 3711 1242 3766 tuetur,
1258 3710 1330 3774 apud
1339 3723 1418 3774 quem

197 3785 299 3852 tegitur
316 3781 408 3848 &sm
423 3799 470 3836 ses
486 3785 611 3836 sensnm
627 3785 656 3838 ta
673 3781 767 3835 doario
777 3782 846 3850 soro
864 3781 1021 3850 triumphum
1039 3779 1164 3832 clamauit
1181 3778 1336 3848 potentique.

271 3852 301 3903 ia
317 3850 423 3917 stedia)
440 3855 477 3908 ct
497 3855 554 3906 Liu.
573 3857 658 3912 xxti.
679 3853 701 3906 l.
729 3848 1017 3906 proturbarent.
1043 3855 1121 3903 Oros.
1139 3853 1194 3908 1111.
1219 3847 1258 3902 15.
1295 3852 1336 3902 De
1355 3853 1419 3902 acri·

197 3928 281 3991 pttrra
297 3923 328 3974 ia
343 3922 438 3976 Sicilia
460 3941 515 3976 nou
538 3929 582 3976 est
604 3943 651 3976 cur
674 3927 839 3982 dubitemus.
865 3943 924 3976 eum
949 3925 1061 3988 excepto
1084 3939 1138 3974 uuo
1163 3924 1297 3974 Gtteiiarb.
1315 3919 1343 3974 Ε
1365 3938 1419 3974 nou

198 3997 290 4046 sotum
308 4011 403 4046 omnes
422 3997 506 4046 nostri
524 3997 583 4046 libri
602 4013 694 4048 uerum
713 3997 793 4047 etiam
810 3997 953 4048 autbertus
972 4010 1013 4059 ep.
1032 3989 1076 4046 tit.
1094 3997 1121 4046 ot
1134 3996 1207 4046 Vino.
1224 3994 1327 4046 Ballou.
1346 4007 1419 4058 spos.

198 4068 262 4118 bist.
283 4067 327 4122 vt.
345 4063 382 4118 to
399 4068 506 4131 (Menti
524 4081 585 4116 eam
604 4070 789 4131 comprobent,
814 4083 975 4134 quamquam
993 4067 1086 4116 Liuius
1108 4068 1134 4116 in
1159 4065 1283 4116 Sardinia
1305 4067 1332 4114 id
1350 4066 1419 4116 neci·

199 4139 277 4188 disse
293 4141 393 4189 narrat.
434 4139 519 4188 Iidem
537 4139 624 4189 testes
642 4153 747 4190 summo
765 4154 899 4190 consensu
917 4139 997 4203 paulo
1021 4139 1084 4200 post
1107 4139 1179 4188 stant
1201 4153 1250 4202 pro
1275 4153 1317 4186 uu.
1342 4133 1420 4188 etim

198 4204 362 4265 utantur.
380 4209 426 4258 ubi
444 4209 522 4276 Pigb.
540 4223 557 4260 a
575 4209 844 4273 aodi’ulmanniano
863 4208 951 4269 (etium
968 4203 1040 4276 apati
1057 4205 1166 4258 anitium
1189 4203 1365 4268 metentibus),
1393 4209 1420 4257 ut

199 4279 303 4328 Valerii
319 4279 414 4328 relatio
432 4281 585 4330 conueniret
593 4281 731 4340 Liuianae,
749 4297 798 4345 pro
817 4280 895 4332 etiam
913 4280 1013 4343 recepit
1030 4275 1102 4346 apud
1118 4276 1230 4336 Antium.
1250 4279 1420 4341 conspirante

199 4351 260 4399 aad.
279 4349 361 4399 Voss.
379 4350 508 4407 Torrenii.
526 4352 658 4416 siquidem
675 4351 744 4402 tides
762 4353 889 4402 habenda
906 4355 948 4402 est
966 4350 1108 4400 collationi.
1145 4351 1178 4400 tt
1199 4351 1226 4400 hi
1244 4361 1338 4398 omnes
1357 4363 1419 4396 eon·

197 4423 243 4471 trs
271 4421 463 4486 grauissimum
484 4422 590 4471 iliorum
611 4424 791 4474 testimonium
815 4437 869 4472 non
893 4423 1015 4472 ouinuant
1039 4421 1174 4472 Valerium
1198 4420 1325 4482 posuisse
1349 4419 1418 4482 quod

196 4491 327 4540 indicant.
363 4491 491 4542 Videntur
507 4493 597 4556 potius
616 4496 662 4542 aut
685 4494 810 4550 eLiuio.
834 4495 906 4558 apud
925 4507 1003 4558 quum
1021 4494 1116 4542 eadem
1133 4491 1247 4541 nominis
1270 4489 1420 4552 corruptela

197 4559 338 4620 (ΜΒ)
349 4563 479 4612 adnotata
491 4565 541 4620 est,
560 4567 607 4614 aut
624 4579 659 4614 ex
671 4566 768 4616 Orosio
785 4566 871 4628 ipsius
890 4564 1027 4628 scriptoris
1046 4563 1193 4626 peccatum.
1213 4559 1288 4608 ouius
1306 4573 1418 4608 oausam

199 4633 316 4698 exposui
325 4633 409 4697 praei.
419 4629 500 4698 pis,
519 4637 677 4687 remouisse.
714 4635 914 4700 NeNepotiano
932 4635 1046 4700 quidam,
1066 4623 1355 4699 supraa'aSardins'arn,
1375 4631 1419 4679 bie

199 4699 275 4774 qud
289 4701 397 4758 amen
414 4718 514 4776 qaoque
531 4708 680 4767 exhibenti,
704 4721 806 4776 magna
823 4707 969 4758 auotoritas
992 4705 1071 4756 tribui
1093 4703 1195 4770 potest,
1219 4699 1316 4766 quippe
1340 4715 1419 4770 quam
