3409 5400
1225 459 1435 554 ..Π

197 648 444 737 benignissime
479 658 634 735 exceptus
665 670 687 712 a
717 646 836 713 Garolo
867 647 1046 714 Benedicto
1075 647 1195 725 Hesio,
1232 651 1302 715 uiro
1339 654 1429 718 omni

196 756 416 821 humanitatis
438 756 536 821 laude
559 755 824 830 instructissimo,
848 756 1020 843 diligenter
1045 759 1245 833 examinem,
1270 758 1330 822 sed
1352 780 1429 823 mox

199 864 346 929 intellexi
368 875 455 927 recte
479 865 671 929 aestimatos
696 884 772 929 esse
795 862 838 928 ab
851 861 957 927 Hasio
982 866 1097 950 (praes.
1122 864 1174 928 ed.
1187 861 1262 929 Val.
1282 886 1313 950 p.
1326 862 1428 945 Vllt).

200 992 278 1036 curn
300 983 439 1059 negaret
462 994 520 1037 eos
544 972 650 1036 futuro
662 972 779 1037 editori
800 971 900 1035 ullam
921 971 1089 1037 utilitatem
1113 994 1188 1038 esse
1212 972 1426 1059 praebituros.

199 1078 291 1143 Nam
312 1078 367 1143 uel
388 1081 590 1165 antiquiores
613 1079 710 1144 codd.
729 1078 816 1144 5839
841 1090 873 1140 et
896 1080 993 1154 5840,
1019 1080 1073 1167 qui
1097 1078 1230 1145 sacerdo
1254 1081 1347 1143 tertio
1370 1080 1427 1142 de·

199 1188 288 1251 cimo
312 1188 437 1252 exarati
464 1207 539 1253 esse
563 1187 723 1260 dicuntur,
747 1185 876 1266 (dubito
901 1198 1010 1252 autem
1034 1188 1074 1251 de
1098 1186 1171 1251 cod.
1196 1186 1317 1268 5840.)
1343 1187 1426 1251 adeo

198 1294 314 1357 infecti
325 1304 401 1357 sunt
422 1294 629 1359 librariorum
641 1294 805 1357 erroribus
823 1294 985 1381 uenisque
998 1295 1240 1381 suspicionibus
1257 1306 1292 1357 ut
1303 1315 1428 1381 magna

199 1412 234 1463 et
260 1400 367 1465 inutili
394 1401 561 1465 uariarum
591 1400 767 1466 lectionum
796 1402 966 1487 farragine
1002 1402 1183 1487 impediant
1219 1422 1288 1465 rem
1327 1422 1426 1487 quam

201 1507 525 1593 expediri-uolumus
544 1508 636 1572 libris
655 1530 738 1573 mss.
784 1505 884 1593 quue
900 1509 1010 1595 magis
1035 1509 1132 1573 etiam
1148 1507 1235 1573 ualet
1257 1508 1298 1572 de
1322 1508 1426 1571 omni·

197 1616 262 1679 bus
300 1613 487 1690 codicibus,
523 1637 606 1702 quos
634 1615 775 1680 Lendini
803 1616 932 1702 inspexi
963 1617 998 1679 in
1026 1636 1140 1681 museo
1171 1613 1360 1679 Britannico
1396 1624 1428 1677 et

199 1722 392 1808 diligentins
416 1723 547 1787 excussi
568 1735 722 1787 monente
745 1725 816 1787 uiro
839 1744 968 1791 summo
994 1724 1028 1789 C.
1052 1721 1231 1797 Bunsenio‚
1258 1742 1330 1785 cum
1354 1722 1426 1807 ipse

199 1828 242 1891 de
265 1829 402 1893 utilitate
430 1850 543 1894 eorum
572 1829 835 1916 desperationem
862 1832 929 1895 iam
958 1830 1267 1917 praesumpsissem.
1320 1828 1426 1892 Aecu-

198 1937 304 1999 ratius
326 1948 538 2000 recensentur
563 1938 593 2001 1.
617 1936 711 2002 codd.
735 1935 951 2001 bibliothecae
967 1937 1209 2002 Arundelianae
1233 1938 1267 2000 in
1287 1934 1427 1999 Forshal

199 2042 374 2129 catalogue
394 2045 434 2108 of
447 2042 502 2106 the
514 2045 733 2129 manuscripts
754 2045 789 2107 in
808 2043 862 2108 the
874 2043 998 2108 British
1015 2044 1177 2108 Museum.
1212 2042 1293 2107 New
1310 2044 1424 2107 series.

197 2147 274 2215 Vol
299 2147 325 2222 Ι,
348 2161 430 2235 part.
454 2148 487 2225 I,
511 2172 544 2215 n.
570 2152 588 2213 7
613 2162 645 2213 et
672 2151 747 2216 256.
783 2151 815 2215 2.
847 2150 941 2221 cedd.
972 2150 1190 2215 bibliothecae
1217 2148 1424 2215 Burneianus

197 2258 277 2323 ibid.
302 2270 384 2344 part.
408 2256 449 2332 11,
473 2280 505 2323 n.
530 2258 716 2323 208-212.
754 2258 785 2322 3.
809 2257 904 2323 codd.
929 2254 1098 2321 Harleiani
1126 2259 1160 2321 in
1190 2257 1361 2343 catalogue
1391 2255 1430 2319 of

197 2362 253 2427 the
275 2362 434 2429 Harleian
462 2366 684 2449 manuscripts
714 2361 790 2427 Vol.
819 2362 867 2439 ΙΙ,
896 2386 927 2429 n.
960 2364 1057 2438 2488,
1082 2362 1180 2437 2504,
1205 2363 1302 2436 2759,
1326 2362 1424 2435 2779,

197 2470 297 2537 3872.
346 2470 504 2535 Codicem
526 2471 614 2535 2774
636 2469 733 2535 huius
758 2470 902 2557 catalogi
923 2471 995 2556 ipse
1019 2492 1085 2534 non
1109 2468 1185 2535 uidi.

286 2576 405 2641 Euolui
421 2589 593 2664 praeterea
612 2576 708 2643 codd.
722 2575 991 2642 Vindobonensis
1008 2574 1224 2640 bibliothecae
1242 2572 1423 2663 Augustae,

195 2687 253 2772 qui
276 2697 573 2752 commemorantur
596 2686 639 2750 ab
662 2683 860 2749 Endlichero
885 2683 993 2762 (catal.
1018 2682 1120 2750 codd„
1136 2680 1258 2769 philoll.
1283 2680 1365 2750 Latt.
1390 2705 1422 2769 p.

196 2795 250 2859 82.
276 2815 350 2881 sqq.
376 2815 414 2880 n.
442 2793 655 2872 lte—162),
687 2792 748 2856 sed
777 2793 927 2855 examine
958 2792 1102 2855 instituto
1132 2791 1270 2878 exiguae
1299 2803 1423 2856 tantum

197 2902 403 2966 auctoritatis
427 2921 503 2964 esse
527 2899 744 2965 animaduerti
766 2909 895 2985 praeter
920 2898 991 2964 cod.
1020 2899 1099 2972 159,
1131 2899 1186 2983 qui
1214 2896 1295 2962 mihi
1316 2896 1423 2962 littera

194 3009 227 3070 B
249 3017 381 3072 notatus
397 3029 473 3072 mox
489 2991 635 3093 pluribus
651 3006 861 3088 describetur.
913 3004 1070 3092 Reliquos
1083 3027 1116 3068 u.
1132 3005 1305 3070 163-166
1327 3003 1422 3068 char·

196 3125 311 3178 taceos
334 3126 366 3179 et
388 3113 521 3179 saeculo
545 3115 678 3178 demum
699 3111 766 3178 XV
789 3125 959 3188 exaratos,
991 3133 1065 3176 cum
1094 3123 1221 3198 tempus
1252 3113 1319 3176 iam
1343 3111 1422 3174 deli·

196 3233 297 3294 ceret.
320 3241 362 3284 ne
384 3223 513 3308 inspexi
536 3221 677 3308 quidem.

286 3327 338 3390 De
360 3327 489 3392 duobus
511 3328 603 3393 libris
615 3326 839 3392 Berneusibus
864 3333 932 3413 (ap.
947 3328 1066 3392 Sinner
1088 3325 1113 3401 l,
1137 3347 1168 3411 p.
1192 3327 1280 3402 160),
1305 3326 1421 3411 quibus

112 3515 115 3521 1
195 3456 280 3499 usus
304 3443 374 3501 erat
397 3435 544 3510 Colerua
568 3434 842 3521 supradiximus.
1313 3429 1316 3438 ¹

285 3540 338 3604 Ex
363 3543 477 3606 itinere
507 3544 691 3616 reuertenti.
721 3564 794 3606 cum
819 3542 1013 3628 attingerem
1037 3538 1296 3622 Guelferbytum‚
1326 3549 1423 3602 antea

194 3649 263 3712 iam
286 3669 310 3712 a
331 3669 385 3712 me
406 3661 543 3737 rogatus
567 3647 873 3722 Sohoemmannm,
897 3647 947 3711 uir
971 3657 1001 3709 et
1024 3647 1094 3730 ipse
1114 3644 1367 3708 litteratissimus
1392 3657 1423 3707 et

195 3753 360 3842 singulari
394 3758 561 3842 praeditus
599 3757 708 3820 officio
744 3756 780 3818 in
809 3752 961 3816 homines
992 3751 1162 3826 litteratos,
1198 3773 1312 3815 omnes
1342 3751 1423 3816 mihi

194 3859 324 3927 Valerii
346 3861 449 3926 libros
471 3864 725 3948 manuscriptos,
749 3862 804 3948 qui
828 3871 1041 3925 asseruantur
1063 3861 1098 3924 iu
1115 3855 1312 3923 bibliotheca
1325 3858 1421 3923 Guel-

193 3969 378 4056 ferbytaua,
401 3969 586 4056 descriptos
609 3969 644 4034 in
654 3969 765 4033 Eberti
784 3967 937 4055 catalogo
961 3988 991 4053 p.
1009 3965 1081 4032 168.
1102 3987 1174 4052 sqq.
1189 3989 1218 4032 n.
1233 3966 1421 4040 886-895,

193 4075 422 4161 inspiciendos
445 4077 684 4150 commodarit,
712 4086 746 4138 ut
769 4097 852 4162 quos
875 4073 992 4138 uellem
1014 4075 1162 4160 integros
1194 4073 1341 4136 conferre
1365 4072 1421 4138 eli·

194 4202 320 4268 gerem.
364 4181 462 4269 Elegi
485 4205 518 4246 n.
541 4184 625 4259 886,
648 4182 733 4257 888,
763 4183 847 4251 889,
876 4181 958 4256 892;
990 4201 1067 4245 nam
1094 4178 1211 4268 reliqui
1242 4191 1298 4243 aut
1326 4181 1421 4266 parui

193 4301 251 4353 aut
280 4286 412 4354 nullius
430 4290 526 4376 pretii
561 4300 654 4363 sunt,
693 4308 816 4376 eosque
853 4308 983 4352 mecum
1017 4284 1205 4351 Berolinum
1242 4287 1419 4373 asportaui.

192 4393 320 4460 Horum
343 4417 424 4460 uero
448 4395 520 4462 cod.
545 4396 611 4461 886
634 4415 692 4482 per
714 4396 841 4480 priores
865 4404 989 4459 tantum
1015 4393 1116 4458 libros
1139 4392 1233 4481 plene
1257 4391 1419 4464 collatum,

193 4525 269 4566 cum
282 4501 406 4566 nullum
417 4503 552 4567 omnino
564 4503 704 4566 fructum
719 4501 795 4565 inde
815 4503 1026 4588 perciperem,
1051 4523 1127 4566 mox
1145 4502 1267 4565 remisi.
1315 4497 1418 4563 Codd.

192 4608 277 4680 889,
312 4607 396 4684 892,
430 4609 512 4684 888,
553 4609 588 4672 in
628 4607 692 4673 hac
732 4607 872 4673 editione
908 4605 1061 4683 adhibiti,
1100 4607 1181 4672 mihi
1225 4605 1317 4668 nune'
1346 4617 1421 4671 sunt

191 4714 231 4788 Ε,
254 4713 292 4790 F,
319 4713 356 4781 Γ.
