3409 5400
375 1891 433 1958 nu
457 1888 640 1957 vinnan
661 1889 827 1957 nlxmr
849 1888 955 1957 vim
976 1891 1034 1958 nr
1059 1846 1267 1958 sununs.

206 2076 298 2174 Vna
321 2109 508 2184 auctoritas,
537 2110 589 2173 cui
611 2109 645 2172 in
669 2108 900 2195 componenda
921 2105 1048 2172 Valerii
1075 2107 1212 2172 Maximi
1241 2109 1310 2172 uita
1336 2107 1435 2172 fidem

208 2212 330 2279 habere
353 2231 546 2300 possumus,
576 2237 650 2281 cum
680 2199 787 2302 noque
817 2226 945 2279 ueteres
969 2216 1146 2300 scriptores
1173 2226 1302 2300 praeter
1324 2216 1434 2300 operis

207 2321 344 2386 huiusce
375 2322 499 2388 titulum
529 2342 714 2408 nomenque
746 2324 889 2388 auctoris
921 2324 1097 2410 quicquam
1124 2321 1166 2384 de
1194 2343 1233 2386 eo
1256 2324 1436 2388 memoriae

209 2430 412 2516 prodiderint
447 2450 553 2517 neque
582 2428 713 2494 aliunde
744 2430 833 2516 quod
863 2428 927 2492 huc
956 2431 1117 2514 pertineat
1151 2439 1294 2505 constet,
1330 2430 1436 2514 ipsius

208 2533 338 2600 Valerii
366 2547 416 2600 est
444 2537 478 2600 in
508 2535 561 2600 his
593 2537 753 2601 dictorrun
784 2546 814 2599 ct
844 2537 1004 2600 factorum
1035 2535 1296 2602 memorabilium
1332 2537 1436 2602 libris.

210 2642 329 2729 Neque
352 2643 437 2709 enim
459 2663 556 2730 spero
580 2643 650 2709 fore
673 2654 708 2709 ut
729 2645 798 2708 uita
820 2642 877 2709 illa
899 2643 1014 2707 incerti
1037 2644 1196 2719 auctoris,
1221 2665 1305 2731 quae
1327 2645 1363 2710 in
1384 2664 1436 2709 re·

209 2749 409 2817 ceutioribus
432 2748 555 2836 aliquot
571 2750 738 2817 codicibus
754 2752 986 2837 manuscriptis
1010 2763 1042 2815 et
1059 2753 1093 2816 in
1108 2751 1251 2840 uolgatis
1266 2750 1438 2817 Valeriani

211 2859 320 2945 operis
345 2858 620 2943 exemplaribus¹)
653 2859 891 2933 circumfertur,
918 2857 1014 2922 ullius
1042 2859 1241 2924 existimetur
1270 2858 1437 2946 ponderis,

211 2967 329 3053 quippe
354 2986 439 3053 quae
463 2968 592 3053 etipsa
613 2967 789 3031 manifesto
814 2964 895 3031 solis
920 2965 1116 3051 quibusdam
1138 2964 1236 3030 huius
1259 2965 1334 3030 libri
1354 2964 1438 3030 locis

210 3074 329 3137 nitatur
346 3072 468 3137 additis
485 3084 541 3139 aut
555 3095 672 3160 parum
686 3072 910 3159 probabilibus
927 3084 983 3137 aut
998 3084 1109 3159 aperte
1120 3071 1215 3137 falsis
1232 3074 1438 3139 coniecturis.

297 3179 360 3245 Est
383 3191 492 3245 autem
515 3179 615 3246 haec:
655 3179 820 3245 ‘Valerius
847 3178 1030 3255 Maximus,
1054 3180 1137 3244 ciuis
1160 3180 1350 3257 Romanus,
1379 3202 1439 3265 pa·

212 3287 303 3351 tricio
327 3306 449 3375 genere
472 3299 587 3363 natus,
611 3308 742 3353 omnem
765 3288 939 3372 pueritiam
962 3298 994 3350 et
1014 3307 1174 3374 magnam
1197 3287 1439 3353 adrdescentiae

212 3398 338 3479 partem
372 3392 486 3458 litteris
523 3392 742 3481 percipiendis
779 3405 810 3457 et
848 3393 996 3459 honestis
1040 3395 1163 3459 artibus
1204 3395 1302 3460 dedit.
1359 3394 1439 3459 lnde

212 3512 343 3585 sumpta
364 3500 450 3565 uirili
474 3512 553 3589 toga
583 3524 620 3566 se
649 3501 783 3566 contulit
806 3501 850 3566 ad
877 3502 926 3565 rei
952 3501 1102 3566 militaris
1127 3502 1352 3587 disciplinam,
1383 3503 1440 3565 ubi

215 3604 414 3690 aliquamdiu
445 3608 610 3693 stipendia
639 3608 760 3673 secisse
792 3621 824 3671 ct
852 3610 888 3672 in
918 3607 1035 3671 Asiam
1066 3629 1141 3671 cum
1172 3609 1249 3671 Sex.
1280 3606 1439 3695 Pompeio

216 3711 393 3797 nauigasse
419 3714 545 3780 dicitur.
592 3714 689 3779 Vnde
712 3735 884 3790 reuersus,
916 3736 991 3779 cum
1017 3714 1143 3778 uideret
1166 3735 1202 3779 se
1225 3716 1351 3802 patriae
1374 3726 1441 3782 tam

215 3816 297 3882 bene
320 3818 460 3885 dicendo
485 3821 682 3908 quambene
699 3820 851 3887 faciendo
868 3844 969 3908 posse
992 3820 1163 3909 prodesse,
1187 3845 1288 3911 aquo
1311 3826 1440 3911 incepto

214 3924 321 3989 studio
344 3926 479 3991 militiae
512 3928 619 4014 gloria
641 3930 840 4006 detinuerat,
872 3929 990 3994 eodem
1011 3951 1187 4017 regressus
1218 3932 1330 3997 statuit
1350 3932 1441 3997 urbis

214 4028 339 4095 Romae
374 4044 619 4122 exterarumque
644 4038 790 4123 gentirun
812 4039 902 4103 facta
931 4038 1029 4104 simul
1058 4060 1098 4103 ac
1135 4038 1224 4103 dicta
1259 4052 1442 4106 memoratu

211 4136 325 4225 digna,
350 4151 386 4201 ut
396 4141 467 4226 ipse
479 4142 606 4217 fatetur,
626 4143 804 4209 litterarum
819 4146 1039 4211 monumentis
1056 4145 1297 4211 commendare.
1344 4147 1443 4228 Quod

210 4244 350 4309 feliciter
373 4257 405 4310 ct
427 4248 570 4333 gloriose
594 4264 788 4316 consecutus
813 4266 874 4317 est.
925 4253 1048 4318 Floruit
1078 4264 1187 4317 autem
1210 4251 1330 4319 'liberii
1358 4254 1441 4319 Cae·

208 4353 298 4415 saris
330 4356 531 4439 temporibus
564 4370 596 4421 et
625 4358 686 4421 sub
718 4359 788 4423 eius
820 4361 957 4446 imperio
988 4359 1074 4424 hanc
1105 4361 1237 4447 scripsit
1258 4360 1441 4435 historiam,

207 4458 305 4521 errius
333 4462 432 4525 etiarn
462 4482 583 4531 numen
614 4466 756 4531 inuocat.
810 4466 1027 4554 imperatores
1060 4468 1147 4532 enim
1175 4468 1337 4545 Romani,
1367 4488 1443 4531 cum

279 4653 305 4718 ¹)
323 4656 465 4724 impressu
482 4662 596 4725 primurn
614 4664 671 4721 est,
697 4664 823 4729 quantum
843 4666 966 4730 equidem
983 4666 1114 4734 indagare
1132 4668 1214 4732 potui,
1235 4669 1262 4717 in
1280 4667 1321 4717 ed.
1339 4666 1445 4718 Veneta

206 4742 237 4777 a.
260 4722 344 4785 14942
363 4732 482 4781 nondum
500 4736 573 4783 extet
590 4734 618 4785 in
636 4736 741 4785 Veneta
765 4752 790 4787 a.
819 4732 888 4787 1418
911 4751 961 4788 nec
985 4738 1013 4788 in
1034 4738 1231 4790 Mediolanensi
1248 4754 1273 4789 a.
1300 4734 1384 4798 llum
1410 4741 1444 4790 de

205 4798 374 4867 uogmttna
392 4804 562 4870 exploratum
579 4820 634 4861 non
651 4807 748 4859 liabeo.

1211 4899 1230 4961 1
