3409 5400
1422 451 1466 520 23

233 622 340 688 supra
362 603 429 666 iam
453 604 560 690 posui,
584 603 679 690 plura
702 603 856 670 addenda
878 628 945 672 non
967 608 1094 692 putaui,
1119 618 1186 674 tota
1209 610 1292 676 haec
1317 620 1465 702 quaestio

233 711 279 774 ad
309 729 489 794 paucorum
519 711 703 798 antiquiora
731 713 919 778 testimonia
946 713 1039 778 redit.
1095 715 1138 779 Et
1164 719 1304 802 primum
1334 725 1465 811 quidem

232 815 395 882 Herodoti
417 818 518 882 libros
542 819 689 906 plurimis
718 819 799 884 leole
828 823 937 906 ipsum
961 822 1147 908 inspexisse
1171 846 1345 915 eorumque
1368 853 1463 918 prae.

232 927 335 1012 cipua
358 937 388 990 et
411 925 859 993 solainterdumauctoritate
883 951 977 993 usum
1002 950 1076 993 esse
1095 933 1315 999 concedamus
1328 951 1463 1023 oportet.

231 1035 382 1107 Etenim,
411 1055 611 1121 quamquam
642 1055 714 1098 eum
746 1036 878 1100 nomine
910 1036 1021 1101 addito
1057 1039 1160 1102 semel
1197 1052 1320 1107 tautum
1353 1046 1465 1111 citauit

233 1141 338 1224 (VIII,
367 1143 416 1214 13,
441 1153 502 1206 ext.
521 1141 554 1220 5)
583 1141 624 1206 de
648 1141 799 1207 diuturna
812 1142 1009 1229 Aethiopum
1030 1147 1107 1220 uita,
1131 1151 1297 1212 tamenin
1321 1162 1366 1215 tot
1389 1152 1463 1218 aliis

232 1251 334 1316 rebus
359 1249 442 1314 adeo
467 1271 540 1314 cum
565 1269 603 1313 co
629 1261 798 1324 consonat,
823 1252 1004 1316 tacentibus
1029 1255 1127 1318 etiam
1151 1256 1267 1352 ceteris
1290 1259 1343 1344 qui
1367 1261 1462 1325 nobis

232 1369 410 1444 supersunt
434 1356 656 1442 scriptoribus,
679 1369 714 1421 ut
738 1358 857 1446 quide
881 1360 999 1424 artiore
1018 1361 1174 1425 affinitate
1198 1362 1344 1428 dubitare
1367 1365 1464 1431 uellet

233 1465 358 1530 nodum
382 1475 552 1551 quaereret
574 1465 608 1528 iu
631 1468 750 1550 scirpo.
803 1467 982 1531 Conferant
1005 1469 1060 1554 qui
1082 1469 1154 1554 ipse
1183 1470 1327 1535 iudicare
1351 1473 1464 1540 uolunt

231 1571 257 1646 I,
282 1572 314 1646 2,
338 1583 400 1636 ext.
425 1572 445 1636 2
470 1593 544 1636 cum
566 1569 688 1635 Herod.
712 1572 735 1646 I,
761 1573 813 1639 60.
838 1613 884 1622 -
905 1572 930 1648 I,
954 1575 985 1647 6,
1010 1585 1071 1638 ext.
1098 1576 1122 1668 1!
1147 1598 1220 1640 cum
1243 1577 1365 1644 Herod.
1389 1579 1462 1655 VII,

233 1679 289 1744 57.
312 1678 405 1754 -I,
437 1682 551 1754 7,ext.
576 1680 694 1746 4011111
717 1679 839 1745 Herod.
864 1680 888 1755 I,
913 1682 956 1746 34
979 1703 1052 1769 sqq.
1076 1717 1121 1729 —
1143 1680 1167 1757 Ι,
1194 1685 1223 1758 7,
1247 1696 1308 1750 ext.
1338 1687 1357 1751 5
1388 1709 1462 1752 cum

231 1783 358 1850 Herod.
381 1783 405 1860 Ι,
433 1788 495 1851 107
524 1809 598 1875 sqq.
622 1821 667 1834 -·
689 1785 743 1862 ΙΙΙ,
765 1787 798 1862 d,
824 1799 885 1852 ext.
915 1788 937 1853 2
966 1810 1041 1853 cum
1063 1787 1184 1876 Herod.
1209 1789 1270 1866 ΙΙΙ,
1305 1795 1357 1858 78.
1388 1795 1462 1873 (sed

232 1892 287 1957 hie
313 1891 526 1980 neglegenter
549 1896 697 1981 iuspecto
722 1895 810 1958 fonte
834 1895 930 1959 foede
955 1898 1075 1961 errauit
1099 1895 1278 1976 Valerius.)
1295 1937 1340 1947 -
1363 1900 1405 1976 V,
1429 1901 1460 1976 2,

231 2015 297 2066 ext.
325 2004 341 2066 l
372 2023 445 2066 cum
468 2001 590 2065 Herod.
614 1999 673 2074 ΙΙΙ,
705 2001 767 2066 139
792 2025 864 2088 sqq.
895 2038 939 2049 -
966 2001 1014 2076 V,
1044 2003 1075 2076 4,
1105 2014 1166 2067 cxt.
1191 2005 1211 2069 5
1236 2027 1310 2071 oum
1338 2005 1461 2071 Herod.

231 2107 303 2182 1111,
331 2109 404 2174 125.
428 2143 473 2156 --
495 2105 568 2182 VH,
593 2108 623 2180 3,
648 2121 709 2171 ext.
734 2107 755 2172 2
778 2131 852 2174 cnm
870 2108 992 2173 Herod.
1016 2107 1070 2179 ΙΙΙ,
1094 2111 1148 2175 85.
1174 2148 1217 2158 -
1239 2111 1296 2187 ΙΧ,
1324 2114 1374 2187 13,
1398 2126 1460 2179 ext.

233 2219 252 2282 l
278 2237 354 2280 cum
375 2213 498 2280 Herod.
523 2213 594 2288 Vll,
619 2215 679 2290 45,
704 2215 757 2280 46.
783 2227 813 2278 et
841 2238 920 2302 prac
950 2218 1065 2280 ceteris
1095 2215 1171 2281 Val.
1194 2216 1269 2291 IIII,
1297 2219 1330 2292 6,
1354 2231 1415 2285 ext.
1440 2222 1460 2285 3

232 2343 309 2388 cum
332 2321 453 2386 Herod.
477 2321 546 2396 llll,
573 2323 646 2396 145,
674 2323 747 2394 146,
771 2323 826 2385 ubi
850 2334 974 2387 tantum
997 2344 1064 2386 non
1078 2322 1181 2387 uerba
1194 2325 1301 2388 uerbis
1324 2347 1470 2412 respon„

231 2432 321 2496 dent.
368 2429 443 2494 Alia
464 2429 566 2494 multa
589 2429 745 2494 adnotata
761 2441 835 2492 sunt
852 2431 887 2494 iu
899 2431 1141 2495 commentariis
1157 2432 1288 2495 uostris.
1334 2432 1461 2498 Deinde

231 2561 273 2604 ex
285 2537 405 2602 Ionicis
420 2531 645 2624 λογογράφοις
665 2537 857 2601 nominatim
870 2549 1166 2602 commemorantur
1177 2537 1366 2604 Hellanicus
1379 2538 1461 2605 Les·

232 2647 308 2713 bins
332 2655 364 2709 et
386 2644 563 2710 Damastes
588 2641 680 2719 VIII,
712 2643 762 2720 13,
787 2654 848 2709 ext.
874 2645 893 2710 6
919 2667 958 2709 ac
981 2641 1192 2732 praecedenti
1216 2647 1362 2735 exemplo
1388 2648 1460 2714 Cte-

232 2756 303 2819 sias
318 2752 454 2817 Cnidius
467 2754 513 2817 ita
537 2751 677 2839 quidem,
702 2764 805 2817 uteos
829 2754 921 2839 ipsos
947 2763 1021 2817 ante
1039 2754 1152 2819 oculos
1175 2754 1333 2821 habuisse
1356 2757 1461 2821 uideri

232 2862 375 2935 deberet,
399 2861 464 2925 nisi
475 2858 638 2923 interdurn
650 2878 724 2922 eum
737 2860 771 2923 in
785 2860 946 2925 adeundis
960 2862 1122 2925 ueteribus
1135 2863 1277 2928 fontibus
1300 2867 1461 2932 maiorem

233 2968 438 3055 diligentiam
462 2967 637 3031 simulasse
662 2988 759 3053 quam
783 2988 900 3032 reuera
923 2966 1115 3035 adhibuisse
1136 2983 1335 3056 compertum
1358 2971 1460 3037 habe·

232 3096 344 3141 remus
369 3096 472 3163 eaque
495 3096 531 3138 re
554 3074 669 3139 merito
689 3076 756 3140 iam
779 3075 875 3161 proni
898 3097 1047 3141 essemus
1072 3076 1113 3141 de
1135 3077 1327 3163 interposita
1350 3078 1462 3166 ailqua

234 3187 426 3249 auctoritate
453 3185 608 3271 cogitare.

323 3292 504 3358 Atticorum
532 3294 727 3377 scriptorum
756 3310 840 3353 unus
869 3288 1100 3379 Theopompus
1129 3292 1180 3357 bis
1209 3295 1340 3368 citatur,
1372 3291 1459 3368 VIII,

236 3402 288 3475 13,
314 3410 376 3464 ext.
401 3400 420 3465 5
445 3412 476 3461 et
501 3400 551 3473 14,
576 3409 637 3463 ext.
662 3396 692 3471 5,
717 3396 844 3461 sedita
869 3410 902 3461 ut
929 3400 1075 3463 nesciam
1100 3422 1144 3463 an
1167 3402 1237 3465 eius
1261 3419 1460 3466 commemo·

233 3510 316 3575 ratio
341 3507 480 3573 aliunde
498 3505 635 3579 fluxerit,
663 3505 805 3569 sortasse
837 3524 855 3565 c
883 3503 1041 3591 Pompeio
1074 3506 1198 3593 Trogo,
1230 3528 1325 3594 quem
1355 3506 1460 3572 Thoo-

233 3638 355 3705 pompo
384 3614 559 3700 praecipuo
588 3613 669 3676 duce
697 3632 793 3676 usrun
822 3632 898 3675 esse
927 3614 1008 3675 satis
1039 3623 1176 3677 constat.
1228 3611 1319 3677 Idem
1347 3614 1460 3679 nescio

232 3746 312 3789 num
335 3742 492 3808 umquam
515 3722 549 3784 in
571 3718 744 3805 hocopere
768 3730 899 3783 secutus
924 3719 966 3782 sit
977 3717 1209 3805 Thucydidem,
1234 3720 1325 3784 cuius
1350 3732 1461 3785 aucto·

230 3833 361 3895 ritatem
377 3841 463 3892 certe
480 3829 602 3915 spreuit
620 3824 661 3901 V,
686 3828 717 3901 6,
742 3836 803 3892 ext.
823 3827 853 3899 3,
877 3825 918 3889 de
930 3839 1033 3894 morto
1048 3824 1274 3891 Themistoclis
1297 3826 1461 3893 rethorica

233 3934 445 4001 Callisthenis
470 3947 500 3997 ct
515 3933 686 3999 Stratoclis
710 3946 895 3999 commenta
918 3934 1058 4019 simplici
1081 3936 1226 3999 ueritatis
1249 3936 1460 4021 professioni,

233 4064 318 4132 quae
343 4054 393 4107 est
417 4042 505 4128 apud
528 4042 617 4105 illum
640 4040 664 4115 Ι,
691 4042 763 4115 138,
788 4043 976 4127 praescrens
989 4048 1030 4121 ¹),
1053 4053 1086 4105 et
1107 4039 1155 4115 V,
1180 4042 1210 4115 3,
1240 4054 1302 4105 ext.
1330 4044 1370 4117 3,
1405 4042 1461 4107 ubi

233 4152 325 4217 aliter
356 4162 452 4236 atque
483 4147 690 4235 Thucydides
721 4162 752 4210 et
787 4147 919 4212 Charon
949 4148 1200 4213 Themistoclem
1233 4148 1359 4224 Xerxe,
1394 4170 1461 4213 non

231 4259 411 4323 Artaxerxe
435 4268 594 4343 regnante
618 4258 652 4321 in
675 4254 793 4321 Asiam
816 4256 988 4320 transiisse
1012 4254 1124 4329 scibit,
1153 4257 1187 4319 in
1212 4278 1277 4343 qua
1307 4258 1460 4343 opinione

231 4364 356 4431 scimus
373 4364 477 4427 fuisse
489 4362 668 4450 Ephorum,
690 4361 865 4437 Dinonem,
890 4362 1098 4437 Clitarchum,
1111 4360 1316 4427 Heraclidem
1326 4360 1362 4442 ²).
1392 4359 1461 4426 Sed

299 4629 324 4696 ¹)
343 4631 382 4681 ct
403 4630 456 4681 Cic.
475 4632 546 4682 Brut.
568 4625 610 4681 ll.

297 4700 325 4767 ²)
345 4702 384 4754 cr.
402 4700 471 4754 rtur.
490 4702 585 4755 raam.
603 4696 646 4755 11.
