3409 5400
394 497 437 564 44

396 659 452 736 12,
482 669 532 736 st.
561 660 598 734 2,
630 661 665 734 3,
695 661 726 726 8.
778 657 872 740 Quae
904 658 1022 724 eodem
1044 656 1141 723 Plinii
1169 658 1251 724 libro
1278 657 1384 745 c'apite
1406 663 1531 746 praeced

394 780 566 834 narrantur
590 768 630 834 de
654 766 759 831 Acilio
783 765 903 832 Auiola
926 779 958 829 et
978 763 1017 830 L.
1040 764 1176 840 Lamia,
1201 768 1266 852 qui,
1292 789 1367 831 cum
1388 768 1467 834 falso
1488 790 1531 833 m<

394 877 609 950 crederentur,
632 876 699 938 uini
723 873 1009 949 comburebantur,
1039 873 1137 938 ducta
1164 885 1240 938 sunt
1271 894 1288 935 e
1318 873 1393 939 Val.
1422 873 1451 949 l,
1478 877 1512 950 8,

395 1007 478 1072 quae
503 1009 530 1048 e.
556 984 597 1048 36
622 1004 639 1044 e
663 979 789 1046 Valerii
813 979 855 1055 V,
879 981 910 1054 4,
936 979 996 1056 7¹).

481 1092 557 1156 Non
585 1091 630 1154 ita
661 1089 861 1174 exploratum
889 1099 939 1150 est
967 1109 1044 1152 num
1072 1085 1267 1152 Plutarchus
1299 1110 1426 1175 quoque
1454 1093 1521 1175 ipse

394 1201 535 1286 spexerit
556 1196 683 1261 Valerii
705 1217 821 1280 opera,
846 1215 930 1280 quae
953 1194 1004 1259 bis
1028 1196 1153 1268 citauit,
1181 1197 1214 1259 in
1244 1198 1313 1261 uita
1335 1194 1424 1260 Bruti
1451 1221 1478 1260 c.
1500 1199 1531 1263 55

394 1307 513 1372 ultimis
538 1305 613 1368 fatis
637 1303 786 1376 Porciae,
812 1299 905 1364 Bruti
927 1302 1056 1374 uxoris,
1087 1303 1121 1365 in
1146 1302 1263 1387 quibus
1285 1303 1462 1367 referendis
1484 1301 1531 1367 Va

394 1413 476 1495 (llll,
500 1413 531 1486 6,
556 1411 588 1492 5)
614 1422 645 1473 et
667 1409 795 1474 Nicolai
818 1407 1005 1495 philosophi
1031 1410 1216 1472 testimonia
1239 1412 1413 1495 componit,
1437 1422 1466 1473 et
1485 1413 1519 1474 in

393 1519 540 1584 Marcelli
570 1540 598 1581 c.
626 1518 669 1581 30
699 1516 738 1579 de
770 1516 902 1580 ossibus
932 1516 1090 1578 interfecti
1121 1516 1328 1600 imperatoris
1359 1517 1401 1581 ab
1428 1517 1531 1582 Hanni

393 1629 534 1692 Romam
556 1625 670 1690 missis
693 1622 737 1686 ad
760 1623 862 1685 filium
885 1622 945 1686 sed
975 1623 1009 1684 in
1038 1623 1151 1684 itinere
1182 1623 1305 1707 impetu
1334 1625 1420 1687 facto
1448 1627 1481 1688 in
1509 1649 1531 1687 e·

394 1745 499 1799 tantcs
524 1756 545 1796 a
567 1729 717 1794 Numidis
743 1727 938 1815 quibusdam
961 1730 1044 1791 inter
1066 1729 1281 1815 pugnandum
1311 1729 1467 1816 dispersis
1491 1754 1530 1795 ae

393 1839 538 1926 perditio.
573 1836 686 1923 Neque
701 1837 785 1898 enim
798 1835 959 1899 immerito
972 1836 1106 1898 omnino
1130 1834 1291 1901 dubitatur
1315 1837 1490 1911 defructu,
1514 1862 1531 1924 q

395 1969 412 2010 e
435 1944 561 2008 Latinis
586 1942 797 2027 scriptoribus
822 1943 944 2026 ceperit
954 1939 1160 2016 Plutarchus,
1185 1943 1303 2028 quippe
1316 1945 1371 2029 qui
1390 1966 1465 2009 sero
1483 1945 1531 2007 der

394 2051 437 2117 ad
467 2050 529 2114 has
555 2049 680 2113 litteras
708 2047 937 2134 percipiendas
966 2069 1003 2112 se
1039 2050 1232 2112 conuerterit
1263 2071 1323 2114 nec
1359 2051 1442 2114 adeo
1479 2072 1531 2115 mu

393 2159 491 2223 iniis
515 2157 695 2241 profecisse
719 2155 877 2218 uideatur.
930 2153 971 2217 Et
1002 2176 1083 2218 sane
1113 2154 1213 2220 altero
1241 2154 1314 2219 loeo
1343 2179 1411 2221 non
1439 2159 1531 2222 minu

391 2263 527 2329 Valerio
553 2282 651 2348 quam
675 2261 714 2324 de
737 2259 832 2326 Liuio
864 2263 999 2334 errauit,
1029 2283 1112 2347 quos
1142 2261 1295 2326 diuersae
1324 2264 1434 2328 famae
1464 2287 1531 2329 auci

392 2371 513 2444 laudat,
538 2392 612 2434 eum
634 2391 740 2454 neque
770 2391 790 2432 a
812 2366 947 2432 Valerio
979 2366 1028 2441 V,
1060 2370 1096 2440 1,
1127 2380 1189 2432 ext.
1221 2370 1241 2432 6
1273 2371 1448 2456 quicquam
1471 2393 1531 2435 con

392 2491 554 2548 moratum
578 2478 620 2540 sit
642 2487 771 2561 praeter
801 2475 1037 2540 humanitatem
1058 2473 1270 2551 Hannibalis,
1301 2499 1366 2563 qua
1388 2477 1531 2541 Marcelli

395 2586 496 2649 dauer
517 2587 685 2648 inuentum
707 2582 886 2646 honorifice
911 2581 1123 2645 cremandum
1147 2584 1324 2656 curauerit,
1348 2605 1454 2669 neque
1478 2608 1499 2648 a
1523 2584 1532 2646 1

393 2689 531 2763 XXVII,
554 2689 597 2754 28
621 2687 773 2751 traditum
797 2689 839 2751 sit
862 2688 950 2774 quod
973 2687 1167 2773 opinabatur
1189 2687 1406 2766 Plutarchus,
1434 2714 1516 2755 ossa

395 2798 438 2861 ad
450 2796 550 2859 filium
561 2796 702 2858 Romam
723 2814 797 2857 esse
816 2795 984 2859 translata.
1021 2793 1128 2874 Quam
1148 2796 1189 2861 ob
1208 2818 1279 2859 rem
1296 2797 1448 2882 equidem
1466 2820 1531 2884 sus]

394 2926 467 2967 eum
481 2912 535 2965 aut
544 2902 705 2965 Graecum
718 2901 860 2986 aliquem
869 2904 1071 2987 scriptorem,
1085 2904 1139 2987 qui
1148 2900 1275 2966 Valerii
1285 2906 1486 2969 mentionem
1497 2908 1531 2968 in

392 3012 433 3073 rit
449 3008 730 3091 testimoniumque
751 3008 820 3069 eius
841 3006 882 3069 de
902 3008 1027 3093 sepulto
1044 3007 1199 3072 Marcello
1219 3008 1412 3085 adhibuerit,
1438 3034 1507 3075 non

296 3128 300 3139 '
392 3114 601 3187 intellexisse,
619 3122 683 3185 aut,
704 3111 791 3198 quod
810 3114 948 3179 similius
969 3119 1067 3180 etiarn
1078 3118 1148 3179 ueri
1167 3118 1305 3191 uidetur,
1323 3121 1474 3183 nuntium
1493 3118 1531 3181 dc

393 3221 573 3287 Valeriana
583 3218 739 3284 relatione
751 3219 893 3283 fortasse
910 3244 1027 3307 parum
1044 3235 1231 3288 accuratum
1245 3224 1286 3288 ab
1299 3208 1406 3289 amico
1419 3225 1531 3289 studio

394 3350 455 3415 que
476 3326 622 3392 adiutore
641 3335 810 3411 acceptum
829 3348 897 3389 non
910 3327 1096 3414 diligentius
1109 3351 1250 3395 excussa
1270 3332 1405 3396 ueritate
1417 3331 1531 3395 reddit*

481 3434 670 3499 Frontinum
696 3452 792 3505 uer0,
822 3452 897 3496 eum
931 3433 1032 3497 libros
1068 3438 1356 3522 strategematicon
1393 3460 1531 3523 compor

392 3544 558 3631 cognitum
579 3540 737 3605 habuisse
760 3538 931 3604 Valerium
952 3539 1131 3605 Maximum
1155 3553 1186 3605 et
1217 3546 1423 3629 excerpsisse
1448 3568 1531 3630 appa

392 3650 589 3734 comparatis
619 3646 671 3711 his
701 3646 799 3719 lociS,
832 3668 915 3733 quos
945 3668 985 3709 ex
1013 3669 1079 3711 uno
1110 3650 1278 3736 utriusque
1309 3652 1482 3736 scriptoris
1514 3674 1531 3713 c

392 3754 581 3838 desumptos
606 3756 755 3838 apposui,
779 3753 924 3819 Frontin.
947 3753 1016 3828 llll,
1042 3756 1072 3829 l,
1096 3756 1137 3819 31
1163 3769 1194 3818 et
1216 3753 1292 3820 Vel.
1316 3756 1355 3831 II,
1381 3760 1411 3830 7,
1437 3759 1471 3822 4.
1511 3758 1531 3820 P

390 3857 434 3920 ib.
458 3864 487 3929 §-
512 3858 554 3919 32
579 3869 610 3918 et
631 3858 707 3922 Val.
730 3860 773 3923 ib.
798 3869 825 3934 s.
852 3861 883 3933 5,
906 3863 940 3923 in
958 3862 1074 3946 quibus
1103 3863 1234 3949 singula
1253 3863 1531 3949 propemodumr

359 3972 362 3979 ’
391 3962 455 4027 sibi
477 3960 687 4045 respondent.
733 3962 842 4027 Pront.
866 3964 910 4027 ib.
934 3974 963 4039 5.
988 3966 1041 4029 26.
1083 3965 1160 4031 Val.
1184 3970 1227 4032 ib.
1259 3979 1288 4044 ς.
1313 3970 1344 4035 9.
1367 4005 1414 4017 -
1438 3970 1531 4033 Fron

391 4078 421 4145 s.
453 4068 504 4133 18.
544 4065 619 4131 Val.
644 4068 686 4131 ib.
716 4077 746 4147 9,
772 4068 823 4132 15.
851 4104 897 4115 -
924 4069 1033 4133 Front.
1067 4070 1111 4135 ib.
1145 4082 1175 4148 §-
1204 4075 1258 4139 44.
1304 4074 1380 4139 Val.
1414 4077 1462 4141 ib.
1501 4086 1531 4152 s.

315 4220 319 4229 .
385 4166 435 4220 '-
458 4173 566 4237 Front.
591 4172 633 4237 11).
658 4181 687 4249 §.
714 4174 765 4237 17.
807 4173 884 4238 Val.
914 4175 957 4239 ib.
989 4189 1050 4240 ext.
1079 4186 1109 4253 6.
1139 4179 1170 4243 2.
1223 4180 1381 4268 Reliquos
1413 4203 1494 4245 cum
1524 4180 1531 4244 1

391 4290 458 4344 tum
482 4280 619 4343 aliorum
643 4282 784 4365 capitum
807 4280 899 4345 locos
913 4284 1019 4356 omisi,
1042 4284 1205 4371 inquibus
1227 4288 1462 4373 siprobabiliS,
1489 4299 1525 4351 at

390 4388 498 4453 minus
521 4387 699 4451 manifesta
722 4398 772 4451 est
796 4388 928 4453 alterius
952 4391 1120 4476 scriptoris
1144 4413 1218 4456 cum
1242 4392 1342 4457 altero
1368 4394 1531 4458 affinitas.

456 4582 480 4646 ¹)
501 4584 538 4633 Cf.
557 4584 700 4647 practerea
718 4584 775 4635 Vol.
795 4585 815 4645 Ι,
834 4581 859 4642 8,
880 4587 931 4635 ext
951 4581 968 4635 2
988 4602 1047 4635 cam
1065 4587 1131 4637 Ptin.
1150 4588 1206 4646 Vll,
1230 4584 1272 4639 24.
1292 4616 1328 4627 -
1346 4589 1405 4640 Val.
1426 4590 1455 4648 1,
1483 4586 1510 4648 8.

391 4669 450 4703 curn
469 4654 534 4704 Plin.
554 4654 609 4714 Vll,
629 4650 671 4705 50.
691 4682 725 4693 --
744 4656 802 4706 Val.
822 4658 841 4716 l,
861 4652 887 4716 8,
907 4658 958 4706 ext.
980 4654 1013 4707 12
1032 4673 1093 4706 eum
1111 4657 1175 4709 Ptin.
1195 4660 1256 4718 vn,
1278 4654 1319 4710 16.
1339 4688 1373 4697 -
1392 4662 1456 4712 Val.
1478 4662 1500 4720 1,
1525 4659 1531 4709 i

392 4721 425 4776 14
444 4740 504 4777 cum
521 4726 587 4778 Ptin
606 4726 662 4788 vn,
680 4722 724 4779 21.
743 4754 778 4766 -
797 4728 855 4781 vau
873 4728 895 4790 1,
913 4726 939 4788 8,
959 4730 1010 4780 ert
1032 4723 1065 4778 16
1084 4744 1143 4779 curn
1160 4730 1226 4781 Ptin.
1245 4732 1302 4792 vn,
1320 4727 1363 4782 61.
