3409 5400
353 486 420 557 222
698 482 758 549 Dii
780 483 888 551 ivus
913 480 1231 553 TRIVMPHANDI.

353 659 484 737 praetor
514 648 603 711 circa
624 643 771 709 Siciliam
798 646 964 733 insignem
989 644 1173 710 Poenorum
1202 644 1336 709 classem
1359 642 1508 709 deleuerant.

355 778 418 843 quo
441 753 573 818 nomine
596 750 724 815 Lutatio
751 751 879 817 consuli
903 751 1101 837 triumphum
1129 762 1263 815 senatus
1293 749 1413 813 decreuit
1447 750 1512 815 (ium

353 874 461 927 aretem
489 856 643 923 Valerius
673 856 737 921 sibi
768 880 899 945 quoque
928 880 1004 921 eum
1035 858 1167 921 decerni
1196 856 1392 929 desideraret,
1411 858 1515 941 negauit

351 966 385 1031 id
408 966 478 1029 lieri
502 975 651 1051 oportere
675 963 833 1038 Lutatius,
858 984 899 1028 ne
921 966 955 1028 in
978 963 1103 1028 honoro
1128 963 1280 1051 triumphi
1295 965 1382 1027 minor
1400 974 1516 1048 potestas

351 1072 466 1137 maiori
490 1083 693 1157 aequaretur,
716 1072 980 1158 pertinaciusque
999 1092 1179 1158 progressa
1195 1071 1384 1134 contentione
1397 1067 1539 1133 Valerinsr

351 1180 531 1267 sponsione
558 1178 721 1243 Lutatium
749 1179 956 1263 prouocauit,
986 1179 1049 1241 nisi
1078 1200 1139 1241 suo
1168 1176 1266 1239 ductu
1297 1174 1402 1240 l‘uniea
1426 1175 1522 1239 classis

351 1296 440 1351 esset
462 1306 639 1371 oppressa;
663 1306 723 1347 nec
747 1283 907 1347 dubitauit
928 1283 1112 1369 restipulari
1135 1283 1292 1347 Lutatius.
1334 1280 1427 1367 ltaque
1446 1280 1527 1345 iudex

350 1394 433 1457 inter
466 1413 525 1455 eos
561 1392 713 1455 conuenit
740 1389 872 1452 Atilius·
888 1388 1071 1465 Calatinum
1107 1389 1195 1475 apud
1224 1410 1318 1475 quem
1342 1385 1472 1452 Valerius
1500 1388 1530 1449 in

350 1498 436 1563 hune
460 1496 593 1562 modum
617 1497 694 1583 egit,
719 1494 888 1559 consulem
913 1516 953 1559 ea
975 1516 1088 1582 pugna
1111 1498 1145 1559 in
1167 1496 1284 1560 lectica
1306 1494 1436 1559 claudum
1455 1495 1532 1557 iacu-

350 1608 433 1679 isse,
469 1627 507 1669 se
540 1616 650 1668 utitem
680 1602 832 1667 omnibus
862 1604 1067 1687 imperatoris
1097 1603 1246 1689 partibus
1273 1602 1413 1665 functum.
1457 1598 1551 1663 'luncr

351 1712 520 1777 Calatinus
543 1712 734 1797 priusquam
758 1708 906 1774 Lutatius
936 1730 1072 1772 causam
1100 1730 1195 1775 suam
1226 1709 1377 1772 ordiretur
1396 1705 1541 1785 ‘Quaerol

350 1820 464 1905 inquit,
487 1816 623 1883 ‘Valeri
646 1840 667 1881 a
690 1828 731 1891 tc,
755 1816 785 1879 si
808 1816 1030 1881 dimicandum
1054 1836 1158 1880 necne
1182 1828 1272 1881 esset
1294 1814 1449 1879 conuariis
1470 1816 1545 1877 inter

350 1947 412 1991 tros
435 1924 604 1989 sententiis
627 1923 865 1997 dissedissetis,
888 1936 994 1987 utrum
1014 1924 1104 2011 quod
1126 1923 1242 1988 consul
1265 1946 1308 1987 an
1329 1920 1410 2007 quod
1429 1932 1547 2006 praetor

351 2034 547 2118 imperasset
572 2031 680 2095 mains
708 2028 895 2094 habiturum
918 2031 1012 2095 fuerit
1034 2027 1268 2095 momentum'i
1302 2026 1472 2113 Respondit
1486 2025 1550 2089 Va·

349 2226 375 2283 2.
394 2229 523 2295 ricereuitl
547 2228 665 2279 decernit
686 2224 722 2279 Ε.
741 2226 753 2297 ΙΙ
773 2222 799 2277 ii
818 2241 879 2277 curn
898 2243 1003 2293 quoque
1024 2224 1100 2278 Turr.
1117 2226 1130 2293 ΙΙ
1148 2228 1313 2277 desideraret
1334 2226 1436 2275 decerni
1454 2220 1552 2289 11115,

350 2296 521 2353 contentiori
538 2298 569 2364 (i.
593 2315 615 2349 e.
639 2301 692 2362 est)
710 2298 745 2351 Ε.
757 2297 770 2366 ΙΙ
782 2295 808 2349 11.
826 2298 853 2347 ni
875 2295 951 2349 Torr.
966 2296 978 2365 ΙΙ
993 2300 1069 2347 doctu
1089 2312 1136 2365 pr.
1157 2296 1190 2349 A.
1207 2296 1219 2361 ΙΙ
1236 2292 1261 2345 11.
1285 2294 1329 2361 ea]
1354 2298 1379 2346 in
1402 2309 1435 2343 eu
1456 2292 1519 2345 DE.
1535 2292 1546 2362 ll

353 2370 393 2425 111.
411 2372 590 2439 imperatoriis
608 2366 669 2421 DE
690 2375 716 2420 u
736 2384 807 2421 corr.
830 2367 869 2421 A.
892 2366 968 2420 Terr.
994 2368 1036 2435 Q*-
1057 2368 1112 2422 cic.
1135 2384 1194 2436 epp.
1213 2366 1270 2422 lll.
1297 2364 1343 2425 111,
1365 2362 1478 2437 1·111“Ζῆ
1502 2382 1519 2415 a
1535 2376 1552 2415 tr

350 2446 435 2497 uulcri
451 2440 485 2495 Β.
496 2442 510 2509 ΙΙ
520 2441 557 2565 Bi]
576 2437 639 2495 add.
657 2458 693 2491 an
710 2439 746 2495 Ε.
760 2440 774 2509 ΙΙ
787 2442 972 2491 contrariis-
987 2437 1054 2505 (11.1
1072 2443 1234 2505 imperasset
1252 2454 1301 2491 oar.
1316 2454 1361 2505 pr.
1379 2436 1438 2507 13.ss
1455 2435 1493 2490 11.
1510 2455 1552 2487 mo

349 2518 502 2567 numentum
546 2552 553 2564 .

350 2658 442 2722 procui
460 2657 541 2706 dubio
559 2657 610 2704 sub
629 2655 708 2705 litura
726 2655 893 2720 sequentium
912 2657 1053 2706 uerborum
1073 2655 1146 2705 latet.
1188 2654 1286 2706 Verum
1311 2656 1336 2705 id
1355 2670 1410 2706 non
1428 2670 1445 2704 a
1465 2654 1553 2704 Valeri

349 2729 497 2791 proiectum
515 2728 564 2775 sed
583 2743 601 2776 a
618 2726 675 2774 uiro
694 2727 809 2790 quodam
828 2726 906 2774 docto
924 2727 951 2775 in
970 2729 1092 2794 margine
1111 2726 1287 2788 antiquissimi
1307 2729 1400 2776 nescio
1421 2728 1496 2776 cuius
1516 2727 1552 2775 lib

349 2799 481 2847 adiectrrm
500 2800 528 2844 et
550 2797 611 2845 inde
635 2797 663 2844 in
681 2799 823 2845 uerborum
840 2798 959 2846 ordinem
983 2799 1113 2848 intrusum
1136 2811 1200 2847 esse
1224 2812 1257 2846 eo
1281 2799 1431 2864 colligitur,
1460 2799 1531 2861 quod
1552 2819 1553 2834 t

350 2869 449 2918 hbent
467 2868 608 2928 occupauit
625 2868 713 2916 locum
724 2872 751 2915 et
768 2868 876 2916 omnino
895 2869 973 2917 abest
992 2885 1009 2918 a
1027 2871 1184 2934 compendio
1197 2869 1254 2917 lulii
1267 2869 1383 2926 Paridis
1403 2869 1449 2930 qui
1469 2869 1553 2917 nonrir

350 2939 461 3002 propria
478 2953 496 2986 a
511 2937 620 2985 l'alerio
637 2939 726 2999 posita
742 2938 846 2986 illibata
865 2940 944 3002 atque
962 2941 1115 3004 incorrupta
1134 2940 1247 2989 retinere
1266 2940 1345 2989 solet.
1384 2939 1491 2988 Eadem
1512 2955 1553 3002 qur

350 3010 415 3058 mibi
432 3009 626 3061 recludendae.
645 3008 810 3056 emendatori
827 3009 888 3056 libri
905 3010 1037 3060 nantensi
1053 3012 1250 3076 expungendas
1269 3012 1346 3060 uocis
1366 3023 1458 3059 eurise
1478 3016 1550 3059 erat.

421 3077 476 3130 aiei
490 3093 539 3129 uo
556 3075 647 3136 hera)
672 3079 736 3126 Cum
755 3079 895 3128 sollemnis
914 3081 940 3128 in
959 3082 1150 3143 sponsionibus
1169 3083 1283 3132 formula
1301 3083 1350 3136 sit.
1379 3096 1453 3146 quae
1474 3082 1553 3142 incip*

349 3167 399 3214 per
415 3147 442 3200 ei
459 3151 505 3198 aut
521 3164 572 3212 per
587 3147 631 3202 ai,
661 3153 732 3196 recte
751 3149 867 3198 artiores
886 3151 998 3200 altemm
1023 3154 1074 3200 buc
1092 3169 1141 3216 pro
1160 3167 1201 3207 eo.
1221 3153 1288 3216 quod
1309 3153 1425 3201 codices
1446 3153 1552 3200 exhibe

350 3219 418 3275 nisi.
443 3222 566 3286 quodque
588 3233 724 3280 nusquam
745 3221 772 3268 in
795 3220 839 3268 bis
868 3222 1083 3284 stipulationibus
1108 3227 1262 3288 usurpatum
1287 3224 1397 3281 iuueni,
1430 3224 1553 3272 restituit

351 3293 435 3343 uideri
451 3298 579 3356 possent.
596 3293 624 3341 ni
641 3291 705 3340 alibi
722 3305 829 3352 quoquc
848 3292 962 3354 scriptor
990 3295 1116 3362 neglecta
1143 3295 1251 3358 propria
1278 3295 1446 3358 sponsionis
1475 3295 1548 3342 form

350 3366 407 3414 aeis
426 3366 517 3414 uerbis
535 3378 586 3412 suo
603 3365 660 3412 iure
678 3376 744 3412 rem.
762 3363 797 3410 de
805 3377 861 3424 qua
879 3363 997 3426 stipulati
1015 3374 1076 3415 sunt
1090 3363 1246 3421 aduersarii.
1265 3365 1486 3414 introduxisset.
1527 3365 1552 3412 N

350 3438 472 3502 quamuis
491 3450 570 3485 nemo
588 3449 714 3496 umquam
732 3433 759 3482 in
777 3435 923 3496 sponsione
942 3450 996 3486 rem
1011 3441 1211 3487 coutmuersam
1223 3451 1272 3499 per
1289 3432 1366 3502 pund
1386 3437 1535 3498 inceperit

350 3523 459 3571 moer&
476 3509 549 3558 licerit
565 3509 656 3556 tamen
674 3505 781 3554 b'alcrio
800 3504 844 3554 t't.
867 3501 889 3559 l.
913 3503 944 3555 10
961 3507 988 3557 C.
1008 3509 1158 3557 Cornelium
1176 3508 1309 3558 dicentem
1328 3508 1446 3556 referre
1467 3509 1553 3569 parat

349 3593 381 3628 ae
398 3594 464 3629 esse
476 3580 648 3644 sponsionem
661 3577 759 3634 satura
777 3572 848 3642 paud
859 3572 1011 3630 adalram
1019 3577 1109 3644 palear
1122 3584 1198 3645 atqu
1210 3583 1301 3644 aperte
1315 3591 1446 3644 comeare
1460 3591 1553 3644 quaes

347 3647 511 3704 romanet.
537 3653 565 3700 et
582 3649 639 3706 111,
656 3645 684 3704 2.
702 3642 719 3696 l
736 3663 755 3696 a
773 3647 810 3696 11.
829 3647 936 3698 Lutatio
955 3649 1061 3700 Pinthia
1078 3651 1191 3700 iudicem
1210 3651 1311 3698 aditum
1331 3651 1438 3698 dicere
1461 3650 1501 3697 de
1525 3663 1553 3712 sp

348 3721 434 3778 sione,
452 3717 523 3786 quod
539 3719 584 3769 eir
601 3717 683 3768 bom
699 3721 774 3769 esaei.
810 3719 911 3768 Eodem
929 3720 1010 3786 igitur
1021 3723 1078 3770 iure
1097 3729 1190 3770 auctor
1208 3721 1329 3768 adbibita
1344 3721 1515 3783 particula,
1539 3737 1553 3776 u

348 3791 374 3836 ai
390 3805 445 3838 nen
461 3794 592 3854 usurpata
609 3795 652 3838 est
669 3791 696 3838 in
713 3791 776 3852 ipsa
792 3790 991 3852 stipulationum
1016 3792 1142 3845 formula.
1167 3793 1280 3842 eandem
1306 3793 1415 3840 umen
1437 3792 1506 3840 uim
1528 3793 1553 3839 b¹

349 3863 430 3922 nique
446 3861 508 3916 itta.
526 3877 581 3924 qua
598 3862 739 3909 utebantur
761 3861 843 3927 uulgo
867 3863 912 3924 qui
930 3863 1075 3924 sponsione
1094 3863 1209 3928 aliquem
1226 3864 1453 3926 procurabant.
1485 3863 1552 3910 sori

349 3933 469 3991 poterat.
496 3931 632 3980 vamina
654 3933 800 3992 sponsione
822 3947 989 3993 prouocasse
1013 3935 1206 3990 aduemariuru,
1231 3931 1284 3982 aiei
1306 3947 1363 3982 m
1387 3929 1488 3982 dama
1512 3931 1553 3982 Pe

349 3997 445 4050 dmin
460 4006 529 4050 aad
542 4013 678 4066 effrene.
712 4002 777 4064 ipsa
794 4008 885 4052 autem
903 4005 1058 4066 sponsionis
1076 4005 1191 4054 turmula
1207 4013 1281 4056 erat.
1301 4001 1346 4056 ·sr·
1368 4001 1499 4054 Par-sea
1524 4002 1553 4052 cl

349 4085 406 4120 nee
422 4067 641 4138 ἀπώσηται
657 4076 706 4124 eat,
723 4071 993 4134 merfioetceataarl
1011 4072 1206 4126 mansam
1216 4069 1372 4142 spondes?
1412 4075 1490 4123 Non
1508 4090 1553 4122 on

349 4149 440 4192 men
456 4144 612 4209 negauerim
630 4143 688 4192 deri
709 4145 831 4206 potuisse
853 4150 883 4193 ut
901 4145 1024 4196 Valerius
1043 4147 1178 4196 iluimus
1201 4145 1230 4196 ni
1252 4147 1389 4208 posuerit
1420 4147 1523 4209 eique
1550 4167 1553 4186 ι

348 4216 456 4277 quentia
473 4214 597 4263 uocabuli
613 4215 684 4276 (nol
701 4215 775 4263 initio
792 4215 880 4264 altera
897 4217 943 4266 illa
962 4219 1070 4281 syllaba
1088 4219 1253 4272 adhaeserit
1287 4218 1401 4283 Magis
1427 4217 1548 4264 dubito

348 4292 422 4336 reete
439 4291 534 4336 metor
550 4287 645 4335 dixerit
663 4300 715 4334 non
733 4287 875 4336 dubitasse
894 4287 1027 4338 buranum
1046 4289 1211 4352 restipulari.
1240 4304 1300 4337 cum
1321 4292 1419 4336 certe
1448 4291 1545 4335 teste

348 4359 410 4408 inat.
427 4359 485 4409 llil.
502 4352 539 4406 91
556 4359 585 4407 in
600 4357 647 4404 illa
664 4357 819 4419 sponsione.
837 4372 909 4418 quae
928 4373 980 4408 uon
998 4361 1121 4424 poenalis
1139 4359 1174 4408 sit
1193 4361 1240 4411 sed
1260 4359 1527 4423 praeiudicialis.

348 4443 403 4494 qna
418 4437 528 4493 propter
544 4429 597 4477 boe
613 4428 701 4477 solum
718 4427 765 4476 flat
784 4435 813 4476 ut
835 4429 869 4477 de
888 4429 943 4478 alia
966 4443 996 4480 re
1013 4431 1142 4480 iudicetur
1158 4432 1198 4494 (b.
1217 4431 1235 4480 1.
1253 4431 1287 4480 de
1305 4430 1474 4492 triumphi
1500 4429 1549 4476 ho

348 4501 522 4550 aemam
538 4500 646 4550 omnino
657 4499 901 4561 nonrestipulubrr.
937 4501 1126 4552 i'ulnitautem
1144 4503 1196 4550 boe
1208 4502 1351 4552 Valerius,
1376 4515 1454 4550 non
1479 4501 1553 4548 duh

349 4571 483 4620 Luhtium
503 4572 627 4633 accipere
649 4570 724 4618 illam
749 4570 924 4632 sponsionem
949 4573 992 4622 uel
1015 4573 1190 4636 respondisse
1211 4573 1421 4639 interroganti
1454 4571 1553 4618 adire

350 4641 502 4704 ·'.Spendec
537 4645 625 4700 Quam
642 4641 773 4688 auium
791 4642 915 4703 equidem
939 4658 1034 4706 parum
1058 4655 1184 4694 mmrate
1208 4646 1396 4694 scribentem
1431 4643 1549 4704 restip

350 4710 822 4779 muamugniueuaeopimr.
