3409 5400
342 510 408 578 558
642 508 806 578 *VAFRE
827 506 959 575 DICTA
983 504 1074 573 AVT
1096 504 1253 572 FACTA.

343 670 601 735 Amantissimus
625 668 759 756 quidam
782 668 850 744 lilii,
875 690 949 733 eum
973 688 1048 731 eum
1071 666 1282 733 inconcessis
1317 687 1364 731 ae
1392 660 1593 751 pariendi-T

342 778 472 843 facibus
500 796 678 841 accensum
707 776 750 840 ab
778 778 899 840 insana
927 774 1102 860 cupiditate
1133 777 1254 858 [pater]
1285 769 1470 835 inhibere
1512 773 1575 832 uel

343 885 468 950 salubri
490 883 628 947 consilio
650 883 792 968 patriam
814 880 1053 967 indcdgentiam
1077 880 1282 965 temperauit.
1334 877 1438 943 Petit
1461 880 1565 941 enim
1591 930 1593 935 .

344 994 435 1079 prius
464 1012 562 1077 quarn
591 988 636 1053 ad
663 1010 736 1053 eam
765 1010 865 1075 qnam
894 987 1053 1074 diligebat
1084 988 1145 1051 iret
1174 985 1307 1072 uulgari
1350 996 1387 1048 et
1427 988 1589 1071 per-ml·-

343 1118 464 1182 uenere
487 1108 637 1162 uteretur.
691 1094 793 1159 Graius
822 1093 975 1178 precibus
1005 1094 1181 1159 obsecutus
1205 1091 1425 1156 adulescens
1463 1093 1593 1155 inst-liz

345 1204 446 1269 animi
460 1205 627 1288 impetum,
643 1201 791 1265 satietate
806 1198 935 1264 licentis
952 1200 1142 1265 concubitus
1159 1198 1359 1273 resolutum,
1384 1199 1437 1263 ad
1465 1198 1507 1261 id
1530 1220 1570 1283 qt.

344 1331 411 1374 non
433 1308 553 1373 licebat
574 1307 749 1373 tardiorem
773 1307 1016 1393 pigrioremque
1041 1306 1194 1373 adferens
1224 1304 1394 1391 paulatim
1425 1306 1577 1390 depo-u

210 1415 282 1481 Est.
305 1414 332 1479 l.
432 1416 515 1481 (lum
542 1413 747 1488 Alexander,
778 1412 999 1477 Macedonum
1022 1434 1095 1485 rex,
1127 1423 1214 1475 sorte
1238 1413 1396 1475 monitus
1437 1428 1486 1475 ut
1525 1434 1574 1473 ec:

344 1524 400 1610 qni
422 1523 487 1588 sibi
509 1536 604 1609 porta
625 1542 763 1609 egresso
787 1520 912 1605 primus
938 1520 1144 1593 occurrisset,
1168 1520 1305 1581 interiiei
1332 1519 1508 1591 iuberet,
1544 1542 1593 1577 :e-

344 1631 472 1695 riarium
495 1631 578 1693 forte
601 1629 664 1691 sibi
688 1627 820 1690 obuiam
842 1626 964 1689 factum
989 1624 1031 1689 nd
1060 1636 1197 1688 mortem
1226 1624 1333 1709 abripi
1369 1626 1569 1711 imperas-e·

345 1758 450 1823 eoque
474 1744 649 1821 quaerente
673 1732 830 1818 quidnam
859 1752 896 1797 se
919 1732 1143 1795 immerentem
1172 1730 1304 1815 capitali
1334 1732 1533 1817 supplicio

343 1852 580 1925 nocentemque
596 1838 773 1912 addiceret,
795 1860 869 1901 cuni
887 1838 931 1902 ad
947 1836 1171 1901 excusandum
1188 1836 1311 1900 factum
1329 1859 1442 1903 sirum
1465 1834 1575 1901 ornes

342 1958 552 2035 praeceptum
574 1944 748 2017 retulisset,
773 1944 940 2009 asinarius
965 1944 1014 2009 ‘Si
1037 1943 1083 2008 ita
1106 1940 1182 2019 cst,
1205 1944 1326 2029 inquit,
1353 1955 1455 2021 nex,
1495 1944 1579 2009 alia.

344 2076 419 2121 sors
442 2052 520 2117 huic
543 2052 638 2115 morti
662 2051 857 2127 destinauit,a
875 2072 953 2115 nam
971 2050 1103 2125 asellus,
1127 2072 1222 2135 quem
1240 2070 1304 2135 ego
1318 2062 1403 2114 ante
1421 2074 1486 2115 me
1513 2070 1580 2132 agr·

342 2160 437 2235 bam,
465 2159 555 2245 prior
582 2157 638 2221 tibi
667 2154 825 2221 occurrit'.
881 2144 1069 2221 Delectatus
1098 2154 1284 2221 Alexander
1320 2168 1353 2219 et
1391 2157 1496 2223 illius
1528 2166 1593 2217 tan

344 2266 462 2333 callido
487 2265 572 2329 dicto
598 2275 629 2326 et
652 2264 740 2350 quod
760 2265 834 2349 ipse
858 2263 899 2328 ab
924 2284 1032 2326 errore
1052 2274 1226 2327 reuocatus
1249 2274 1330 2338 erat,
1355 2206 1593 2329 occasionmi

343 2479 370 2537 2.
388 2480 476 2549 pater]
493 2478 599 2548 paneas
615 2481 731 2529 notatam
742 2474 775 2529 A.
793 2491 844 2529 om.
863 2475 939 2530 Torr.
951 2475 965 2545 ΙΙ
976 2474 1002 2530 3.
1021 2478 1095 2542 petiit
1115 2473 1348 2531 ODEFP'lbrr.
1374 2474 1415 2529 Vt
1434 2494 1489 2530 aaa
1505 2474 1567 2527 edu·
1591 2392 1593 2515 l

343 2553 406 2607 Por.
418 2550 468 2621 ild.
488 2552 525 2616 et]
545 2568 578 2601 ac
598 2548 674 2601 Torr.
686 2546 735 2616 ilii.
756 2549 910 2600 concubitus
935 2550 1038 2599 licentis
1059 2546 1136 2598 Torr.
1158 2548 1171 2615 ΙΙ
1188 2544 1213 2598 8.
1237 2564 1284 2599 rex
1302 2552 1499 2601 inacedonum
1518 2540 1567 2596 DF.

354 2622 368 2690 ΙΙ
379 2618 404 2675 ll.
424 2621 580 2686 asinarium]
600 2619 629 2671 in
646 2634 744 2671 rasura
761 2618 792 2671 A.
811 2621 1010 2686 asinariumque
1029 2617 1059 2671 F.
1074 2616 1086 2687 ΙΙ
1103 2617 1143 2671 lo.
1157 2623 1224 2670 forte
1236 2619 1299 2686 sibi]
1314 2620 1390 2671 torte
1404 2631 1474 2673 ante
1488 2628 1562 2669 omne!
1591 2588 1593 2647 i

343 2690 537 2746 inaccurati.
559 2690 635 2744 Tora.
655 2695 728 2744 sorte
746 2692 840 2742 ominis
861 2688 890 2747 Γ.
913 2688 974 2744 odd.
994 2694 1056 2742 anie
1075 2707 1168 2743 omnes
1185 2690 1221 2744 D.
1238 2690 1252 2760 ΙΙ
1269 2692 1351 2755 arripi
1374 2686 1553 2746 enses*

345 2761 388 2814 11.
405 2765 509 2826 querite
527 2760 557 2815 F.
569 2760 583 2827 ΙΙ
596 2763 731 2828 quidnam]
745 2761 869 2813 litterati
889 2777 905 2813 a
923 2777 992 2815 corr.
1005 2762 1037 2816 A.
1049 2762 1062 2830 ΙΙ
1075 2765 1098 2816 si
1111 2761 1142 2816 F.
1154 2765 1168 2830 Η
1180 2766 1335 2814 immerente
1350 2762 1418 2817 CF.
1433 2765 1448 2832 ΙΙ
1460 2762 1562 2828 capitata!

343 2834 404 2897 capi
423 2835 562 2883 mundaret
580 2837 607 2883 et
623 2834 671 2882 tali
689 2831 725 2884 D.
736 2833 751 2901 ΙΙ
762 2835 991 2902 innocentemque]
1012 2849 1063 2900 qne
1082 2849 1131 2887 om.
1148 2832 1233 2886 GDF
1235 2831 1264 2885 Γ.
1276 2832 1289 2900 Η
1303 2829 1344 2884 ld.
1365 2838 1497 2888 adiceret
1514 2830 1559 2886 ss.
1591 2791 1592 2850 l

353 2901 367 2971 ll
379 2906 576 2954 excussandum
593 2900 624 2955 A.
636 2902 650 2972 ll
665 2900 704 2955 13.
722 2906 888 2968 praetextum
907 2903 944 2958 D.
956 2905 970 2974 ll
981 2923 997 2956 o
1015 2919 1063 2957 res
1082 2903 1113 2959 Γ.
1128 2904 1140 2975 ΙΙ
1159 2903 1197 2959 lii.
1216 2908 1251 2955 nb
1269 2919 1361 2956 errore
1379 2907 1450 2972 ipse
1467 2907 1536 2960 Tou.

342 3101 381 3151 ita
397 3099 547 3155 immiscuit,
567 3101 595 3148 ut
613 3099 798 3149 secundarium
818 3101 956 3150 dumtaxat
974 3103 1078 3164 partem
1097 3103 1123 3153 in
1142 3104 1193 3154 boc
1218 3117 1299 3166 opere
1322 3104 1486 3162 obtineant.
1509 3109 1556 3152 nm
1591 3069 1592 3094 i

342 3187 424 3236 quam
443 3187 461 3220 a
477 3170 655 3238 degressione
673 3173 849 3220 reuertentem
869 3185 900 3222 se
924 3174 1025 3240 lingere
1048 3175 1140 3236 potuit
1184 3175 1252 3223 Vidit
1275 3174 1429 3226 Torreulus
1456 3182 1554 3228 rante

343 3244 484 3295 contusum
502 3256 566 3292 esse
586 3257 644 3290 cum
664 3237 800 3297 desertor.
826 3244 897 3303 quod
922 3244 1004 3294 habet
1026 3246 1110 3294 codex
1135 3245 1276 3298 Leidensis
1294 3245 1418 3308 primus.
1447 3243 1553 3310 quemad

341 3318 450 3369 modum
468 3313 635 3364 contunditur
651 3313 678 3363 in
696 3314 832 3364 codicibus
851 3314 917 3363 inuit
929 3313 1076 3372 xxxviii.
1098 3311 1139 3369 15.
1158 3311 1184 3366 5.
1203 3317 1303 3367 ettilo.
1316 3331 1378 3379 epp.
1398 3318 1468 3374 Xli.
1487 3309 1554 3368 lbi

341 3389 403 3442 Liu.
417 3386 529 3440 XXXV.
539 3381 583 3436 40.
596 3384 661 3435 Plio.
674 3385 701 3436 b.
713 3399 739 3436 n.
749 3385 780 3443 li,
790 3383 816 3441 i.
826 3380 851 3441 b.
864 3385 888 3448 5.
902 3382 945 3439 27.
957 3385 1008 3434 ubi
1022 3386 1102 3436 miror
1114 3385 1245 3453 Siliigium
1258 3388 1405 3449 scripsisse
1421 3387 1551 3440 dixerim.

413 3455 447 3510 ab
465 3456 559 3508 inausa
577 3452 721 3524 cupiditate
740 3455 846 3524 [pater]
867 3453 983 3506 imitere
1000 3453 1087 3511 ardel)
1114 3457 1233 3520 ineptam
1259 3459 1372 3508 eteritis
1392 3463 1550 3510 manifestae

341 3531 586 3595 interpolationem.
610 3543 691 3590 quam
710 3529 785 3577 erneis
807 3528 919 3585 seclusi,
939 3529 1010 3576 recte
1030 3528 1083 3576 iarn
1108 3528 1219 3595 Pighius
1244 3529 1399 3580 sustulerat.
1449 3531 1552 3582 i'mterte

341 3615 405 3652 esse
424 3602 528 3651 uidetur
545 3601 592 3650 arti
609 3615 643 3649 ex
665 3599 880 3661 interpretatione
908 3600 1057 3654 uerborum.
1081 3613 1151 3660 quae
1174 3601 1343 3663 praecedunt.
1369 3599 1550 3654 ammiratae

341 3670 448 3738 quidm
457 3669 523 3738 filii.
544 3675 591 3723 ant
608 3673 643 3720 ab
656 3671 761 3720 indoeto
779 3671 895 3733 quodam
914 3671 1029 3724 bomine.
1048 3669 1092 3731 qui
1112 3670 1192 3720 allino
1211 3672 1343 3733 putauerit
1362 3675 1477 3734 patrem
1491 3675 1551 3724 iiliuu

341 3743 463 3792 inhibere
481 3743 623 3795 nolentem.
641 3741 722 3790 alium
741 3741 857 3789 amicum
875 3741 991 3792 salubria
1010 3740 1114 3790 consilii
1132 3745 1277 3794 arretorem.
1397 3741 1400 3746 “
1590 3799 1591 3802 ¹

413 3812 472 3861 ilat.
495 3808 516 3863 l.
534 3808 680 3861 morium
690 3809 768 3876 sorte
783 3807 837 3860 albi
855 3807 958 3860 obuium
976 3810 1092 3876 sectarer)
1118 3811 1229 3862 Restitui
1253 3813 1320 3878 qnod
1341 3815 1486 3868 edebatur
1507 3820 1550 3864 ante
1590 3803 1591 3808 ¹

342 3880 475 3945 Figulum,
494 3895 573 3944 quem
591 3895 608 3930 e
625 3883 711 3930 tribus
729 3882 865 3930 codicibus
886 3881 971 3942 iisque
995 3883 1131 3943 pessimae
1155 3887 1249 3938 notae.
1274 3883 1468 3946 atrebatensi,
1494 3885 1550 3938 Coie
1590 3893 1591 3922 1

340 3948 436 4003 utensi.
454 3947 571 3998 Susiano
582 3951 753 4013 recipientem
766 3946 911 4000 colummis
921 3947 992 4007 sorte
1005 3957 1163 4010 antenatus
1173 3951 1278 4004 obuiam
1287 3953 1404 4020 saetam.
1422 3959 1548 4008 socordius
1590 3951 1591 3990 i

342 4018 426 4066 secuti
445 4019 507 4065 erint
524 4021 687 4070 recentiores
706 4019 882 4088 grammatici.
927 4020 1029 4070 Aberat
1052 4029 1141 4074 aretem
1161 4029 1220 4074 ente
1238 4039 1324 4078 amaea
1347 4042 1402 4078 non
1420 4030 1510 4078 solnm
1525 4025 1550 4074 ab

341 4086 503 4151 archetypo,
522 4103 614 4137 iterum
633 4092 714 4140 etiam
733 4095 767 4140 ub
785 4105 819 4140 eo
836 4089 936 4146 codiee.
961 4105 1012 4154 qtto
1037 4093 1118 4144 lidius
1137 4095 1213 4146 Paris
1232 4111 1298 4146 usus
1317 4101 1367 4150 est
1406 4101 1476 4158 Quis
1496 4099 1550 4150 cuin

341 4158 541 4222 epitomatorem
560 4158 630 4208 baec
647 4160 707 4209 sola
725 4161 835 4210 consilio
855 4159 1015 4212 omissurum
1028 4165 1113 4216 tuisse
1131 4168 1290 4218 crediderit?
1319 4168 1412 4232 Neque
1430 4184 1500 4222 sanc
1516 4172 1547 4218 dc·

341 4229 491 4282 siderentur
508 4229 577 4278 hnee
594 4231 687 4286 uerba.
707 4231 830 4294 quonium
849 4231 934 4282 relato
952 4235 1052 4284 oraculi
1070 4249 1202 4300 responso
1215 4253 1263 4302 por
1275 4253 1306 4288 se
1318 4240 1484 4308 intellegitur
1501 4251 1547 4292 eun
1590 4249 1591 4252 ’

341 4319 359 4354 a
376 4316 442 4372 rega
458 4301 592 4363 arreptum
610 4313 683 4356 esse.
702 4302 747 4366 qui
764 4301 865 4365 primus
884 4315 900 4352 e
917 4305 995 4367 porta
1013 4307 1160 4373 egredienti
1178 4314 1338 4361 occurrerat.
1388 4311 1546 4362 Recentiorct

339 4376 420 4444 igitur
437 4372 495 4423 iibri
520 4371 618 4436 ubique
641 4371 792 4434 interpolati
814 4374 899 4424 uerba
922 4389 941 4424 a
962 4377 1040 4426 nobis
1064 4378 1165 4428 reiecta
1193 4394 1209 4432 e
1238 4395 1336 4431 rasura
1367 4383 1467 4432 codicis
1494 4385 1543 4436 iter·
1590 4384 1591 4402 ³

338 4446 431 4497 nensis
449 4445 617 4508 aeceperunt.
658 4443 759 4493 Eodem
779 4444 842 4493 uitio
866 4446 952 4496 codex
976 4447 1134 4498 Valerianus
1160 4451 1290 4503 vincentii
1313 4469 1418 4518 quoquo
1436 4455 1544 4506 Belloua-

338 4518 429 4568 eensis
447 4518 560 4568 infectus
578 4517 646 4575 erat,
665 4515 709 4578 qui
727 4515 754 4566 in
773 4529 847 4578 spec.
865 4516 928 4569 bist.
947 4518 978 4576 V,
998 4515 1033 4570 tt
1052 4522 1112 4569 nate
1129 4535 1216 4574 omncs
1233 4525 1301 4574 tueri
1314 4524 1425 4576 uidetur.
1461 4525 1540 4576 num

338 4588 372 4638 de
391 4589 586 4639 abbreuiatoris
605 4588 805 4652 Guelferbytnni
831 4589 967 4652 exemplo.
993 4590 1068 4638 cuius
1092 4593 1223 4656 scriptura
1247 4591 1341 4646 ominis
1364 4595 1480 4648 sortasse
1500 4607 1540 4646 non

337 4671 373 4708 ex
389 4671 477 4709 omnes
492 4663 559 4710 nata
576 4662 628 4716 est.
645 4660 695 4710 sed
713 4673 730 4710 e
748 4659 908 4718 conlectura.
928 4661 1018 4710 addito
1036 4658 1247 4727 omlalaproptcr
1265 4667 1398 4728 mendum,
1416 4683 1469 4730 qno
1477 4666 1540 4734 sorte

335 4729 466 4778 mutatum
483 4733 542 4780 erat
558 4731 587 4780 iu
602 4735 682 4782 sorte.
