3409 5400
317 429 381 497 iffi
707 423 766 488 DE
789 421 1099 489 NECESSITATE.

313 586 382 651 lata
403 586 575 672 rogatione
597 594 663 649 tres
686 584 787 648 creati
810 585 979 659 sampiri,
1003 584 1059 669 qui
1083 594 1233 671 quattuor
1257 596 1293 647 et
1318 585 1470 673 uiginti
1496 582 1571 646 mic.

317 714 487 757 seruorum
515 702 792 778 conparauerunt,
828 692 1031 776 adactosque
1063 690 1274 755 iureiurando
1308 702 1517 755 strenuam
1544 714 1566 751 s

316 802 497 889 fortemque
514 822 648 894 operam
666 799 811 871 daturoS,
834 798 943 884 quoad
955 798 1060 862 Poeni
1077 808 1188 863 essent
1208 796 1383 873 initalia,
1416 807 1441 873 †
1462 799 1561 861 daru··

318 928 412 970 arma
442 906 476 968 in
512 917 621 969 castra
653 908 822 970 miserunt.
880 905 929 969 Ex
961 904 1080 990 Apulia
1109 906 1207 969 etiam
1237 918 1270 967 et
1302 928 1330 969 a
1364 904 1563 969 Paedicul-

317 1012 527 1097 septuaginta
550 1023 647 1097 atque
670 1012 800 1075 ducenti
815 1012 859 1074 ad
875 1012 1135 1097 supplementum
1152 1012 1320 1097 equitatus
1339 1024 1440 1075 sunt
1466 1034 1550 1095 enipi
1570 1030 1571 1067 l

318 1119 451 1199 Quanta
474 1116 627 1182 uiolentia
650 1131 701 1181 est
723 1142 821 1182 casus
845 1118 971 1182 acerbi!
1011 1118 1104 1197 Quae
1132 1118 1248 1182 ciuitas
1278 1118 1326 1181 ad
1359 1119 1404 1182 id
1442 1135 1560 1201 tempr-

318 1228 480 1311 ingenuae
498 1247 627 1311 quoque
644 1227 781 1313 originis
806 1226 912 1309 capite
928 1247 1047 1289 censos
1070 1224 1190 1289 habere
1214 1224 1340 1289 milites
1359 1226 1560 1289 fastidiere

319 1331 435 1395 eadem
459 1333 550 1396 cellis
579 1332 751 1396 seruilibus
776 1344 920 1396 extracta
943 1354 1083 1417 corpora
1111 1344 1142 1394 ct
1164 1354 1185 1394 a
1206 1330 1456 1416 pastoralibus
1484 1334 1558 1395 casi-v

319 1438 455 1503 collecta
481 1440 649 1524 mancipia
677 1440 764 1503 uelut
791 1440 1004 1523 praecipuum
1033 1440 1271 1503 firmamentum
1300 1440 1484 1503 exercitui
1510 1460 1554 1500 se.

318 1545 448 1609 adiecit.
494 1545 587 1609 Cedit
609 1568 689 1632 ergo
713 1545 876 1609 interdum
900 1566 1082 1630 generosus
1107 1544 1238 1631 spiritus
1265 1544 1405 1609 utilitati
1443 1558 1479 1609 et
1503 1546 1571 1607 for-l

318 1666 415 1718 tunae
439 1653 562 1716 uiribus
586 1653 783 1726 succumbit,
806 1653 878 1727 ubi,
908 1652 972 1715 nisi
996 1653 1113 1716 tutiora
1136 1650 1274 1717 consilia
1295 1651 1458 1739 legeris,
1490 1673 1555 1736 spc-

318 1760 412 1823 eiosa
434 1758 583 1843 sequenti
605 1758 844 1823 concidendum
869 1771 927 1825 cst.

408 1864 592 1927 Cannensis
623 1875 731 1929 aulem
755 1864 867 1931 clades
899 1865 982 1929 adeo
1013 1865 1125 1931 urbem
1157 1876 1304 1929 nostram
1329 1864 1552 1932 uehementer

320 2057 344 2112 i.
363 2058 400 2126 et]
420 2062 499 2141 atque
514 2056 546 2112 F.
558 2060 572 2128 11
583 2041 634 2114 ἷΧ
654 2077 792 2115 seruorum
803 2061 837 2116 A.
850 2062 863 2134 11
876 2060 902 2116 2.
922 2064 1143 2129 comperauerunt
1153 2058 1184 2114 F.
1196 2059 1210 2129 11
1222 2076 1252 2113 se
1265 2076 1315 2115 om.
1329 2060 1368 2117 F..
1384 2060 1399 2131 ΙΙ
1415 2058 1447 2115 3.
1462 2064 1548 2113 datura

317 2128 875 2272 sumita·aitrus
891 2132 924 2257 ⁰11
938 2130 1546 2257 111111111311111.ῗαὶῗὲ

331 2273 344 2344 ΙΙ
359 2242 470 2327 fidiculis
487 2223 714 2329 adbellare
742 2222 776 2328 qi,
793 2222 946 2345 11113ρρ11111
958 2275 981 2329 5.
996 2223 1264 2345 seirtuoginto'atq'ue
1283 2276 1406 2341 ducenti}
1433 2244 1544 2327 CCLXT

317 2348 381 2401 Par.
403 2344 463 2401 Vid.
482 2341 519 2398 ad
540 2342 613 2407 VIII,
635 2343 676 2407 l3,
698 2345 883 2414 illaqueata
903 2350 965 2397 sunt
983 2348 1067 2412 erupti
1082 2345 1111 2399 C.
1125 2344 1136 2416 11
1151 2342 1176 2398 li.
1189 2351 1232 2397 est
1244 2345 1374 2396 uiolentia
1388 2342 1421 2401 F.
1434 2348 1452 2415 ΙΙ
1465 2348 1542 2397 acerrs

320 2418 386 2472 Cet
397 2435 444 2488 pr.
462 2418 493 2471 Α.
514 2414 526 2485 ΙΙ
546 2435 600 2480 qua
619 2418 680 2487 El}
698 2418 722 2470 1.
742 2434 821 2469 cesos
843 2434 888 2485 pr.
912 2417 944 2469 Α.
968 2420 1085 2469 censitos
1103 2415 1140 2470 D.
1155 2420 1167 2483 11
1186 2413 1210 2469 8.
1229 2419 1323 2467 eodem
1345 2419 1431 2467 sellis
1452 2416 1490 2470 D.
1501 2419 1540 2482 111.

319 2492 398 2541 uelud
415 2504 457 2557 pr.
475 2488 506 2542 A.
521 2490 533 2560 11
551 2488 590 2543 10.
610 2492 684 2541 Cedit
702 2519 735 2529 -
755 2486 822 2555 (12.1
842 2492 1031 2541 concidendum
1051 2490 1103 2555 cst]
1122 2488 1197 2541 Haec
1208 2485 1285 2539 tebet
1301 2488 1477 2555 transposito
1489 2494 1540 2556 pos!

318 2558 653 2699 11111517ἆο711111113111111
672 2564 810 2613 uideantur
828 2559 860 2613 Γ.
872 2562 885 2629 ll
899 2559 939 2613 11.
959 2563 1069 2612 concilia
1088 2562 1183 2629 legerit
1199 2557 1235 2612 D.
1252 2558 1265 2626 ΙΙ
1283 2556 1324 2611 13.
1347 2560 1461 2626 statem]
1481 2564 1538 2611 enin

342 2664 350 2679 .
386 2646 428 2680 ca
447 2645 470 2680 rs
512 2670 520 2684 .

390 2812 406 2874 †
426 2806 522 2861 dotare
540 2825 615 2862 orma
632 2809 661 2862 ia
678 2817 768 2864 castre
785 2811 920 2874 masat)
939 2815 978 2862 Ex
996 2815 1048 2864 hae
1061 2812 1199 2879 archetypi
1218 2811 1349 2876 scriptura
1362 2813 1442 2874 quad
1462 2813 1536 2862 effect

320 2884 453 2931 corrector
470 2882 528 2930 libri
547 2884 700 2942 Beruensis,
719 2883 820 2934 laturos
837 2899 921 2942 ormo,
941 2885 964 2932 si
983 2886 1086 2935 referas
1105 2885 1138 2934 ad
1152 2883 1290 2949 sequentia
1308 2880 1336 2932 io
1356 2888 1456 2933 costra
1474 2883 1535 2932 aier-

319 2956 389 3011 reat,
407 2953 489 3016 plane
507 2954 621 3003 otiosum
642 2958 697 3010 est,
723 2969 782 3003 curn
805 2955 850 3003 aix
875 2957 929 3005 alia
948 2957 1100 3006 condicione
1119 2957 1215 3005 milltes
1239 2957 1265 3004 in
1288 2956 1382 3002 castra
1407 2957 1534 3003 mittantur

320 3038 398 3087 quam
418 3025 447 3073 ut
465 3038 541 3072 arma
558 3025 653 3074 t'crrrnl.
690 3025 781 3090 Neque
794 3026 856 3075 licet
868 3027 932 3075 talia
945 3027 1082 3090 scriptoris
1096 3027 1189 3090 culpae
1203 3041 1217 3076 e
1233 3025 1388 3076 coniectura
1400 3025 1533 3088 imputare.

318 3094 370 3142 nisi
389 3109 422 3144 ea
440 3095 475 3144 sit
493 3096 652 3145 certissima
688 3095 716 3144 Si
736 3112 793 3146 cum
813 3099 1049 3161 praecedentibus.
1074 3093 1161 3163 quoad
1182 3094 1263 3148 Poeni
1286 3099 1371 3144 essent
1395 3095 1425 3145 ia
1452 3093 1531 3146 Italis

319 3166 431 3214 alteram
452 3167 517 3216 iuris
542 3167 644 3216 iurandi
666 3170 769 3230 partem
794 3183 829 3218 ea
852 3169 987 3218 continere
1012 3167 1167 3226 credideris,
1193 3167 1359 3222 necessarie,
1388 3173 1416 3216 ul
1444 3169 1530 3216 moeni

319 3235 471 3297 Turranius,
491 3239 587 3302 copula
605 3241 709 3289 etanta
727 3236 815 3306 quood
832 3241 972 3290 adicienda
991 3243 1040 3289 est.
1077 3243 1151 3300 erae
1169 3239 1317 3290 emendatio
1337 3251 1393 3286 non
1412 3241 1529 3288 maiorem

318 3309 402 3358 habet
420 3309 476 3360 neri
494 3311 612 3372 speciem
631 3326 709 3374 quam
729 3313 797 3376 quod
817 3312 878 3360 inde
892 3313 926 3359 ab
940 3309 1006 3360 Aldo
1019 3311 1101 3377 uulgo
1115 3312 1244 3360 edebatur
1256 3325 1271 3358 e
1285 3308 1363 3357 malls
1378 3310 1528 3372 quibusdan

318 3381 462 3438 codicibus,
482 3377 553 3431 datis
570 3380 659 3431 emb.
696 3385 871 3446 Quapropter,
891 3382 914 3430 si
933 3384 1022 3430 tamen
1036 3381 1159 3430 Valerius
1177 3381 1313 3443 scripserit
1331 3375 1437 3430 laturos
1456 3393 1526 3430 ame

317 3451 356 3498 ita
374 3452 442 3501 haec
460 3467 519 3500 cam
539 3453 759 3515 praecedentibus
778 3455 964 3518 coniungenda
982 3455 1066 3509 crurrt,
1086 3455 1113 3500 ut
1131 3451 1321 3502 flatseatentia
1335 3449 1450 3500 uolones
1469 3453 1526 3502 illos

318 3523 430 3572 adactos
448 3524 505 3572 iure
524 3524 633 3572 uirando
652 3526 787 3572 strenuam
806 3537 837 3573 se
855 3524 1003 3588 fortemque
1016 3537 1125 3586 operam
1145 3525 1262 3579 daturos,
1281 3523 1308 3570 in
1326 3525 1418 3570 castra
1436 3526 1526 3571 missos

318 3606 391 3650 esse,
411 3609 486 3643 arma
504 3594 615 3652 laturos,
635 3596 722 3658 quoad
740 3595 821 3643 Poeni
840 3596 866 3643 in
885 3596 963 3644 ltalia
981 3597 1081 3644 essent.
1125 3593 1153 3642 ln
1177 3595 1220 3642 his
1245 3607 1313 3642 nunc
1332 3594 1526 3652 acquiescamus

319 3668 437 3727 oportet,
462 3665 584 3728 quamuis
606 3667 715 3728 propter
739 3667 880 3714 uerborum
906 3667 1025 3715 ordinem
1050 3665 1115 3714 mire
1139 3665 1285 3714 contortum
1314 3675 1349 3710 ne
1372 3677 1408 3711 ca
1430 3665 1526 3724 quidem

319 3735 480 3783 satisfacere
503 3735 639 3787 confitear.
682 3737 716 3785 At
737 3736 943 3798 probabiliorem
963 3736 1174 3786 emendationem
1192 3735 1308 3784 nondum
1329 3733 1450 3784 inuenire
1473 3735 1525 3784 mibi

317 3804 433 3870 configit

389 3886 406 3921 a
429 3870 589 3936 Paediculis)
617 3877 728 3927 Codices
758 3879 785 3926 ct
808 3877 938 3926 editiones
962 3891 1055 3927 omnes
1081 3891 1097 3929 a
1120 3874 1264 3930 Fidicalis.
1295 3875 1364 3941 quod
1387 3875 1460 3926 nihili
1483 3879 1522 3928 est.

317 3941 462 4005 Receptam
481 3961 498 3992 a
516 3947 594 3995 nobis
614 3948 727 3996 Cluuerii
745 3949 924 3998 coniecturam
943 3948 1011 4011 (Ital.
1031 3951 1111 4011 antiq.
1132 3949 1186 4006 llll,
1208 3946 1249 4005 10.
1268 3963 1294 4011 p.
1313 3941 1377 4010 olo)
1397 3949 1523 3998 confirmat

317 4027 387 4062 nunc
405 4014 508 4064 Paridis
528 4017 612 4065 codex
631 4017 790 4075 Vaticanus,
809 4019 860 4067 nisi
880 4019 948 4082 quod
968 4019 1106 4071 Clrruerius
1125 4019 1281 4070 Poediculos
1300 4031 1348 4067 eos
1370 4017 1453 4068 tuisse
1472 4035 1523 4069 coe

317 4085 408 4136 tendit.
444 4085 508 4135 Erat
536 4090 624 4136 arrtem
650 4088 851 4138 Poedicuiorum
880 4089 939 4138 siue
965 4089 1166 4141 Paediculorum
1196 4091 1307 4154 Apuliae
1325 4089 1448 4152 populus.
1490 4091 1521 4142 CI.

317 4157 408 4207 lustin.
427 4157 486 4214 xil.
505 4153 531 4213 2.
553 4154 593 4207 12.
612 4158 679 4208 Plin.
691 4159 717 4209 h.
737 4173 762 4209 a.
781 4159 826 4216 lll,
845 4155 871 4214 5,
890 4154 916 4217 tl,
936 4159 961 4222 S.
974 4155 1009 4212 38
1029 4164 1056 4210 ct
1074 4161 1117 4217 lll,
1140 4159 1180 4220 ll,
1202 4155 1242 4218 iti.
1263 4161 1288 4222 §-
1304 4154 1363 4213 lea.
1382 4161 1424 4208 ubi
1439 4163 1521 4211 lamen

318 4229 425 4278 codices
441 4229 554 4292 primam
565 4229 700 4292 syllabam
718 4243 771 4278 non
789 4245 849 4278 cum
868 4229 1041 4298 diphthongo,
1060 4234 1108 4282 sed
1122 4247 1180 4281 cum
1194 4229 1306 4281 uocalie
1323 4229 1438 4281 efferunt.
1473 4231 1518 4282 Sed

317 4302 344 4352 in
362 4300 438 4351 Plinii
456 4300 500 4357 lll,
522 4296 563 4358 ll,
582 4300 607 4362 s.
628 4293 679 4349 102
702 4299 822 4366 Silligius
843 4301 952 4352 laudula
971 4301 1085 4352 Cluuerii
1109 4305 1259 4352 coniectura
1277 4303 1315 4352 ita
1333 4301 1389 4350 lere
1406 4303 1518 4365 optimum
1570 4353 1571 4362 ,

318 4374 435 4424 codicem
453 4371 654 4422 Riecardianum
671 4372 798 4421 exhibere
815 4373 923 4423 monuit.
960 4371 1118 4430 Ποιδίκλους
1129 4387 1182 4423 eos
1189 4373 1285 4422 Strabo
1299 4387 1402 4436 quoque
1413 4375 1518 4436 appellat

318 4445 362 4501 vl.
381 4440 406 4502 3,
427 4441 451 4500 i.
470 4438 568 4506 11182
587 4445 648 4493 Cas.
659 4444 807 4507 eademque
826 4444 912 4492 formo
923 4442 1044 4506 Appiano
1053 4441 1217 4494 restituenda
1236 4447 1278 4494 est
1286 4446 1311 4494 b.
1323 4444 1372 4494 clu.
1384 4444 1401 4502 l,
1418 4439 1457 4500 32,
1479 4445 1516 4494 ubl

319 4516 424 4564 codices
441 4513 589 4572 Hodiaicvc
605 4515 719 4565 tradunt.
761 4513 829 4563 Rem
846 4514 934 4577 ipsam
952 4515 979 4563 in
998 4515 1090 4578 primis
1109 4517 1307 4566 memorabilem
1327 4515 1395 4564 unde
1412 4516 1515 4566 hauserit

320 4583 441 4634 Valerius
459 4587 551 4635 nescio
568 4587 700 4651 mirorque
718 4586 878 4646 reliquorum
898 4587 1055 4650 scriptoram
1073 4588 1155 4636 ellum
1174 4587 1207 4636 de
1226 4601 1259 4638 ea
1277 4585 1416 4637 silentium.

390 4649 531 4705 &oseam
548 4661 632 4706 uatem
649 4652 748 4713 clades)
770 4657 808 4709 Cl.
827 4657 885 4708 Liu.
904 4657 1000 4716 1111111,
1021 4652 1062 4708 ll.
1087 4659 1157 4711 Flor.
1175 4658 1207 4718 11,
1226 4655 1252 4719 11,
1270 4651 1314 4710 23.
1332 4653 1513 4719 anm.lll,2.
1570 4653 1571 4748 1
