3409 5400
327 425 395 497 682
593 425 597 433 '
735 421 796 493 1111
819 419 1136 497 CRVDELITATE.

326 589 477 654 dexterae
500 588 758 654 misericerdiam
785 587 1001 676 inplorantes,
1033 590 1220 655 obtruncari
1251 593 1365 657 iussit.
1426 589 1575 670 Qum

324 693 552 761 lamentabiles
575 696 747 781 quiritatus
769 694 916 782 trepidae
938 697 1078 762 ciuitatis
1102 717 1200 761 aures
1222 709 1464 784 receperunt,
1498 696 1571 759 isre-

325 811 399 866 rate
419 801 507 866 ferro
530 823 670 887 corpore
685 802 811 869 'liberis
832 802 997 886 inpatiens
1021 804 1100 868 tenti
1116 805 1225 868 oneris
1252 807 1459 870 cruentatis
1487 804 1569 887 eqd*

325 907 447 990 uehere
471 919 521 972 est
542 918 686 974 coactus.
734 907 887 994 Quinque
909 908 1001 973 milia
1023 907 1319 976 Praenestinorum
1354 933 1426 998 epe
1462 909 1565 974 enims

325 1035 384 1103 per
414 1013 452 1082 P.
477 1013 656 1102 Cethegum
686 1014 764 1079 data
797 1027 889 1078 extra
922 1017 1054 1080 moenia
1086 1018 1254 1102 municipii
1284 1030 1467 1090 euocata,
1508 1027 1577 1077 cm!

326 1122 460 1187 abiectis
483 1123 585 1186 armis
607 1120 700 1184 humi
727 1141 869 1207 corpore
894 1123 1165 1206 prostrauisaent,
1192 1125 1444 1189 interficienda
1480 1123 1564 1206 μα’·

325 1249 453 1315 nusque
475 1249 534 1314 per
555 1249 658 1315 agros
681 1225 905 1314 dispergende
927 1229 1060 1294 curauit
1114 1229 1276 1309 Quattuor
1306 1229 1411 1295 milis
1440 1241 1482 1292 et
1504 1247 1564 1310 ecf-

326 1336 491 1425 tingentos
513 1335 604 1400 dirae
626 1335 872 1422 proscriptionis
896 1332 1002 1398 edicto
1022 1335 1187 1422 iugulatos
1203 1339 1236 1401 in
1252 1336 1392 1401 tabutas
1411 1334 1565 1420 pubiiesr

325 1441 441 1517 retulit,
462 1441 615 1508 uidelicet
636 1464 678 1506 ne
699 1443 860 1507 memoria
881 1451 948 1505 tem
963 1439 1153 1527 praeclarae
1175 1443 1223 1506 rei
1246 1441 1454 1508 dilueretur.
1506 1439 1561 1504 ne

327 1559 498 1614 contenere
519 1551 554 1614 in
583 1570 641 1614 eos
669 1549 816 1625 saeuire,
844 1546 900 1635 qui
929 1549 1030 1614 armis
1062 1571 1081 1613 a
1111 1569 1148 1612 ee
1176 1549 1435 1626 dissenserant,
1473 1549 1574 1610 eam.

328 1657 428 1745 quieti
448 1657 548 1721 animi
571 1657 660 1719 ciues
688 1664 820 1742 propter
849 1655 1009 1741 pecuniae
1036 1653 1298 1742 magnitudinem
1326 1675 1394 1742 per
1422 1673 1560 1721 nomer-

326 1762 483 1828 clntorem
513 1762 715 1848 conquisitos
743 1763 1000 1848 proscriptorum
1028 1782 1164 1826 numero
1194 1761 1324 1828 adiecit
1381 1762 1560 1828 Aduersus

328 1936 353 1992 i.
372 1952 454 2004 quere
472 1934 502 1992 F.
514 1933 564 2005 119.
583 1940 731 2004 queritans
748 1937 811 1994 Er.
826 1939 841 2008 ΙΙ
856 1935 881 1993 3.
901 1958 1014 2007 corporo
1032 1944 1101 1996 terro
1120 1938 1156 1994 D.
1171 1936 1223 2010 114.
1242 1941 1358 1991 cosmus
1377 1943 1426 1994 eei
1450 1938 1551 2002 Tire-ri

327 2010 540 2076 pemetrinarum
556 2006 596 2062 D.
609 2007 622 2078 ΙΙ
635 2024 713 2075 spem
726 2026 774 2078 pr.
790 2010 821 2065 A.
838 2012 852 2079 ΙΙ
869 2009 895 2066 5.
913 2015 1041 2066 euocatos
1062 2007 1147 2066 ODE
1166 2018 1192 2062 et
1203 2023 1250 2078 pr.
1266 2008 1301 2066 A.
1320 2013 1447 2080 angat·
1465 2009 1502 2064 F.
1534 2005 1557 2058 i'i

327 2095 376 2136 ssot
394 2077 472 2132 etium
489 2079 552 2134 Pur.
566 2081 580 2145 tt
593 2075 621 2132 6.
637 2082 749 2134 adiectis
767 2079 799 2135 F.
813 2081 826 2148 ΙΙ
845 2085 965 2147 corporis
981 2099 1024 2151 pr.
1043 2081 1074 2138 Γ.
1093 2082 1107 2149 ll
1123 2083 1360 2148 interficiendsque
1383 2078 1555 2147 protinus.

341 2151 394 2217 iti.
406 2150 604 2220 septingentos]
623 2153 688 2202 dccc
700 2150 733 2204 Γ.
747 2149 761 2220 ΙΙ
775 2149 801 2206 9.
818 2155 874 2202 tam
888 2154 1055 2221 praeclarae]
1074 2157 1165 2204 tantae
1177 2151 1205 2206 ii.
1221 2149 1233 2218 11
1247 2154 1428 2204 deiseruetur
1447 2149 1480 2204 C.
1500 2153 1555 2202 ane

328 2226 436 2276 bereiur
453 2221 565 2274 mnieeit
580 2221 740 2275 Perizonius.
751 2222 765 2290 ΙΙ
784 2220 825 2277 10.
845 2224 938 2291 etiarn]
960 2228 1010 2276 sed
1028 2227 1108 2276 etiam
1125 2223 1160 2278 E.
1171 2223 1185 2291 11
1200 2221 1240 2276 li.
1257 2225 1518 2274 nomenculatorem
1534 2218 1554 2273 Ξ

329 2300 356 2348 st
370 2292 467 2347 titteris
484 2295 630 2346 cututorem
647 2292 677 2345 ts
693 2308 791 2346 rasura
808 2292 840 2349 A.
864 2298 1098 2348 nomenctauorum
1117 2293 1145 2350 0.
1168 2309 1265 2346 nornen
1283 2295 1435 2346 Morum
1453 2292 1497 2349 D.
1516 2309 1552 2342 nr·

328 2367 531 2420 monetariorum
548 2361 581 2420 F.
599 2368 843 2418 nomendehtnrem
862 2362 892 2420 Γ.
904 2363 918 2432 ΙΙ
932 2362 973 2420 ie
986 2383 1045 2420 cum
1055 2367 1167 2435 quintine
1176 2380 1287 2418 numero
1298 2361 1552 2431 proscriptorumi.

330 2540 425 2579 omnes
442 2527 583 2594 glossema
601 2528 792 2596 agnoscerent.
816 2531 937 2594 Ksppins
962 2532 1047 2580 uerita
1070 2541 1136 2596 pue
1153 2553 1189 2566 -
1205 2531 1264 2579 erat
1286 2529 1365 2576 uncis
1392 2527 1546 2577 waima

330 2611 400 2664 quse
415 2600 508 2647 tanam
526 2599 667 2666 insigntter
683 2614 716 2650 eo
741 2601 921 2656 stabiliuntur.
946 2603 1016 2663 qnod
1040 2601 1172 2650 habentor
1194 2599 1274 2648 ettam
1297 2598 1326 2646 tn
1350 2598 1464 2648 Partitis
1488 2609 1546 2646 aas·

329 2669 436 2734 pantio
484 2667 518 2717 Et
540 2671 612 2721 unde
634 2669 742 2721 uatem
765 2672 875 2737 Lipsius
903 2673 1067 2737 compertum
1091 2669 1183 2721 trabutt
1205 2667 1276 2719 hane
1299 2669 1396 2719 uittam
1422 2670 1543 2733 pennen

330 2740 431 2791 Valerii
447 2742 614 2803 temporibus
632 2742 768 2793 etiamtum
785 2745 921 2801 extitissc.
946 2758 1014 2809 quae
1035 2744 1099 2806 post
1116 2742 1255 2807 Syiisosm
1278 2740 1354 2790 tttsrn
1376 2741 1543 2803 perititiam

329 2812 404 2861 auito
428 2813 519 2860 uetere
543 2810 673 2872 scriptore
695 2814 936 2864 commemoratnrt
962 2814 1048 2864 Hodie
1071 2812 1191 2877 proiecto
1212 2824 1266 2861 non
1288 2812 1428 2861 immerito
1450 2828 1467 2861 s
1489 2812 1543 2859 uir's

331 2881 428 2935 iocis,
445 2892 555 2944 quornm
574 2893 655 2931 cum
672 2883 699 2933 tn
718 2883 762 2933 his
780 2886 862 2935 rebus
881 2898 939 2934 cam
958 2885 1074 2933 maxtrne
1093 2884 1240 2940 usmantar,
1260 2882 1413 2931 dubitatum
1432 2886 1474 2933 est
1490 2894 1541 2931 su

330 2964 365 3000 ss
382 2950 418 2998 ed
435 2948 550 3015 Augusti
567 2953 684 3003 atatem
709 2954 851 3008 durauertt.
888 2956 926 3005 Ci.
942 2954 1046 3004 Becker
1069 2954 1150 3017 antiq.
1173 2953 1200 3011 1.
1222 2968 1248 3017 p.
1272 2945 1334 3003 825.
1368 2952 1486 3008 Pretiae.
1507 2952 1541 2999 tis

328 3020 457 3087 regionen
475 3018 523 3069 der
540 3021 613 3069 stadt
630 3020 704 3073 Rom.
722 3038 749 3087 p.
767 3021 834 3085 eto,
859 3026 904 3087 qui
921 3038 974 3075 nou
991 3026 1064 3075 mue
1086 3024 1237 3086 suspicetur
1261 3022 1440 3071 diribitorinm
1457 3022 1540 3087 pods

329 3091 388 3142 eius
406 3090 492 3140 uicem
509 3092 666 3144 obtinuisse.
709 3094 791 3145 Miror
816 3099 905 3145 antem
931 3098 1002 3145 utros
1026 3094 1196 3145 doctissimos
1219 3094 1272 3143 hoo
1294 3092 1398 3142 valerii
1418 3094 1477 3142 tneo
1494 3104 1538 3141 nas

329 3174 396 3213 asos
413 3173 477 3212 esse
495 3176 545 3225 pro
563 3166 724 3231 argumento
742 3167 874 3229 opinionis
901 3178 976 3217 snae.
1017 3166 1143 3216 Poterant
1166 3164 1234 3213 enim
1259 3163 1321 3212 inde
1339 3162 1473 3231 oottigers
1488 3176 1536 3211 en

329 3234 420 3285 atium
438 3233 584 3296 ponticam,
604 3248 674 3300 qnae
691 3236 787 3301 Syttas
804 3237 959 3289 crudetiiais
977 3237 1100 3295 innotuit,
1123 3234 1222 3284 Valerii
1240 3234 1409 3296 temporibus
1428 3234 1480 3283 irus
1495 3245 1536 3281 sos

330 3306 472 3357 extititime
488 3305 516 3355 in
538 3320 633 3370 campo
651 3306 756 3359 Martio.
802 3309 924 3376 Augetur
946 3306 1088 3357 dititcuttas
1112 3303 1276 3371 quaestionis
1300 3318 1336 3353 ea
1359 3304 1535 3367 dieanpunc

329 3392 408 3443 qnam
428 3390 512 3440 snpra
529 3377 660 3427 ei’artiis
676 3380 831 3442 compendio
850 3379 1026 3434 enotsutmos.
1046 3390 1105 3429 oum
1123 3376 1169 3427 tito
1187 3388 1239 3425 nnn
1257 3376 1284 3424 in
1302 3376 1364 3437 ipso
1376 3388 1482 3439 campa.
1498 3374 1534 3423 ssi

329 3462 426 3512 eampo
442 3448 558 3498 iunctam
576 3449 663 3499 inisse
679 3451 815 3499 tradiderit
833 3450 923 3499 uittam
948 3450 1089 3513 publicem.
1135 3448 1209 3507 Quod
1233 3447 1297 3497 mitti
1320 3446 1430 3511 quidem
1454 3447 1534 3495 tuna

328 3520 440 3573 uidetur.
477 3518 545 3568 Nam
565 3520 588 3568 si
601 3521 736 3570 auctorem
753 3521 791 3569 ita
804 3521 974 3588 significasse
988 3520 1132 3569 credideris
1145 3518 1239 3581 Syttee
1251 3520 1340 3566 setius
1352 3530 1415 3567 esur
1435 3519 1535 3567 tunm

329 3590 416 3640 tuisse
433 3602 543 3653 eampo,
562 3590 620 3639 suis
637 3591 801 3654 temporibus
819 3593 857 3639 ab
874 3602 907 3641 eo
926 3591 986 3640 attis
1004 3590 1168 3653 interpositis
1187 3588 1315 3638 aedificiis
1333 3587 1466 3647 dinisam,
1487 3604 1535 3637 esa

330 3674 391 3710 sam
412 3660 512 3709 nuttam
536 3659 642 3709 inuento
665 3674 711 3710 rur
732 3662 785 3711 troc
807 3662 976 3725 potissimum
1000 3660 1233 3711 commemoratum
1253 3660 1302 3713 eit.
1325 3659 1458 3723 siquidem
1476 3663 1537 3711 loeas

328 3731 400 3782 idem
418 3733 569 3785 manseratr
589 3730 612 3778 st
631 3731 778 3794 simplicem
797 3732 848 3782 ioci
861 3732 1055 3781 denotationem
1068 3732 1213 3795 putauerit,
1232 3729 1377 3779 mantiesto
1388 3730 1536 3796 reliquom

329 3801 487 3863 scriptorum
511 3801 690 3851 testimouium
713 3804 815 3859 obstat.
840 3802 884 3867 qui
907 3814 1001 3851 omnes
1025 3802 1051 3851 in
1074 3803 1135 3865 ipso
1158 3814 1253 3864 cumpo
1271 3814 1332 3851 eam
1355 3798 1448 3851 uittam
1467 3802 1536 3851 insse

330 3873 463 3921 muni.
498 3871 591 3922 Potest
609 3873 697 3922 autem
718 3874 776 3923 iteri
798 3876 827 3924 ut
844 3874 937 3931 Paris,
966 3886 1044 3937 quem
1068 3872 1178 3936 saepias
1202 3874 1289 3936 ipsum
1308 3872 1444 3922 Ciceronis
1468 3886 1536 3939 opera

331 3939 432 3989 adiisse
455 3940 584 4000 uidimus,
610 3942 711 3993 Valerii
728 3946 813 3994 narba
835 3944 1035 4007 interpotanerit
1057 3948 1166 4007 propter·
1184 3944 1319 3993 Ciceronis
1338 3941 1425 3992 locum
1443 3944 1471 3994 in
1487 3958 1536 4009 epp

331 4010 366 4061 ad
384 4008 438 4061 Ait.
456 4010 513 4067 1111,
535 4006 575 4068 tii,
596 4010 637 4070 lt.
657 4013 701 4062 ubi
719 4014 817 4081 tegitur
840 4010 909 4065 Nam
928 4010 956 4063 is
974 4024 1065 4081 tempo
1083 4010 1186 4064 Martio
1203 4017 1296 4079 saepta
1313 4008 1421 4064 tributis
1437 4013 1537 4066 arduis

330 4092 478 4133 marmorea
496 4094 584 4130 mmm
601 4087 628 4131 et
644 4079 888 4149 interfecturi-
903 4082 981 4135 umet
999 4082 1201 4150 cdicnpetsr
1218 4081 1280 4133 isis
1297 4080 1372 4149 aperi
1388 4081 1454 4134 sitta
1472 4086 1536 4137 ein

326 4149 445 4223 poitiers.
481 4151 574 4215 itaqua
591 4154 735 4219 genuinam
748 4158 812 4216 puio
830 4156 956 4205 librorum
976 4156 1134 4220 scripturam
1153 4158 1180 4205 et
1193 4168 1226 4207 ex
1239 4168 1274 4204 es
1290 4152 1465 4219 colligendum
1484 4170 1535 4209 esar

332 4226 413 4276 credo
432 4223 520 4273 uittam
540 4222 673 4285 pubiicum
693 4224 838 4274 deditorum
863 4228 946 4276 caede
971 4226 1103 4278 ismosam
1122 4222 1222 4277 Veienti
1240 4224 1405 4289 temporibus
1422 4240 1474 4279 non
1491 4242 1535 4279 sn·

370 4308 405 4347 ns
420 4295 549 4345 eminane.

331 4298 369 4362 pu
405 4364 523 4433 Quisque
539 4360 613 4415 mitia
630 4362 869 4433 Prmeuiamm)
899 4368 937 4421 ct.
955 4368 1014 4421 Liu.
1033 4368 1095 4433 epit.
1120 4368 1177 4420 iibr.
1196 4364 1370 4417 Lxxxvut.
1396 4366 1458 4421 i’tut.
1477 4368 1535 4437 eyn

332 4434 377 4491 32.
399 4436 500 4489 Lucan.
519 4436 551 4495 11,
573 4431 631 4488 titt.
654 4435 722 4500 App.
742 4438 792 4488 cin.
811 4438 830 4495 1,
849 4434 893 4491 95.
918 4440 989 4491 iiior.
1006 4439 1051 4495 111,
1070 4435 1113 4494 21.
1131 4434 1175 4490 21.
1201 4436 1280 4491 Oros.
1297 4436 1330 4495 V,
1348 4434 1393 4490 21.

404 4505 434 4559 P.
455 4505 603 4574 esttecum)
622 4507 731 4561 ciete.
749 4510 843 4573 parad.
862 4506 887 4569 5,
907 4506 931 4564 3.
950 4512 985 4561 id.
1005 4510 1076 4562 Brut.
1095 4505 1138 4568 tt,
1160 4504 1218 4562 118.
1237 4509 1330 4561 Drum.
1348 4511 1440 4579 gesctt.
1455 4510 1533 4565 eom

332 4579 367 4639 η’
383 4572 623 4716 ww)
647 4651 685 4702 ct.
703 4651 770 4705 rat
788 4650 858 4716 sps.
876 4644 920 4704 it.
944 4650 1002 4703 nio.
1021 4652 1099 4705 car.
1117 4652 1214 4721 naga.
1235 4644 1294 4713 itt,
1316 4644 1374 4717 tet.
