3409 5400
494 498 578 563 LIB.
601 496 645 575 V,
670 498 707 563 G.
731 498 816 575 lut.
840 497 967 565 4-0.
991 499 1023 575 (i,
1046 508 1079 576 s.
1101 502 1131 567 1.
1361 503 1428 573 4³5

207 658 395 725 numinibus
424 670 600 746 sequetur,
636 660 813 725 auctoritas
841 659 1025 745 parentium
1057 660 1147 725 uires
1183 682 1264 727 suas
1300 663 1429 743 subicit,

206 766 351 833 fraterne
374 788 504 855 quoque
529 767 648 831 caritas
677 768 787 832 animo
818 787 924 853 ecquo
954 786 993 831 ac
1023 766 1137 831 libenti
1165 767 1270 844 cedit3
1298 792 1430 838 summa

207 872 340 961 quidem
362 896 438 939 curn
460 874 597 949 ratione,
623 874 700 959 quie
719 890 841 937 ¹euersa
863 872 963 937 domo
982 874 1193 959 intemptatus
1216 876 1263 938 rei
1279 876 1428 961 publicae

207 990 312 1045 status
335 1002 468 1045 manere
492 990 611 1067 potest,
636 979 724 1045 urbis
747 982 843 1045 ruine
866 992 1001 1066 penates
1024 982 1170 1047 omnium
1186 1002 1301 1047 secum
1323 981 1431 1048 trahat

81 1132 83 1169 ;
179 1108 346 1155 enecesse
369 1100 428 1154 est.
474 1085 600 1153 Verum
624 1087 701 1175 quid
725 1088 847 1153 adtinet
869 1087 980 1153 uerbis
1002 1091 1067 1154 ista
1090 1088 1266 1175 conplecti,
1289 1110 1429 1177 quorum

207 1206 297 1259 tanta
321 1195 371 1263 uis
396 1206 455 1271 est,
478 1206 513 1260 ut
537 1196 592 1261 alii
616 1217 658 1260 ea
680 1194 795 1261 salutis
820 1216 902 1261 suae
925 1195 1089 1282 impendio
1113 1198 1223 1261 testati
1245 1196 1335 1262 sinti

295 1300 415 1369 Brutus
440 1302 554 1369 consul
571 1304 695 1389 primus
712 1325 786 1367 cum
800 1301 953 1378 Arrunte,
978 1302 1143 1390 Tarquinii
1159 1304 1301 1390 Superbi
1322 1326 1428 1394 regno
1440 1303 1471 1369 1.

208 1408 335 1498 expulsi
358 1410 434 1486 filio,
457 1412 492 1475 in
515 1411 587 1475 ecio
610 1411 656 1475 ite
679 1430 763 1497 equo
787 1410 967 1483 concurrit,
988 1421 1025 1474 ut
1047 1412 1168 1495 pariter
1189 1410 1299 1478 inlatis
1321 1412 1428 1479 hastis

712 1535 924 1549 ——0—

212 1586 235 1642 i.
246 1591 384 1655 parentum
400 1586 625 1643 conserver.
637 1588 651 1657 Η
663 1590 775 1641 subiecit
787 1586 1048 1643 tonnerrois.
1059 1584 1138 1648 Quod
1150 1589 1263 1645 correct.
1274 1586 1325 1661 112.
1343 1608 1430 1660 ecquo

210 1664 298 1711 unirno
317 1660 377 1713 DF
383 1659 459 1713 Tm.
469 1660 482 1729 ΙΙ
497 1662 608 1713 libenter
625 1659 780 1715 AGDEF.
795 1658 807 1729 ΙΙ
827 1659 852 1713 3.
872 1662 1056 1729 intemptstns]
1075 1664 1231 1713 interstutus
1249 1662 1281 1715 Δ.
1299 1666 1431 1716 interdum

211 1730 464 1797 enuntientur
483 1734 662 1797 reipublicae
680 1730 715 1785 D.
733 1733 747 1799 Η
764 1730 788 1787 4.
808 1748 902 1787 omncs
921 1732 952 1786 F.
970 1735 983 1801 ΙΙ
1001 1735 1091 1784 trehet
1109 1748 1202 1785 secum
1223 1731 1299 1787 Terr.
1310 1734 1324 1802 ΙΙ
1341 1732 1367 1787 ii.
1385 1737 1431 1787 ulii

210 1804 254 1870 cul
274 1806 310 1854 ali
329 1820 347 1853 a
362 1818 405 1871 pr.
423 1801 454 1855 Α.
474 1804 555 1871 aliqui
567 1801 626 1857 DF
641 1808 667 1855 et
684 1818 752 1857 corn
771 1802 804 1859 A.
823 1805 869 1855 ntii
890 1802 950 1857 ΟΕ.
970 1806 1129 1867 ecquidem
1147 1803 1179 1859 Γ.
1199 1807 1280 1872 ntiqui
1298 1822 1333 1857 eu
1352 1804 1430 1861 Torr.

220 1874 233 1943 ΙΙ
246 1876 378 1940 impendio
397 1875 492 1926 salutis
511 1890 579 1926 susc
597 1872 657 1927 1²1¹.
669 1874 682 1942 ΙΙ
694 1876 755 1925 sunt
772 1876 801 1927 tn
817 1890 916 1929 rmore
933 1873 966 1927 Ε.
977 1874 993 1945 ii
1004 1872 1028 1927 7.
1047 1877 1073 1942 s.
1093 1873 1117 1930 i.
1139 1892 1189 1931 cur.
1206 1874 1238 1929 Γ.
1250 1875 1265 1947 ΙΙ
1281 1879 1370 1929 armte
1383 1891 1431 1946 pr.

209 1945 307 2017 Δ.118.
327 1946 408 2014 equo]
427 1962 481 2011 quo
494 1960 539 2013 pr.
558 1944 589 2000 A.
608 1961 656 1999 om.
678 1944 799 2000 CDEF.

283 2108 327 2161 Vl.
352 2104 437 2159 animo
462 2122 543 2175 coquo
567 2122 599 2159 uc
623 2104 725 2166 libenti)
754 2110 866 2160 codices
890 2110 991 2159 tanturn
1015 2124 1068 2160 non
1091 2124 1186 2161 omnes
1209 2106 1334 2166 libenter.
1359 2112 1431 2176 quod

211 2180 323 2249 Pighius
341 2180 421 2229 tacite
439 2182 591 2230 mutauerat
609 2195 625 2229 e
646 2182 737 2231 codice
756 2182 923 2237 Caeciliano,
948 2182 977 2229 ut
994 2182 1073 2243 puto,
1096 2182 1123 2230 in
1141 2176 1240 2233 utenti.
1280 2183 1377 2242 Recte,
1404 2184 1432 2232 ni

212 2253 298 2302 tollor.
334 2250 403 2299 Nnrn
422 2252 446 2300 si
465 2266 517 2301 uno
536 2252 666 2302 ediectiuo
680 2252 796 2301 animum
810 2252 938 2301 denotare
957 2252 1097 2309 uoluisset,
1116 2253 1189 2301 baud
1207 2253 1285 2302 dubie
1298 2254 1431 2311 Valerius,

212 2324 240 2373 ut
262 2323 387 2373 sotebant
410 2323 516 2373 ueteres
541 2336 622 2389 ueprw
649 2320 735 2373 enimc
760 2323 930 2385 scripsissetc
959 2323 1055 2386 estque
1083 2322 1212 2373 solemnis
1236 2324 1293 2373 scre
1317 2323 1432 2373 termula

212 2392 298 2445 enimc
317 2407 398 2459 acque
417 2406 450 2443 uc
467 2389 567 2443 libenti.
604 2394 642 2445 (Ἰ.
662 2395 715 2444 Cic.
734 2396 769 2443 ed
788 2394 841 2445 nn.
862 2389 893 2449 ll.
912 2388 939 2449 ⁸2.
958 2389 984 2444 ⁴l.
1002 2393 1037 2444 id.
1055 2408 1104 2455 pro
1117 2394 1220 2445 cluent.
1237 2389 1301 2449 2.6.
1338 2391 1432 2459 ltaque

212 2466 367 2515 aducrbinm
391 2465 516 2515 librarius
539 2464 712 2515 substituisse
737 2465 931 2515 existimandus
949 2465 1000 2523 est,
1024 2480 1076 2529 quo
1094 2464 1178 2513 adius
1196 2464 1353 2517 cohaereret
1371 2480 1433 2515 curn

212 2538 323 2587 cedendi
341 2538 432 2587 trerbo.

284 2605 450 2673 intemptatus
467 2604 508 2659 rcs'
520 2602 647 2674 publicae
664 2610 758 2668 etaim)
776 2608 907 2659 Mendose
925 2607 950 2657 in
969 2607 1118 2671 archetypo
1136 2609 1194 2657 erat
1212 2610 1283 2674 quod
1300 2609 1433 2675 hodieque

212 2682 239 2730 in
257 2679 387 2732 Bernemi
405 2678 496 2730 codice
514 2680 596 2738 extat,
615 2677 767 2730 interciatus
783 2692 807 2730 r.
821 2694 851 2746 p.
869 2682 961 2731 stetur.
1004 2678 1079 2730 Vnde
1096 2679 1221 2730 tibrarius
1245 2680 1305 2731 cius
1323 2680 1432 2740 codicis.

214 2767 229 2801 e
248 2768 300 2817 qrro
319 2750 447 2802 maiorem
466 2751 626 2813 reliquorum
640 2751 765 2802 librorum
777 2755 880 2815 partem
900 2750 1010 2800 fluxisse
1022 2751 1136 2800 diximus
1149 2751 1219 2815 (ιμ’),
1238 2753 1326 2802 deleto
1343 2752 1433 2815 priore

213 2827 307 2881 statue,
326 2837 373 2886 pro
392 2820 462 2872 inter
480 2823 592 2872 coniecit
610 2818 749 2880 interdum.
769 2823 934 2890 languidam.
954 2836 1041 2884 poene
1058 2822 1169 2874 dixerim
1181 2823 1300 2887 ineptum
1312 2823 1432 2873 efficiens

214 2893 382 2946 sententium.
419 2893 512 2956 Neque
531 2894 601 2944 enirn
619 2909 674 2944 una
692 2907 790 2945 encres
808 2895 887 2945 dorne
911 2893 1043 2942 interdum
1066 2907 1118 2944 non
1138 2895 1235 2944 corruit
1252 2908 1298 2944 res
1315 2895 1433 2958 publica,

213 2967 264 3016 sed
281 2964 437 3030 plerumque
462 2966 517 3016 stst
540 2966 655 3032 integre.
698 2966 832 3030 Optimum
858 2965 954 3014 contre
974 2965 1145 3015 sbbreuiator
1169 2965 1393 3029 Guelferbytanus
1416 2979 1434 3016 e

214 3037 380 3094 sincerioris.
405 3052 456 3102 quo
475 3050 542 3087 usus
566 3042 624 3090 est.
648 3037 747 3087 codicis
772 3035 894 3104 uestigiis
916 3035 986 3086 eruit
1007 3037 1234 3095 emendationem.
1257 3034 1434 3102 intmptutss.

215 3123 294 3173 quum
319 3108 346 3158 in
370 3109 463 3160 codem
493 3109 545 3158 hoc
570 3109 662 3158 codice
685 3107 862 3171 (Cauchisno)
891 3108 1027 3159 inuentam
1053 3108 1126 3158 recte
1148 3111 1290 3172 receperat
1312 3109 1432 3176 Pighius.

215 3181 372 3228 Aberratum
392 3181 451 3230 crat
468 3181 503 3227 ab
515 3174 660 3246 inte'ptctus
677 3179 710 3228 nd
728 3177 889 3230 interciatus.
926 3177 1065 3246 Significat
1077 3183 1166 3230 sutem
1178 3176 1346 3246 intemptatae
1362 3181 1435 3228 idem

216 3253 296 3315 atquc
314 3247 440 3306 intactus.
465 3251 535 3311 quod
553 3251 640 3314 ipsum
664 3251 691 3300 b.
710 3251 727 3299 l.
747 3250 959 3303 substituendum
984 3263 1049 3300 esse
1073 3251 1265 3314 suspicabatur
1281 3249 1434 3300 Torronius.

216 3323 255 3373 ct.
275 3321 334 3371 Vol.
351 3321 398 3378 ix,
420 3317 461 3376 15.
480 3316 497 3370 2
516 3335 608 3372 nmen
625 3319 802 3387 intuaptctum
821 3317 855 3370 ab
873 3318 922 3370 ltcc
939 3316 1054 3370 hieriae
1070 3334 1173 3385 pestere.

286 3394 316 3440 st
333 3387 382 3439 atii
399 3404 431 3439 ru
448 3387 542 3440 salutis
557 3396 631 3444 rucei
651 3391 705 3441 lloc
725 3406 827 3456 quoqne
841 3391 902 3441 loco
914 3390 1001 3440 omnis
1013 3391 1139 3441 librorum
1158 3391 1346 3453 discrepantis.
1365 3403 1436 3455 quae

216 3475 283 3512 senc
303 3461 495 3522 nutrisset,
518 3461 642 3512 leciltimn
661 3461 807 3524 explicatur
829 3476 845 3510 e
870 3461 999 3524 primarie
1022 3461 1120 3511 codicis
1138 3462 1285 3512 Bcrncnsis
1303 3461 1436 3524 scripturo

215 3537 245 3584 ut
263 3529 301 3583 eli
320 3545 337 3581 u
359 3528 467 3589 salutis.
493 3534 562 3582 unde
585 3548 602 3582 a
627 3534 777 3581 correctore
800 3532 858 3581 eius
881 3531 942 3580 libri
966 3531 1066 3580 iactum
1083 3536 1112 3582 ut
1135 3529 1219 3598 clipei
1235 3528 1342 3588 edetis,
1366 3545 1437 3596 quae

217 3607 323 3656 netum
343 3605 448 3668 quidem
466 3602 561 3654 Latine
581 3603 652 3652 dicte
670 3603 779 3666 putabo,
799 3601 823 3649 si
842 3617 901 3650 cnm
915 3601 1033 3668 uuigutis
1047 3602 1207 3652 editionibus
1225 3616 1257 3651 ca
1275 3603 1338 3665 post
1355 3599 1438 3668 stimi

217 3675 359 3726 adieceris.
394 3674 517 3735 Plerique
536 3671 591 3724 utic
608 3674 742 3723 mutarunt
759 3672 786 3721 in
805 3668 862 3723 atti.
898 3670 934 3721 rit
948 3673 1007 3720 sine
1020 3672 1100 3722 dubio
1119 3688 1172 3722 una
1184 3673 1300 3722 litterula
1312 3673 1440 3737 supplete

217 3747 386 3798 scribendum
411 3747 454 3795 est
477 3749 507 3796 ut
529 3742 578 3794 atii
602 3758 633 3794 ec
655 3740 750 3794 salutis
773 3745 824 3792 etc.
875 3743 1008 3805 Opposuit
1031 3743 1114 3801 alios.
1142 3744 1187 3794 net
1207 3745 1280 3793 uitae
1303 3744 1438 3808 impendio

217 3821 342 3877 tuendos,
360 3818 477 3878 quantae.
496 3817 567 3866 uiros
586 3816 639 3866 sint
660 3814 760 3864 umoris
789 3827 859 3880 erga
885 3815 1014 3876 patriam.
1043 3815 1151 3866 sibimet
1178 3814 1246 3878 ipsi,
1276 3817 1322 3877 qui
1346 3817 1438 3866 uerbis

216 3887 399 3940 tantummodo
417 3889 485 3938 istas
504 3889 577 3938 utres
596 3885 734 3950 complecti
758 3889 871 3934 conotus
895 3885 938 3936 sit.
979 3886 1009 3935 ln
1033 3901 1088 3951 qne
1109 3887 1242 3936 sententie
1265 3899 1345 3936 nemo
1370 3901 1438 3936 sane

217 3961 384 4017 offendisset.
403 3960 427 4013 ei
445 3959 479 4008 ad
499 3961 610 4010 uerbum
628 3953 756 4023 conplecti
774 3955 958 4006 addidissct'c
974 3971 1023 4008 ase.
1064 3957 1144 4023 Atqui
1159 3959 1301 4008 scribentis
1318 3972 1438 4022 persons

218 4034 245 4082 in
263 4034 315 4082 boc
333 4045 403 4080 nexu
420 4045 470 4096 pur
488 4045 521 4082 se
538 4028 760 4096 subinteltegitur.

291 4100 315 4154 l.
334 4102 373 4154 Cf.
392 4101 450 4154 Liu.
470 4103 501 4158 ll.
521 4099 547 4154 ii.
562 4102 642 4164 Dion.
656 4101 716 4150 itai.
729 4099 760 4156 V,
776 4093 816 4152 l5.
836 4099 903 4152 Plut.
915 4099 1015 4152 Public.
1028 4094 1054 4151 9.
1074 4097 1148 4152 duct.
1167 4101 1201 4151 dc
1216 4102 1265 4153 nir.
1277 4101 1314 4152 ill.
1330 4097 1372 4160 10,
1385 4102 1449 4164 otiu

289 4172 328 4226 itu
347 4187 410 4240 equo
429 4170 573 4234 murrii)
591 4175 655 4222 Cum
673 4172 700 4221 in
716 4169 866 4235 archetypo
879 4171 970 4222 codice
984 4171 1164 4222 intercidisset
1175 4173 1264 4236 prims
1274 4173 1350 4222 uocis
1363 4186 1438 4238 epse,

218 4247 246 4297 in
255 4245 342 4304 altera
351 4245 453 4296 semina
461 4245 540 4296 etium
551 4246 619 4311 quod
629 4243 779 4308 supererat,
789 4255 847 4308 qun,
858 4256 911 4292 non
920 4243 1081 4294 intellectum
1092 4259 1110 4293 a
1119 4244 1235 4294 librariis
1245 4244 1376 4292 omissum
1389 4245 1442 4293 est.

218 4317 311 4384 Neque
330 4317 408 4368 uideo
420 4317 541 4381 proiecto
554 4331 600 4366 cur
612 4315 674 4381 equi
687 4314 902 4364 commemoratio
916 4314 1040 4380 glossam
1052 4316 1152 4380 sapiat,
1171 4317 1200 4364 ut
1213 4315 1313 4380 placuit
1325 4313 1441 4376 Kappio.

219 4389 264 4451 qut
288 4403 382 4440 uocem
406 4389 561 4453 suspectum
585 4387 637 4438 sibi
661 4386 737 4436 uncis
760 4385 880 4443 inclusit,
908 4388 1069 4448 praesertim
1093 4403 1154 4436 eum
1176 4399 1271 4436 omues
1295 4384 1442 4447 scriptores

220 4461 367 4512 luculenter
389 4459 553 4524 prodiderint
575 4458 715 4510 Arruntem
741 4458 767 4506 ct
791 4457 900 4506 Brutum
926 4455 1025 4520 impetu
1048 4472 1176 4523 equorum
1199 4456 1373 4506 uehementer
1395 4455 1443 4504 od·

220 4534 300 4584 motis
319 4532 470 4582 culcuribus
493 4533 533 4582 itn
551 4529 734 4584 concurrisse,
753 4527 782 4576 ut
805 4527 926 4578 immisse
943 4529 1025 4578 hasta
1043 4530 1112 4579 alter
1130 4529 1244 4578 alterum
1261 4525 1444 4592 transfigeret.

220 4601 303 4672 (Plnt.
327 4599 454 4674 ὥρμησαν
478 4598 561 4672 ὁμόσε
577 4603 630 4659 τοῖς
651 4598 746 4656 ἵπποις.
778 4599 853 4650 Dion.
872 4594 1061 4670 σνναριὲιιυνσι
1082 4595 1142 4655 τούς
1163 4598 1257 4655 teneor
1277 4595 1306 4656 ἐξ
1326 4596 1446 4653 emmae

219 4670 376 4736 ἐλαύνοντες,
397 4678 424 4724 et
441 4675 522 4740 paulo
541 4675 604 4738 post
620 4669 666 4724 sci
684 4670 710 4724 ot
728 4669 801 4724 innoc
817 4666 904 4723 αάτιῧν
920 4670 1090 4743 ἐμπλέξαντες
1103 4664 1136 4721 πὶ
1160 4666 1241 4733 orrida
1262 4684 1292 4740 rp
1315 4664 1387 4740 ῥύμῃ
1403 4663 1447 4734 τῆς

221 4741 368 4823 peperisti
383 4747 435 4808 τοῖς
451 4744 582 4808 ὀπισθίοις
598 4741 748 4799 temam·
764 4743 859 4808 metr.)
1235 4780 1237 4783 -
1444 4783 1448 4790 .

1164 4829 1234 4896 28·
