3409 5400
303 414 369 481 454
419 412 479 477 lm
502 410 747 479 PARENTVM
771 408 1013 477 ADVERSVS
1038 408 1293 477 SVSPECTOS
1316 406 1411 475 ETG.

306 596 381 637 enm
405 596 479 637 cum
503 573 632 638 consilii
656 586 722 637 turn
747 573 843 637 etiam
869 596 930 636 sua
946 550 1117 635 sententia.
1163 568 1260 651 Quod
1277 546 1306 633 si
1322 572 1450 653 impetu
1466 568 1552 629 irae
1624 573 1625 636 ζ

306 682 488 746 abstractus
519 682 649 745 saeuire
680 681 883 753 festinasset,
918 679 1107 742 admisisset
1140 679 1248 764 magis
1283 677 1391 740 scelus
1432 695 1551 761 qnam

306 786 517 853 uindicasset.
1624 797 1625 860 i

263 892 294 957 2.
396 892 509 973 Quinti
538 906 645 958 autern
671 894 853 967 Hortensii,
886 893 941 978 qni
973 894 1042 982 suis
1073 892 1272 977 temporibus
1301 898 1549 954 ornamentum
1624 867 1626 982 l

306 1001 478 1066 Romanae
502 1000 705 1085 eloquentiae
736 1002 808 1075 liiii,
840 1000 1042 1090 admirabilis
1072 1000 1104 1062 in
1137 1000 1201 1061 lilio
1234 999 1389 1085 patientia
1419 996 1570 1058 exurite
1624 995 1625 1006 ¹

308 1108 392 1169 Gom
415 1107 502 1169 enirn
526 1127 672 1192 eousque
696 1108 883 1192 inpietatem
909 1107 978 1169 eius
1003 1117 1188 1191 suspectam
1214 1120 1244 1167 et
1274 1105 1458 1190 nequitiam
1491 1102 1550 1162 in·

309 1213 416 1275 uisam
443 1202 596 1287 haberet,
629 1224 663 1275 ut
691 1214 882 1287 Messalam,
907 1214 1031 1275 sororis
1056 1233 1136 1274 serae
1162 1210 1260 1274 lilium
1284 1208 1444 1272 heredem
1480 1207 1550 1269 lra-

310 1318 450 1391 bitur-us,
490 1318 630 1382 ambitus
665 1342 755 1383 reum
789 1318 971 1389 dcscmlens
1006 1318 1168 1381 iudicibus
1200 1317 1347 1388 diceret,
1376 1316 1404 1378 si
1445 1314 1548 1377 illum

310 1424 542 1499 damnassent,
578 1424 657 1489 nilril
695 1427 757 1489 sibi
795 1440 922 1510 praeter
956 1424 1102 1487 osculnm
1141 1436 1309 1509 nepotum,
1344 1423 1377 1484 in
1412 1420 1548 1506 quibus

311 1530 550 1615 adquiesceret,
574 1533 832 1616 superfuturum,
862 1530 924 1593 liae
948 1530 1071 1594 scilieet
1101 1531 1276 1601 sententia,
1305 1550 1405 1614 quam
1436 1528 1582 1589 etiamn

312 1636 418 1700 editae
443 1636 581 1699 orationi
604 1638 756 1711 inseruit,
788 1637 887 1700 lilium
917 1637 1024 1721 potius
1055 1636 1087 1697 in
1119 1636 1285 1699 tormentis
1310 1633 1410 1697 animi
1435 1656 1546 1718 quarn

310 1743 345 1806 in
368 1740 587 1826 uoluptatibus
617 1758 799 1825 reponens'3
832 1754 958 1817 tamen,
987 1767 1028 1807 ne
1057 1756 1191 1807 naturae
1221 1741 1367 1803 (udinem
1397 1741 1546 1802 conlini-

313 1847 412 1921 dcret,
436 1868 502 1910 non
525 1860 678 1931 nepotes,
703 1848 761 1910 sed
787 1848 886 1912 fllium
909 1848 1062 1913 heredem
1087 1850 1232 1934 reliquit,
1261 1846 1428 1909 moderate
1456 1868 1545 1907 usus

314 1952 493 2017 adfectibus
518 1954 604 2027 soie,
634 1956 711 2039 quia
734 1968 764 2015 et
788 1956 883 2017 uiuus
908 1958 1053 2019 moribus
1082 1958 1152 2019 eins
1176 1976 1290 2017 uerum
1314 1954 1542 2015 testimonium

314 2070 346 2123 et
368 2070 514 2124 mortuus
538 2062 691 2146 sangnini
716 2061 874 2125 lionorenr
900 2062 1041 2124 ‹leliiumr
1056 2060 1215 2124 ‘reddidit
1554 2075 1577 2115 u

403 2164 493 2231 ldem
509 2168 586 2229 fecit
609 2166 687 2231 clari
705 2170 835 2255 generis
853 2186 1060 2253 magnaeque
1079 2168 1247 2253 dignitatis
1269 2167 1318 2226 nir
1334 2165 1373 2236 Q.
1390 2162 1542 2233 Fuluius,

316 2272 376 2338 sed
404 2272 438 2335 in
469 2271 533 2336 filio
565 2272 765 2358 aliquantum
797 2275 959 2337 taetriore.
1010 2274 1094 2337 Nam
1120 2294 1193 2337 cum
1220 2272 1374 2334 auxilinm
1399 2284 1541 2333 senatus

315 2377 524 2463 inplorassct‚
547 2391 581 2442 nt
605 2393 777 2464 suspectus
801 2382 834 2444 in
859 2381 1031 2465 parricidio
1049 2395 1080 2445 et
1103 2382 1144 2444 ob
1160 2380 1194 2445 id
1216 2378 1321 2443 latens
1346 2398 1402 2461 per
1426 2378 1542 2441 trium·

315 2486 423 2547 uirum
438 2486 689 2569 conquireretur,
707 2508 746 2549 ac
763 2487 855 2549 iussu
872 2499 1004 2571 patrum
1017 2490 1272 2572 conscriptorum
1290 2482 1542 2570 conprehensus
1624 2461 1625 2516 l

318 2600 416 2663 esset,
440 2610 506 2652 non
531 2589 636 2653 solum
661 2612 734 2654 eum
760 2614 825 2655 non
843 2594 974 2667 notauit,
998 2594 1056 2657 sed
1075 2595 1171 2657 ctiam
1188 2592 1352 2655 decedens
1369 2591 1576 2654 dominumre

304 2696 464 2761 emnium
489 2717 564 2760 esse
593 2696 709 2772 uoluit,
745 2686 840 2784 quein
874 2713 1033 2786 genuerat
1063 2700 1217 2763 heredem
1247 2699 1436 2770 instituens,
1471 2719 1539 2761 non

319 2824 415 2890 quem
440 2803 545 2866 fuerat
568 2817 728 2887 expertae.

277 2902 308 2968 4·
406 2909 603 2995 Magnorum
633 2912 775 2973 uirorum
807 2910 1019 2977 clementibus
1052 2915 1133 2976 actis
1163 2913 1266 2998 ignoti
1301 2912 1402 2996 patris
1432 2903 1538 2972 nonae
1624 2942 1625 2997 j

319 3027 415 3103 atque
444 3017 616 3080 inusitatae
647 3020 783 3082 rationis
814 3019 986 3083 consilium
1017 3019 1168 3083 adiciam.
1225 3018 1289 3098 Qui
1319 3037 1393 3079 curn
1423 3007 1454 3076 a·
1472 3014 1537 3077 lilio
1624 3008 1625 3021 ¹

317 3122 457 3188 iusidias
481 3123 566 3186 necti
589 3123 651 3186 sibi
676 3129 892 3210 comperisset
921 3147 980 3190 nec
1005 3125 1159 3188 iuducere
1187 3125 1222 3187 in
1252 3115 1397 3187 animum
1426 3134 1570 3206 possete

317 3241 353 3293 ut
374 3251 486 3293 uerum
512 3231 707 3315 sanguinem
732 3231 774 3294 ad
798 3229 861 3295 hoe
886 3233 1020 3296 sceleris
1049 3251 1263 3317 progressum
1293 3228 1454 3300 crederet,
1486 3249 1536 3288 se·

320 3335 450 3401 ductam
478 3355 613 3398 uxorem
642 3338 827 3422 suppliciter
855 3340 984 3424 rogauit
1013 3358 1053 3400 nc
1077 3357 1113 3400 se
1143 3336 1274 3401 ulterius
1305 3334 1441 3406 celaret,
1468 3333 1536 3394 siue

323 3493 347 3548 i.
363 3495 433 3563 enni]
450 3497 504 3545 ium
523 3493 609 3546 CDE
615 3493 640 3546 F
646 3493 721 3548 Tere.
744 3493 803 3548 Vid.
820 3494 856 3548 ad
870 3495 906 3551 ll,
921 3496 950 3552 ¹2,
965 3493 1198 3564 8,11ἰωμοίυιιιρν.
1208 3492 1239 3547 Α.
1249 3491 1262 3562 ll
1274 3491 1298 3548 4.
1310 3497 1399 3546 erdem
1410 3487 1498 3542 oml‘.
1512 3487 1523 3556 ΙΙ

321 3563 347 3618 5.
358 3583 484 3616 romonae
495 3567 663 3628 eloquentiae
674 3573 855 3618 ornrnnentmn
867 3567 891 3619 F
891 3567 940 3636 ilii.
952 3574 1104 3631 susceptam
1117 3565 1144 3617 F.
1154 3565 1167 3631 ll
1176 3573 1202 3618 et
1211 3566 1355 3628 nequitiam
1366 3564 1477 3614 inuisam
1487 3579 1533 3613 om.

322 3636 354 3690 Γ.
368 3638 380 3706 ΙΙ
396 3635 419 3688 1.
439 3635 478 3702 ut]
499 3639 525 3688 et
539 3651 584 3704 pr.
602 3635 636 3688 A.
648 3637 661 3702 ΙΙ
673 3651 739 3687 sune
759 3641 859 3689 sororis
874 3638 950 3692 Torr.
963 3634 1013 3705 118.
1027 3642 1124 3688 anitiitn
1146 3635 1173 3689 F.
1185 3637 1199 3704 ΙΙ
1214 3635 1253 3688 to,
1267 3637 1438 3699 superfut'nre
1450 3647 1493 3699 pr.
1505 3632 1534 3684 A.

333 3705 347 3773 ΙΙ
359 3709 466 3758 etium·
485 3705 515 3759 A.
535 3721 584 3756 om.
604 3705 658 3772 1“.ΙΙ
675 3705 714 3759 ll.
733 3709 836 3760 edictae
855 3708 883 3760 F.
896 3710 1015 3776 {icadioni
1034 3709 1065 3761 Γ.
1082 3710 1096 3774 ΙΙ
1113 3711 1139 3758 in
1157 3708 1306 3772 tormentis]
1332 3704 1478 3756 interrnenti
1492 3718 1534 3770 pr.

323 3775 354 3828 A.
373 3779 400 3826 in
413 3779 543 3826 tormento
560 3775 722 3830 CEF'l'orr.
737 3777 749 3848 Η
766 3778 806 3832 15.
826 3771 941 3829 debiturn
955 3782 1083 3831 honorent
1096 3777 1125 3831 F.
1139 3778 1151 3845 ll
1167 3778 1289 3844 reddidit}
1301 3773 1533 3844 sequentursioiin

323 3861 367 3896 uu.
386 3861 400 3895 e
419 3847 444 3908 s.
463 3844 488 3897 3.
498 3844 549 3912 fin.
568 3848 694 3898 heredem
714 3851 856 3900 instituens
876 3867 952 3915 ‹prern
971 3855 1115 3916 genuerat.
1139 3866 1190 3899 non
1213 3863 1291 3911 qrrem
1312 3850 1398 3898 inerat
1416 3851 1534 3910 expertus

292 3931 294 3936 ·
324 3914 356 3968 Γ.
368 3913 381 3982 ΙΙ
396 3913 436 3965 16.
455 3917 527 3966 idern
545 3945 580 3955 -
599 3915 664 3980 iai.)
684 3923 798 3970 omniurn
819 3935 882 3970 esse
901 3923 982 3970 inoluit
1000 3936 1048 3973 om.
1063 3919 1092 3972 Γ.
1104 3920 1117 3987 ΙΙ
1130 3925 1160 3982 Q.
1174 3918 1294 3983 Fuluius]
1315 3914 1473 3969 Praenomen
1488 3931 1533 3967 em.

324 3983 379 4038 AC
382 3983 442 4037 DE
449 3983 474 4036 F
479 3983 556 4037 Torr.
574 3985 699 4054 Suppleat'
718 4007 731 4041 c
750 3989 811 4043 Por.
827 3989 838 4056 ΙΙ
863 3990 901 4041 ii.
922 3991 1111 4055 aliquantulum
1132 3993 1262 4042 deteriore
1280 3987 1309 4040 F.
1326 3988 1340 4054 ΙΙ
1358 3990 1455 4038 musitio
1470 3984 1501 4036 Α.
1511 3987 1525 4050 ΙΙ

324 4054 369 4111 211.
388 4055 499 4123 notauit]
519 4060 625 4107 uocauit
645 4058 679 4111 s
698 4063 788 4110 necari
806 4059 834 4112 F.
850 4061 862 4121 li
877 4064 1008 4111 dominnm
1023 4061 1112 4114 eund.
1125 4058 1192 4128 1121.
1208 4061 1322 4111 omniurn
1342 4075 1392 4110 om.
1412 4053 1497 4110 CEF.
1510 4057 1520 4119 il

325 4125 370 4181 22.
389 4131 515 4193 expertus
534 4128 620 4178 luenti
644 4128 720 4182 Torr.
740 4128 813 4199 11211.
834 4134 991 4200 Magnorum
1010 4161 1046 4172 -
1064 4131 1131 4196 (21.)
1155 4135 1294 4182 adiciam.»
1315 4131 1376 4194 Qui}
1401 4129 1533 4198 ignotioris

328 4199 434 4266 quidam
452 4199 598 4248 memoriae
618 4196 647 4252 Γ.
660 4201 673 4266 ΙΙ
686 4199 729 4252 21.
748 4203 838 4268 atque]
860 4221 892 4252 ae
913 4201 968 4254 CF.
982 4199 1048 4268 1125.
1069 4203 1191 4268 insidias]
1207 4207 1270 4269 post
1288 4203 1339 4251 sihi
1356 4199 1432 4250 Tere.
1447 4197 1458 4263 ΙΙ
1471 4202 1532 4250 necti

327 4269 389 4336 sibi]
409 4285 459 4321 nee
477 4271 528 4319 sibi
544 4283 587 4336 pr.
606 4269 636 4322 Α.
655 4275 730 4322 necis
749 4276 838 4335 parari
859 4274 909 4322 sibi
927 4271 958 4324 Γ.
973 4272 1042 4339 11211.
1064 4273 1124 4339 troc}
1145 4275 1215 4323 irrina
1232 4269 1313 4324 Aer
1331 4276 1362 4322 et⁴
1368 4285 1414 4338 pr.
1429 4267 1462 4322 Ε.
1471 4269 1484 4336 ii
1492 4267 1532 4321 21.

327 4341 449 4409 uxorem]
468 4337 531 4392 odd.
550 4342 693 4406 suspicans
714 4341 799 4396 CEF
816 4349 841 4394 et
858 4359 927 4397 corr.
945 4343 1007 4411 1111
1025 4345 1142 4410 cetareti·
1159 4341 1222 4394 edd
1241 4346 1288 4394 sed
1308 4345 1408 4393 diceret
1428 4339 1497 4393 Tere.
1510 4340 1522 4408 ΙΙ

397 4479 423 4534 2.
442 4485 467 4534 et
483 4481 623 4550 nequitiam
642 4482 765 4548 inuisam)
783 4487 820 4538 Cf.
839 4488 912 4538 Cael.
931 4488 956 4536 in
975 4503 1036 4552 epp.
1055 4488 1089 4536 ed
1109 4487 1163 4536 Cic.
1181 4485 1250 4545 viii,
1268 4480 1293 4536 2.
1313 4485 1365 4536 Cic.
1384 4485 1417 4532 nd
1437 4484 1485 4534 Ait
1501 4484 1532 4541 Χ.

327 4551 353 4612 d,
371 4547 397 4604 11.
416 4555 450 4606 ld.
468 4555 542 4603 Brut.
559 4550 602 4610 116.
621 4551 684 4606 328.
1433 4550 1436 4559 “

398 4617 424 4674 t.
441 4621 574 4678 sedectam
591 4633 706 4691 exorem)
725 4627 753 4680 in
771 4629 907 4682 codicibus
926 4630 960 4679 ad
974 4628 1086 4679 atterius
1101 4627 1218 4682 scrattiae
1231 4628 1343 4679 etiamn
1361 4628 1464 4690 partem
1480 4621 1532 4691 (11⁴⁴)
