3409 5400
296 511 361 579 524
447 510 507 578 Di}
529 508 790 579 MVTATIONE
813 507 981 579 MORVM
1003 507 1096 577 AVT
1117 509 1377 581 FORTVNAE.

295 674 413 760 coegit.
465 671 559 755 Quae
589 684 657 739 tam
684 672 820 739 diuersa
847 682 979 760 tamque
1007 672 1090 737 iuter
1121 693 1158 738 se
1187 674 1355 739 contraria
1392 674 1435 739 si
1476 676 1566 761 quis

296 778 385 866 apud
419 781 565 846 ardmum
600 802 697 847 suum
732 781 901 845 attentiore
936 779 1171 866 conparatione
1211 780 1413 867 expendere
1457 782 1562 847 uelit.

204 927 209 935 ·
296 885 380 953 duos
401 888 437 953 in
459 909 525 952 uno
547 886 682 953 bomine
704 886 815 973 Syllae
836 887 943 953 fuisse
966 886 1150 963 crediderit,
1173 897 1297 975 turpem
1323 886 1558 953 adulescen-

296 994 397 1059 tulum
420 1004 453 1059 et
473 996 594 1070 uirum,
617 994 760 1059 dicerem
782 994 917 1070 sermm,
945 994 1010 1059 nisi
1036 994 1108 1080 ipse
1139 1014 1172 1059 re
1199 994 1328 1062 felicem
1360 995 1555 1083 appellari

295 1101 476 1167 maluisset
1560 1122 1571 1163 a

255 1202 286 1275 7.
383 1208 491 1293 Atque
518 1221 553 1271 ut
574 1207 733 1274 nobilitati
760 1207 921 1275 beneficio
950 1210 1168 1295 paenitentiae
1199 1210 1375 1294 seipsam
1415 1208 1551 1274 admo-

295 1313 381 1379 nitae
403 1313 568 1399 respicere
590 1314 706 1381 altiora
728 1315 828 1380 modo
852 1337 913 1381 suo
937 1336 1071 1402 sperare
1095 1336 1197 1381 ausos
1225 1313 1482 1389 subtexamus,
1512 1314 1549 1379 T.

294 1419 457 1496 Aufidius,
480 1443 553 1487 cum
570 1420 708 1487 Asiatici
729 1421 851 1508 publici
872 1424 1026 1511 exiguam
1042 1421 1219 1487 admodum
1238 1420 1451 1507 particulam
1480 1421 1547 1487 ha·

293 1528 430 1603 buisset,
452 1538 570 1614 postea
592 1539 692 1593 totam
707 1527 825 1593 Asiam
848 1528 1077 1615 procunsulari
1092 1530 1229 1615 imperio
1253 1528 1407 1594 obtinuit.
1465 1527 1545 1593 Nec

293 1635 455 1723 indignati
477 1647 553 1700 sunt
574 1635 657 1700 socii
680 1636 751 1700 cius
774 1656 891 1721 parere
914 1634 1072 1711 fascibus,
1097 1656 1194 1722 quem
1211 1635 1318 1701 aliena
1342 1633 1543 1699 tribunalia
1553 1658 1572 1699 a

295 1740 482 1807 adulantem
504 1739 665 1805 uiderant.
716 1740 827 1805 Gessit
855 1741 954 1807 etiam
982 1764 1019 1807 se
1047 1742 1255 1829 integerrime
1284 1750 1384 1827 atque
1413 1740 1542 1827 splen·

295 1846 477 1913 didiscime.
513 1846 587 1928 Quo
611 1847 743 1934 quidem
765 1848 866 1913 modo
880 1847 1123 1924 demonstrauit,
1147 1849 1319 1935 pristinum
1344 1860 1539 1934 quaestum
1603 1854 1604 1911 i

295 1973 391 2017 suum
414 1954 580 2028 fortunae,
611 1974 771 2040 praesens
800 1975 879 2019 uero
908 1953 1076 2043 diguitatis
1106 1956 1340 2021 incrementum
1368 1954 1536 2019 moribus
1603 1912 1604 1987 1

292 2059 398 2146 ipsius
421 2060 561 2146 inputari
584 2058 715 2128 debere.

251 2166 283 2235 8.
382 2165 427 2231 At
447 2166 486 2232 P.
509 2167 660 2255 Rupilius
683 2189 750 2233 non
773 2166 985 2255 publicanum
1008 2168 1042 2233 in
1065 2166 1180 2233 Sicilia
1203 2168 1285 2255 egit,
1309 2164 1371 2231 sed
1393 2188 1562 2254 operase
1603 2208 1604 2261 p

292 2360 319 2418 2.
338 2365 501 2432 expendere]
522 2367 665 2431 expectare
682 2362 718 2418 Ε.
729 2363 744 2433 ΙΙ
755 2361 780 2418 3.
799 2366 998 2417 adolescentem
1017 2361 1046 2418 F.
1062 2362 1076 2431 ΙΙ
1092 2360 1118 2417 t.
1136 2364 1232 2415 ionem
1256 2364 1372 2413 dicerem
1390 2358 1426 2413 Γ.
1444 2360 1462 2431 fl
1479 2363 1524 2429 ael

293 2434 681 2505 anacampseroten
701 2434 804 2500 Toretll
815 2432 840 2488 u.
861 2436 887 2501 §-
906 2434 921 2487 7
942 2450 991 2488 om.
1010 2433 1042 2487 Γ.
1059 2434 1072 2503 ΙΙ
1090 2436 1255 2487 nobilitatem
1278 2430 1336 2493 (ted
1355 2431 1407 2486 tta.
1429 2450 1477 2486 em
1495 2434 1525 2485 ia

293 2513 402 2569 rasura)
421 2507 456 2562 A.
478 2505 554 2562 Yerr.
573 2508 720 2560 nobilitatis
734 2504 819 2561 GEF
829 2511 856 2557 et
869 2512 931 2575 port
942 2508 1073 2558 beneflcio
1085 2504 1121 2559 D.
1134 2505 1148 2572 ΙΙ
1159 2506 1246 2571 ipsum
1260 2500 1372 2556 cua?
1387 2508 1414 2557 et
1428 2504 1522 2573 prad.

303 2576 317 2642 ΙΙ
329 2580 448 2629 admonit
460 2604 473 2630 a
491 2576 523 2632 A.
548 2581 674 2631 &monui
693 2594 764 2633 corr.
781 2575 814 2631 A.
838 2580 1026 2629 admonuimus
1047 2575 1123 2631 Tora.
1143 2575 1155 2645 ΙΙ
1176 2574 1201 2630 i.
1221 2574 1367 2641 respicere}
1392 2572 1462 2627 add.
1477 2578 1522 2659 'na

294 2646 440 2788 anit.
457 2646 721 2788 131111ἕί1111
732 2646 996 2789 tristanti
1011 2646 1520 2786 {dannamaria

295 2804 399 2854 quoque
417 2791 487 2841 idem
506 2787 544 2844 D.
565 2793 593 2842 in
611 2809 716 2857 quoque
734 2794 760 2845 id
779 2793 808 2847 F.
832 2807 919 2856 eoque
939 2789 1016 2843 Torr.
1036 2793 1048 2856 ΙΙ
1069 2789 1110 2846 15.
1129 2791 1155 2856 8.
1174 2789 1191 2844 8
1209 2805 1259 2844 ora.
1278 2787 1310 2844 Γ.
1327 2787 1341 2856 ΙΙ
1357 2805 1392 2840 ιο
1409 2785 1450 2843 D.
1467 2791 1518 2858 lip.

294 2860 398 2910 rutitins
414 2856 534 2915 ΛΟΜ.
552 2863 615 2914 titus
633 2879 660 2928 p.
678 2866 781 2916 rutilius
799 2863 834 2918 Ε.
847 2864 860 2932 ΙΙ
872 2865 985 2914 siciliam
1003 2859 1031 2914 F.

293 3051 408 3090 manuus
426 3039 522 3107 gascb.
541 3039 624 3091 Roma
643 3042 681 3100 11,
700 3057 728 3106 p.
746 3037 814 3101 582,
839 3057 898 3093 cum
924 3043 947 3092 is
972 3044 1038 3092 urbe
1062 3042 1167 3103 quidem
1191 3041 1272 3106 paulo
1296 3039 1358 3090 ante
1383 3040 1515 3103 expulerit

295 3111 414 3168 Cinnam,
434 3111 482 3161 sed
502 3126 564 3161 mox
583 3114 667 3162 morte
686 3126 738 3161 sua
756 3113 790 3161 ad
809 3115 866 3163 tres
885 3114 1011 3176 deinceps
1030 3113 1186 3162 consulatus
1205 3113 1304 3162 aditum
1322 3111 1348 3160 ei
1366 3111 1478 3162 dederit.

366 3177 391 3233 7.
409 3185 439 3232 at
455 3177 600 3243 nobilitata)
623 3185 689 3233 Cum
712 3183 790 3233 bonis
815 3185 951 3234 codicibus
976 3185 1044 3234 haee
1062 3184 1161 3234 tradita
1178 3183 1239 3239 sint.
1260 3186 1291 3234 et
1307 3177 1454 3236 metuaris
1471 3179 1510 3232 de

294 3250 387 3321 reficio
406 3249 586 3320 paenitentiae
603 3269 633 3304 ee
650 3251 735 3321 ipram
753 3250 902 3306 admonitae
920 3253 1052 3322 respicere
1069 3251 1167 3306 miore
1184 3250 1260 3305 medo
1277 3267 1324 3304 rao
1343 3255 1409 3310 etc...
1430 3253 1507 3304 leuis·

293 3325 364 3376 sima
382 3325 527 3376 mentatione
547 3325 665 3393 genuina
676 3326 776 3377 Valerii
795 3329 879 3377 uerba
891 3327 1005 3376 restitnit
1020 3327 1169 3376 Gronouius
1184 3325 1231 3375 1111
1245 3326 1352 3376 obsera.
1365 3319 1414 3382 193
1433 3339 1507 3390 quen

293 3399 404 3448 secutus
423 3411 492 3457 sum,
511 3412 571 3446 eum
590 3397 673 3464 uulgo
692 3399 815 3448 ederetur
832 3401 861 3448 ut
879 3393 1039 3448 aedilitatem
1051 3393 1173 3464 despicio
1187 3393 1365 3463 paenitentiae
1381 3409 1411 3446 re
1427 3393 1507 3462 ipsa·

293 3465 473 3520 adraoaatraar
490 3465 638 3534 respicere.
664 3466 703 3519 t'ta
721 3467 818 3520 attiora
835 3464 911 3519 medo
933 3482 980 3519 rao
1005 3496 1036 3506 -
1056 3463 1229 3519 radteeaacr.
1272 3468 1347 3528 Quod
1365 3467 1506 3531 protectura

293 3541 329 3589 ab
342 3542 514 3592 emendatore
527 3540 585 3590 iibri
598 3539 730 3590 Danletini
742 3540 912 3590 manifestum
926 3541 1012 3605 prodit
1025 3539 1211 3597 coniecturam.
1231 3553 1290 3588 cum
1303 3538 1505 3588 audacissimam

293 3612 357 3669 tum,
377 3611 440 3678 qula
457 3627 502 3662 nu.
520 3607 644 3678 despicio
659 3609 836 3678 poenitentiae
852 3611 880 3662 in
899 3625 933 3662 ee
952 3625 1004 3661 non
1022 3611 1122 3660 babent
1146 3625 1197 3674 quo
1218 3610 1379 3666 referantur.
1405 3610 1504 3658 omniuo

294 3681 401 3732 salsam.
437 3682 530 3747 Neque
548 3683 618 3732 enim
636 3683 697 3746 ipse
716 3682 839 3732 Valerius
858 3682 885 3732 in
903 3682 1072 3732 admonenda
1089 3681 1225 3731 nobilitate
1239 3679 1420 3744 paenitentiae
1431 3681 1504 3730 bene·

293 3751 353 3802 ticio
372 3765 438 3802 usus
457 3756 507 3803 est.
543 3752 709 3803 Sententiam
728 3753 798 3804 banc
816 3755 1017 3817 aucterposuit‚
1037 3751 1182 3802 moenum
1199 3752 1361 3820 degeneras.
1380 3751 1427 3801 aad
1446 3766 1502 3814 pre·

292 3821 402 3870 nitentia
420 3822 573 3873 admonitae
592 3829 620 3872 ut
638 3840 656 3872 a
673 3824 766 3888 prauis
784 3825 911 3888 operibus
931 3824 1086 3880 desisteret.
1105 3822 1301 3890 subiungamus
1326 3835 1388 3879 ees,
1413 3821 1454 3886 qui
1472 3823 1501 3870 ed

292 3890 397 3940 maiora
414 3894 534 3954 prouecti
552 3897 615 3942 suut
633 3909 712 3958 quam
731 3910 779 3958 pro
797 3895 889 3944 bumiii
908 3894 976 3950 loco.
995 3895 1124 3945 undeorti
1143 3898 1228 3949 erant.
1247 3907 1359 3957 sperare
1371 3891 1501 3955 poteraut.

367 3958 396 4011 T.
414 3957 545 4028 Aufidiae)
567 3963 654 4029 Vulgo
673 3965 744 4016 male
761 3965 851 4014 inultis
871 3964 945 4014 libris
964 3965 1094 4015 edebatur
1114 3962 1154 4016 Τι’.
1171 3960 1300 4032 Aufidius.
1336 3963 1411 4013 llaud
1430 3964 1500 4012 dubie

294 4029 363 4080 idem
381 4031 426 4080 iiie
445 4034 488 4082 est
506 4031 536 4082 Τ.
557 4033 691 4092 Aufidius,
711 4036 754 4100 qui
773 4051 792 4085 a
808 4036 936 4085 cicerone
955 4038 1176 4086 commemoratur
1193 4051 1233 4099 pr.
1252 4034 1340 4086 tinec.
1361 4028 1406 4092 19,
1428 4029 1461 4084 td
1478 4035 1501 4084 et

292 4102 366 4153 Brut.
384 4097 428 4160 18,
449 4095 509 4153 titt.
537 4103 629 4154 Asiam
648 4107 810 4168 prouinciam
829 4106 978 4156 obtinuisse
996 4106 1100 4157 uidetur
1118 4121 1188 4157 anno
1207 4101 1260 4158 685
1280 4108 1326 4155 aut
1343 4099 1404 4156 bet.

366 4170 424 4231 Quo
459 4169 545 4223 uidem
563 4170 650 4235 medo)
668 4176 707 4225 ita
725 4177 796 4226 baud
816 4177 896 4226 dubie
915 4178 1018 4228 uitiosa
1031 4177 1172 4244 archetypi
1196 4177 1329 4240 scriptura
1347 4189 1419 4242 quoq.
1436 4176 1461 4237 (i.
1477 4191 1499 4226 a.

293 4245 404 4314 qaoque)
423 4187 458 4294 id
474 4239 550 4294 modo
573 4246 741 4296 emendanda
764 4248 815 4300 est.
851 4247 962 4316 Pighius
987 4250 1114 4299 audacter
1137 4264 1153 4298 e
1178 4247 1395 4310 ‘manuscriptis’
1417 4249 1442 4296 ut
1457 4248 1497 4304 ait

293 4331 373 4384 eoque
389 4311 466 4367 modo
484 4317 633 4379 receperat.
650 4331 709 4366 cum
728 4319 809 4368 antea
826 4320 950 4370 ederetur
967 4318 1083 4386 miroque
1100 4317 1131 4370 id
1147 4315 1234 4374 modo·
1270 4318 1430 4370 Confirmant
1444 4332 1497 4368 eon·

291 4389 419 4439 lecturam
443 4402 531 4438 meam
553 4387 655 4438 simi&
673 4388 798 4452 exempla
822 4393 867 4438 sat
888 4391 980 4442 muita.
1017 4392 1056 4442 Gt.
1077 4392 1126 4447 111.
1151 4388 1182 4450 8,
1206 4384 1224 4440 3
1253 4388 1310 4449 Qua
1333 4384 1432 4456 peridem
1451 4391 1496 4438 tn

292 4456 395 4510 madro
412 4473 555 4526 repono:
573 4458 603 4509 V.
626 4456 648 4517 1,
667 4454 685 4510 5
704 4455 761 4516 Quo
779 4457 883 4526 quidem
901 4465 953 4512 tara
972 4461 1195 4529 elemeattsacto;
1218 4462 1255 4519 V,
1284 4458 1313 4518 1,
1338 4463 1390 4510 eat.
1408 4453 1425 4508 3
1446 4455 1497 4516 Qua

291 4527 396 4595 quidem
413 4527 548 4581 clementa
565 4534 592 4580 et
607 4525 798 4586 medaeam
817 4532 849 4584 V.
868 4527 968 4594 dieat.
986 4530 1003 4586 5
1022 4530 1079 4591 Quo
1098 4529 1201 4600 pridem
1218 4546 1270 4583 aaa
1288 4536 1341 4582 aa
1353 4529 1403 4598 pio
1420 4525 1496 4590 dicta,-

292 4600 318 4648 et
336 4601 377 4650 sie
395 4601 476 4651 etiam
495 4602 526 4659 V,
545 4598 571 4660 e.
590 4603 644 4661 ext,
661 4597 686 4655 3.
705 4601 749 4660 vi,
767 4597 794 4660 8.
814 4597 838 4655 7.
858 4603 926 4666 viii,
945 4601 970 4662 7,
990 4601 1016 4656 2.
1035 4603 1103 4663 viu,
1124 4601 1165 4663 12
1187 4599 1210 4655 1.

363 4667 388 4720 e.
407 4667 437 4720 Ρ.
454 4667 588 4738 Rupilias)
614 4673 687 4725 ldem
705 4677 928 4728 commmoratur
946 4675 983 4734 11,
1003 4669 1033 4735 7,
1052 4671 1078 4728 3.
1102 4675 1159 4736 1111,
1178 4672 1203 4732 i.
1225 4671 1248 4726 l.
1271 4673 1324 4733 tx,
1346 4668 1391 4734 12,
1410 4675 1456 4726 eat.
1474 4669 1493 4727 l.

293 4732 347 4784 ded
364 4736 465 4790 librarii
487 4756 538 4804 pro
560 4757 594 4796 eo
616 4743 696 4796 solito
719 4759 809 4801 errore
831 4746 958 4805 Rutilium
982 4747 1137 4811 posuerunt.
1174 4746 1232 4798 Vid.
1250 4746 1285 4796 ed
1304 4745 1342 4806 11,
1361 4738 1428 4809 7,3.
1457 4745 1493 4798 De
