3409 5400
485 599 569 667 LlB.
593 598 635 677 V,
660 598 697 666 0.
722 602 752 678 7,
777 610 807 678 5.
831 602 990 669 3-llxt
1014 610 1045 680 ς.
1068 602 1099 670 2.
1338 603 1405 673 tlt

182 760 282 826 bitat'e
306 762 482 851 cogitabat,
506 762 605 827 totius
629 761 747 827 domus
769 762 916 829 funebris
945 764 1056 852 magis
1080 784 1180 851 quam
1202 764 1315 852 regius
1339 778 1409 833 erat

77 874 80 883 ’
182 866 304 933 uultus.
350 867 418 934 Sed
442 868 529 935 hanc
553 870 702 934 tristitiae
725 870 847 935 nubem
871 868 1019 959 Leptinis
1041 869 1264 936 mathematici
1287 871 1351 947 uel,
1373 883 1409 938 ut

184 975 316 1063 quidam
341 975 481 1051 tradunt,
505 974 696 1043 Erasistrati
719 977 839 1043 medici
865 977 1072 1065 prouidentia
1100 977 1267 1045 discussit.
1318 977 1410 1042 quta

183 1084 271 1147 enim
289 1080 484 1148 Antiochum
509 1083 643 1161 sedens,
665 1094 701 1148 ut
723 1106 797 1149 eum
822 1083 866 1148 ad
887 1086 1051 1151 introitum
1071 1086 1274 1151 Stratonices
1288 1085 1409 1149 rubore

159 1188 334 1277 aperiendi
359 1202 388 1253 et
412 1190 526 1276 spiritu
550 1190 794 1257 increbrescere
817 1212 922 1279 eaque
940 1192 1129 1280 egrediente
1152 1193 1275 1281 pallere
1297 1205 1331 1258 et
1354 1216 1409 1258 ex·

183 1296 363 1361 citatiorem
387 1294 565 1363 anhelitum
588 1297 727 1363 subinde
749 1318 945 1386 recuperare
969 1299 1208 1377 animaduertit,
1231 1301 1409 1367 curiosiore

183 1402 414 1469 obseruatione
439 1404 614 1491 adipeam
628 1404 798 1471 ueritatem
814 1409 1008 1494 penetrauit.
1054 1406 1195 1473 Intrante
1213 1411 1301 1475 enim
1316 1410 1409 1476 Stra·

182 1510 291 1576 tonice
322 1522 354 1574 et
383 1532 498 1577 rursus
527 1512 681 1587 abeunte,
713 1510 884 1579 brachium
914 1512 1135 1580 adulescentis
1164 1516 1410 1582 dissimulanter

183 1614 473 1705 apprehendendo,
496 1618 596 1684 modo
612 1620 780 1709 uegetiore
796 1620 897 1687 modo
912 1620 1120 1709 languidiore
1135 1620 1233 1708 pulsu
1248 1643 1410 1687 uenarum

142 1742 172 1787 so
182 1724 333 1813 conperit
361 1725 453 1791 cuius
482 1726 586 1791 morbi
615 1746 717 1814 aeger
747 1739 850 1803 esset,
878 1730 1093 1816 protinusque
1121 1728 1154 1793 id
1185 1728 1324 1795 Seleuco
1353 1752 1408 1795 cx·

183 1830 302 1921 posuit.
356 1830 421 1913 Qui
450 1833 625 1899 carissima
653 1834 715 1899 sibi
744 1836 886 1924 coniuge
915 1834 981 1901 lilio
1005 1834 1122 1901 cedere
1150 1858 1217 1902 non
1240 1837 1409 1915 dubitauit,

183 1938 273 2027 quod
296 1938 331 2003 in
354 1960 500 2005 amorem
528 1940 716 2017 incidisset,
745 1942 895 2008 fortunae
926 1954 1096 2031 acceptum
1124 1945 1289 2020 referens,
1321 1943 1411 2032 qnod

182 2043 393 2112 dissimulare
417 2068 492 2113 eum
515 2046 557 2112 ad
580 2058 719 2113 mortem
742 2070 848 2137 usquc
871 2060 1007 2135 paratus
1031 2062 1136 2126 esset,
1162 2052 1268 2138 ipsius
1292 2050 1410 2138 pudori

184 2154 350 2241 inputans,
409 2154 596 2220 Subiciatur
627 2156 747 2221 animis
777 2176 897 2230 senex,
926 2179 1000 2232 rex,
1029 2180 1163 2234 amans3
1198 2160 1264 2223 iam
1286 2158 1411 2243 patebit

146 2280 287 2349 requam
309 2260 412 2329 multa
435 2282 598 2349 quamque
621 2260 766 2327 difficilia
794 2264 922 2349 paterni
944 2264 1095 2330 adfectus
1122 2262 1328 2351 indulgentie
1354 2286 1409 2329 su·

185 2368 357 2457 perauerit.

273 2474 326 2540 Ac
353 2473 514 2539 Seleucus
543 2474 674 2563 quidem
704 2498 819 2553 uxore,
849 2475 1090 2542 Ariobarzanes
1119 2487 1228 2542 autem
1255 2474 1322 2541 lilio
1347 2470 1459 2541 suot:

188 2632 212 2691 l.
231 2638 306 2708 regis
325 2630 354 2689 F.
367 2632 380 2705 11
397 2630 424 2689 2.
443 2634 558 2700 leptunis
579 2630 617 2689 D.
640 2636 764 2690 lethiouis
785 2635 821 2691 Ε.
845 2637 937 2704 leptlni
955 2635 986 2691 F.
1005 2634 1019 2709 11
1037 2637 1198 2689 matematici
1222 2634 1254 2690 A.
1277 2638 1410 2708 astrologi

187 2709 367 2761 mathematici
384 2705 420 2760 E.
432 2701 483 2776 113.
501 2709 646 2760 tresistruti
663 2707 696 2762 F.
707 2708 721 2778 11
732 2712 804 2762 iuste
822 2712 892 2762 enim
910 2709 946 2763 Ε.
971 2712 1039 2763 Nam
1058 2712 1133 2762 iuxta
1149 2707 1182 2762 Γ.
1199 2709 1213 2779 11
1230 2708 1255 2763 4.
1273 2711 1381 2762 introitu
1396 2737 1409 2762 0

186 2778 218 2834 Α
229 2779 244 2848 11
255 2781 400 2832 etratcnlce
418 2776 456 2830 D.
476 2779 644 2832 stmtionlces
663 2777 725 2834 Par.
737 2781 751 2850 11
768 2783 866 2832 robore
877 2796 924 2849 pr.
943 2779 975 2836 Α.
996 2781 1009 2851 11
1029 2777 1054 2833 5.
1073 2781 1194 2846 spiritum
1214 2795 1284 2833 corr.
1302 2779 1334 2834 rt.
1344 2782 1358 2851 11
1370 2784 1409 2833 in·

187 2856 346 2904 erabescere
367 2847 453 2903 CFF.
467 2847 479 2912 11
494 2851 704 2904 exercitatiorem
724 2849 807 2905 ,4οΕ
813 2850 866 2904 FI'
880 2857 907 2904 et
922 2867 992 2906 corr.
1010 2850 1048 2905 D.
1067 2854 1259 2904 uerteciorem
1274 2866 1319 2920 pr.
1331 2850 1368 2905 D.
1383 2855 1396 2920 11

187 2919 213 2977 d.
232 2923 378 2974 hanelitum
396 2916 458 2973 AF.
470 2919 484 2990 11
496 2915 520 2974 7.
540 2925 729 2974 obseruatione
744 2949 756 2976 ι
774 2920 806 2977 Α.
818 2920 832 2991 11
844 2926 991 2976 stratonico
1008 2920 1045 2976 D.
1056 2922 1071 2993 11
1082 2921 1108 2976 8.
1120 2939 1225 2975 rursum
1243 2920 1281 2977 D.
1292 2921 1307 2990 11
1317 2919 1343 2976 il.
1362 2939 1409 2988 ap·

186 2995 327 3060 prehendit
344 2989 376 3047 F.
392 2990 405 3059 11
423 2993 562 3116 neqetiom
575 3019 589 3046 .
606 2991 649 3080 Α..
663 2996 831 3064 uegetutiore
852 2993 886 3050 F.
905 2992 918 3082 11
937 2990 1168 3118 languidiorcilpr.
1186 2993 1219 3048 A.
1237 2994 1251 3064 11
1271 2992 1312 3048 10.
1328 2997 1410 3060 proti·

186 3059 586 3206 ttttti.tlttt··.ul.¹.¹t
595 3067 764 3190 tlttttt
779 3067 845 3197 ill,
853 3063 1114 3208 1111113111.
1127 3062 1411 3191 utilitati:

197 3207 212 3278 11
223 3211 298 3260 esset
316 3222 365 3260 om.
384 3205 444 3328 Ell'
459 3204 500 3260 lb.
517 3207 633 3274 paterni]
653 3213 758 3274 patrum
776 3205 806 3263 F.
820 3208 832 3278 11
847 3211 986 3275 superauit
1005 3206 1293 3274 trubercourt
1313 3205 1353 3262 Π.
1371 3209 1411 3259 hc

188 3307 222 3320 -
240 3293 324 3330 uxore
342 3292 390 3330 om.
433 3314 441 3329 .
458 3275 472 3344 11
489 3293 522 3328 ac
536 3303 548 3330 ι
563 3279 688 3330 seleucus
705 3277 738 3332 Δ.
761 3282 831 3332 haee
848 3283 883 3332 de
902 3281 1003 3332 selenci
1019 3277 1058 3332 D.
1082 3282 1112 3330 at
1128 3283 1253 3332 seleucus
1271 3276 1411 3331 EFTorr.

198 3349 213 3419 11
223 3344 311 3401 uxore
325 3345 384 3408 (red
394 3343 407 3361 ²
425 3361 442 3398 o
460 3355 542 3410 corr.)
558 3345 590 3402 A.
608 3365 718 3402 uxorem
736 3348 797 3403 EF.
810 3351 823 3420 11
835 3354 1029 3420 ausburgencs
1047 3348 1083 3403 Ε.

258 3487 422 3543 Erasistrati
439 3485 544 3552 medici)
562 3491 601 3540 ct.
614 3491 679 3543 Ptin.
698 3491 726 3543 h.
745 3507 771 3544 n.
789 3492 874 3551 xtltt,
895 3490 919 3544 i.
938 3492 1000 3549 ΧΧ.
1013 3485 1039 3543 t.
1057 3490 1157 3548 XXVI.
1175 3486 1201 3542 2.
1221 3489 1288 3540 ecit
1301 3489 1372 3548 xvi,
1384 3483 1412 3541 3.

261 3559 438 3614 recitetiorear
457 3559 597 3612 anhelitum
614 3557 725 3612 mitade
742 3568 911 3628 recuperare)
929 3565 1031 3612 Omnes
1049 3561 1109 3610 libri
1127 3558 1344 3622 exercitatorem,
1365 3575 1412 3610 ne·

192 3647 243 3700 que
261 3635 373 3684 deerunt
390 3631 508 3684 measse
527 3633 573 3694 qul
592 3633 616 3682 id
630 3632 796 3683 retinendum
809 3638 940 3683 censeant
953 3631 1233 3696 interpretandnmqne
1252 3632 1285 3680 de
1298 3631 1412 3698 tetigato

192 3711 219 3756 et
241 3703 368 3774 languido
393 3703 495 3769 spiritu.
540 3707 626 3766 Quum
651 3701 873 3771 significationem
896 3703 958 3754 huic
981 3706 1065 3753 uerbo
1087 3702 1181 3752 inesse
1204 3703 1310 3752 omnino
1332 3716 1413 3769 nego.

192 3775 282 3835 Recte,
302 3776 328 3826 nl
347 3775 434 3835 fallor,
453 3776 506 3825 lem
525 3775 605 3826 editio
624 3775 728 3825 Veneta
746 3789 772 3826 a.
786 3769 856 3826 1478
875 3775 1027 3826 emendanit
1044 3769 1231 3831 aeneum
1250 3788 1414 3838 quamquem

192 3849 243 3898 hoc
262 3861 368 3913 quoque
385 3846 542 3898 insolentius
555 3845 637 3910 paulo
654 3845 773 3910 positum
786 3848 837 3897 est.
873 3845 984 3897 Videtur
998 3847 1145 3896 denotasse
1157 3847 1250 3896 auctor
1261 3844 1414 3913 grauiorem

192 3919 274 3979 illam,
294 3933 363 3985 quae
382 3932 463 3970 aures
483 3917 708 3968 circumstantium
727 3917 839 3981 percutit
858 3917 1041 3984 acrioremque
1059 3917 1276 3981 respirationem,
1298 3931 1351 3982 qua
1367 3929 1414 3979 pe·

192 3989 348 4042 ricuiosiore
366 3991 459 4041 morbo
483 3987 600 4054 impliciti
620 3987 759 4040 deliciante
782 3987 876 4054 spiritu
899 3990 989 4050 solent
1011 3990 1144 4040 laborare.
1188 3988 1306 4038 lntrante
1325 3991 1416 4037 autem

191 4061 342 4114 Stratonice
360 4061 470 4128 spiritus
490 4061 620 4111 Antiocho
639 4058 795 4119 increbruit,
820 4061 860 4110 its
877 4062 906 4110 ut
924 4059 1037 4111 ualidior
1055 4059 1188 4122 simulque
1206 4059 1370 4125 tranquillior
1388 4059 1417 4109 et

191 4133 278 4184 minus
298 4134 378 4184 acuta
395 4133 473 4184 fieret
491 4133 549 4184 eius
569 4131 724 4197 respiratior
750 4133 864 4184 exeunte
888 4132 936 4182 ille
958 4133 1052 4183 lterum
1078 4130 1161 4195 pailet
1183 4132 1364 4195 paulatimque
1387 4129 1416 4178 in

191 4205 263 4256 illurn
282 4204 376 4256 recidit
393 4219 473 4266 quem
492 4204 689 4272 aegrotantium
714 4203 768 4253 dixi
793 4203 929 4254 fortiorem
952 4204 1034 4266 atque
1051 4197 1239 4254 'excitatiorem
1261 4203 1416 4252 anhelitum

192 4275 278 4338 Atque
296 4277 336 4327 sie
355 4276 508 4326 Perizonius
534 4289 638 4342 qnoque
663 4275 822 4326 adiectluum
846 4274 991 4335 intellexit,
1016 4274 1060 4341 qui
1083 4275 1201 4339 explicat
1221 4288 1270 4338 per
1294 4281 1337 4323 ‘ex
1361 4272 1415 4319 imo

192 4351 299 4414 pectore
317 4349 438 4410 petitum.
457 4347 631 4410 frequeniem,
650 4345 757 4400 aerem'.

262 4415 439 4486 κραταιώ)
462 4419 664 4470 Coniunctluum
689 4415 836 4470 desiderari
859 4417 963 4482 primm
982 4417 1048 4467 uidit
1066 4417 1205 4474 vorstius.
1227 4411 1363 4481 supererit
1379 4414 1417 4463 le·

191 4490 308 4560 gendum
321 4503 385 4541 esse
397 4490 541 4549 coniciens,
554 4491 597 4540 cui
610 4488 790 4554 astipulantur
802 4489 966 4548 Perizonius,
986 4487 1141 4545 Tumulus,
1160 4487 1289 4550 Keppius.
1315 4484 1420 4534 Mansit

192 4561 273 4614 nihilo
292 4561 381 4613 seclus
401 4563 533 4612 mendosa
557 4561 684 4612 librorum
707 4559 840 4625 scripture
863 4560 891 4610 ln
914 4559 1036 4629 uulgatis
1059 4557 1205 4621 exemplis.
1230 4557 1255 4606 sl
1278 4555 1420 4620 exceperis

192 4633 267 4685 iissil
292 4635 320 4684 et
342 4633 498 4698 Bipontlnss
521 4645 615 4692 curas.
649 4632 677 4682 in
701 4631 797 4698 qulbus
820 4633 894 4682 reete
920 4629 1091 4698 represserit
1112 4628 1244 4680 scribitur.
1282 4625 1325 4676 lia
1348 4625 1419 4676 enlm

193 4704 351 4756 maturetis!
370 4705 457 4756 torma
474 4705 576 4755 tentum
589 4715 643 4754 non
662 4716 771 4769 semper
782 4703 863 4754 utitur
874 4703 1010 4764 Valerios,
1028 4701 1079 4754 sed
1091 4699 1197 4751 litterae
1215 4712 1245 4750 er
1256 4697 1421 4762 saepissime

192 4791 210 4829 a
227 4775 343 4828 librariis
362 4776 553 4846 neglegentius
574 4775 751 4828 scribentibus
769 4775 894 4827 omissae
910 4775 982 4826 sunt.

260 4843 287 4904 Ξ.
306 4845 374 4918 App.
392 4847 484 4904 teum.
502 4863 526 4903 c.
548 4841 607 4904 1⁰5·
1154 4931 1197 5001 29
