3409 5400
1415 484 1459 550 37

226 644 392 708 domestici
414 642 507 716 scisti,
529 638 555 716 1,
578 639 610 714 6,
635 640 676 706 11
694 641 822 722 paterni
844 642 937 716 oens,
969 637 1328 716 vuasconum
1350 646 1457 719 acutia

227 749 288 824 IX,
313 750 344 824 2,
371 751 388 814 1
412 748 554 831 inffetices
578 749 692 822 amatos,
723 746 789 824 IX,
814 747 845 821 2,
870 759 931 812 ext.
959 748 998 812 11
1021 747 1178 830 infelicem
1200 752 1358 832 spiritum,
1387 749 1473 825 ΙΠΙ,

230 859 264 931 7,
288 857 309 922 4
332 856 447 920 uictori
465 857 581 938 plodio.

320 961 381 1028 His
405 961 522 1027 similis
552 963 695 1049 itemque
725 964 831 1048 poetis
863 963 997 1048 propria
1026 962 1196 1028 translatio
1225 973 1277 1028 est
1306 963 1459 1030 adiectiui

227 1094 252 1136 a
275 1070 431 1155 primario
456 1069 671 1144 substantium
695 1091 836 1156 quocum
860 1091 964 1134 sensu
985 1068 1157 1146 cohaeret,
1180 1070 1225 1136 ad
1248 1070 1347 1145 aliud,
1372 1069 1460 1156 quod

228 1199 272 1240 ex
295 1197 334 1240 eo
358 1174 504 1261 pendens
529 1177 673 1261 genitiuo
697 1199 779 1244 casu
803 1176 945 1240 effertur.
998 1175 1036 1240 In
1067 1197 1131 1262 quo
1159 1197 1279 1264 genere
1303 1175 1458 1242 Valerius

227 1281 320 1356 VIII,
346 1283 376 1356 1,
399 1281 470 1346 abs.
496 1282 515 1346 5
540 1285 725 1368 composuit
746 1305 824 1366 puae
847 1283 993 1365 (Tuccia)
1023 1285 1214 1346 conscientia
1235 1291 1336 1348 certae
1359 1286 1460 1348 since·

228 1391 337 1454 sitatis
361 1407 435 1452 sune
461 1409 546 1470 spem
573 1391 685 1452 salutis
708 1392 840 1473 ancipiti
863 1395 1041 1472 argumento
1072 1411 1151 1452 ausa
1175 1397 1282 1472 petere
1311 1398 1372 1466 est,
1403 1391 1460 1455 ubi

228 1497 341 1568 miror,
368 1495 422 1580 qui
445 1494 543 1582 longe
568 1497 714 1560 omnium
737 1498 859 1582 optime
882 1497 1010 1562 nouerit
1031 1494 1158 1560 Valerii
1181 1497 1373 1572 dictionem,
1395 1496 1458 1562 Pe·

229 1603 392 1666 rizonium
420 1600 577 1666 maluisse
609 1605 799 1667 coniecientia
829 1610 930 1677 certa,
966 1613 996 1664 et
1031 1601 1112 1676 VII,
1145 1603 1176 1678 3,
1207 1605 1249 1668 10
1279 1606 1459 1668 adulescens

229 1709 372 1793 infelicis
401 1709 498 1772 animi
526 1710 674 1790 impetum
702 1711 842 1774 suntme
872 1711 994 1774 licentis
1017 1711 1198 1775 concubitus
1220 1714 1387 1774 resolutum
1416 1745 1460 1758 -

229 1817 382 1899 deposuit,
400 1836 472 1880 cum
490 1825 680 1900 expectares
695 1816 851 1898 infelicem
866 1818 964 1882 animi
977 1817 1133 1898 impetum,
1154 1838 1252 1902 quern
1267 1818 1311 1881 ad
1325 1816 1459 1882 modum

229 1922 283 1987 uel
307 1933 423 1986 contra
436 1921 538 1986 libros
554 1943 636 1988 mss.
653 1922 800 1988 ediderat
814 1921 965 2009 Pighius.
1013 1922 1185 1988 Contraria
1198 1925 1282 1987 ratio
1301 1922 1458 1988 translato

231 2028 396 2094 adiectiuo
420 2051 441 2092 a
463 2028 625 2114 pendente
649 2031 781 2094 notione
797 2027 842 2094 ad
864 2029 1056 2115 primariam
1070 2028 1185 2093 incidit
1204 2029 1277 2104 Vll,
1294 2031 1325 2106 6,
1349 2042 1410 2094 ext.
1427 2030 1458 2103 3,

230 2137 375 2222 infelices
398 2137 586 2202 emiorum
608 2139 758 2220 reliquias
781 2137 888 2200 sallire
909 2157 971 2200 non
992 2135 1162 2209 mutam,
1195 2147 1227 2200 et
1248 2135 1326 2211 VH,
1357 2137 1394 2210 6,
1426 2136 1458 2210 6,

229 2243 304 2318 ubi,
329 2241 406 2306 licet
428 2263 587 2330 perquam
610 2243 765 2310 audacter
789 2245 947 2328 scriptun
975 2243 1019 2306 sit
1046 2248 1135 2323 atproe
1163 2249 1199 2308 ut
1227 2245 1368 2306 diuinam
1392 2244 1459 2323 fitis·

230 2351 412 2414 montionem
435 2351 575 2414 cmtestis
592 2353 700 2432 putris
722 2351 930 2414 recordationi
953 2347 1130 2412 subnectam
1153 2359 1184 2410 et
1199 2370 1231 2434 q.
1255 2369 1316 2434 sq,
1339 2348 1460 2411 iniuria

231 2467 343 2522 tamen
358 2454 551 2522 Perizonius
567 2458 706 2522 coniecit
720 2456 897 2543 legendum
918 2476 994 2518 esse
1017 2461 1053 2518 ut
1073 2455 1143 2518 diui
1163 2455 1229 2518 iam
1241 2456 1318 2536 filii,
1340 2453 1459 2518 oblitus

230 2563 389 2628 similium
413 2562 633 2649 exemplorum
655 2563 681 2638 Ι,
705 2564 736 2636 6,
761 2573 822 2627 ext.
847 2564 865 2627 1
897 2564 932 2626 in
955 2561 1093 2624 transitu
1121 2560 1165 2624 ad
1188 2571 1336 2635 externa,
1369 2560 1460 2624 Clau·

232 2672 329 2735 datm
354 2672 412 2735 me
442 2674 579 2753 euempto
608 2673 716 2737 tatium
739 2676 926 2735 ostentorum
952 2668 1121 2731 dmnestica
1147 2670 1273 2741 retutio,·
1303 2663 1335 2742 Ι,
1361 2665 1391 2741 7,
1419 2666 1456 2731 5:

231 2779 391 2841 laetiorem
414 2784 514 2843 status
536 2800 622 2861 spem
634 2801 692 2865 pro
706 2800 765 2865 spe
778 2778 924 2843 laetioris
936 2786 1058 2849 status;
1081 2773 1139 2848 lx,
1156 2775 1188 2846 2,
1213 2787 1274 2839 ext.
1293 2776 1459 2839 anamma

232 2906 309 2949 sona
331 2887 438 2960 uscia·
461 2884 519 2961 VI,
543 2886 573 2959 3,
597 2886 665 2949 init.
688 2888 781 2949 namu
798 2904 972 2967 poenosum
990 2902 1106 2964 peneru
1127 2918 1171 2929 -
1190 2882 1315 2945 minime
1335 2882 1371 2943 in
1388 2881 1459 2961 ptu-

231 2992 304 3055 eido
326 2998 355 3055 et
378 2994 478 3073 peneto
495 2995 686 3075 popinarum
708 3012 833 3057 nunsero
856 2990 1045 3072 reponenda·
1075 2986 1134 3062 VI,
1158 2990 1190 3063 6,
1214 2998 1276 3053 ext.
1300 2987 1336 3051 2:
1356 2986 1459 3067 fidum

232 3098 368 3161 Peteliae
390 3100 566 3181 sepulcrm
595 3122 655 3185 pro
687 3078 771 3164 lidae
795 3096 939 3161 Peteliae
966 3098 989 3159 i.
1021 3118 1050 3159 e.
1075 3095 1215 3159 fidorum
1237 3093 1459 3159 Petelinorum

233 3204 402 3291 sepulcrm
426 3202 483 3279 VI,
508 3207 537 3281 9,
562 3217 624 3271 ext.
648 3206 683 3273 5:
706 3207 793 3271 breui
815 3205 963 3269 tristitiae
985 3203 1123 3277 saniem·
1147 3214 1219 3266 cett.

324 3310 464 3377 Omnem
479 3332 557 3377 uero
570 3312 720 3379 licentiae
736 3311 870 3377 modum
881 3308 1036 3375 Valerius
1048 3310 1114 3375 alio
1126 3309 1319 3375 insolentiae
1337 3326 1458 3394 genere

235 3438 474 3505 supergressus
487 3430 547 3495 est,
560 3442 626 3506 qua
638 3421 801 3485 actionem
810 3418 852 3483 ab
866 3417 975 3504 aliquo
987 3418 1168 3502 profectam
1176 3416 1227 3482 vel
1238 3424 1460 3478 transeuntem

234 3524 280 3589 ad
291 3525 435 3611 aliquem
447 3527 488 3591 ab
503 3548 541 3591 eo
554 3537 744 3593 reuocatam
764 3524 807 3591 ad
824 3544 894 3588 rem
912 3523 1145 3589 secundariam
1162 3542 1236 3584 cum
1249 3516 1461 3604 personailla

233 3634 356 3697 artiore
369 3632 511 3718 quodam
520 3634 701 3699 sententiae
709 3630 840 3696 runculo
854 3650 1014 3693 conexam
1025 3631 1072 3693 ita
1079 3626 1186 3691 retulit
1193 3637 1227 3689 ut
1235 3624 1390 3688 adiuncta
1400 3643 1459 3687 no·

234 3742 280 3803 tio
294 3738 460 3804 subiectae
472 3739 580 3805 laeum
592 3750 715 3805 teneret
726 3752 757 3803 et
768 3735 930 3801 interdurn
948 3735 1083 3798 minime
1104 3733 1256 3797 coeuntia
1267 3730 1347 3793 dure
1359 3751 1459 3815 copu-

232 3845 389 3911 larentur.
412 3844 483 3911 Hoc
491 3848 590 3911 modo
599 3848 681 3911 mire
692 3864 828 3932 prorsus
836 3842 966 3907 locutus
973 3840 1051 3915 estl,
1061 3842 1093 3915 6,
1104 3842 1160 3905 ll:
1172 3840 1221 3903 sic
1228 3840 1354 3903 marusa
1361 3837 1460 3918 spreti

235 3953 372 4015 monitu
380 3954 613 4029 encmdescunt,
626 3956 673 4017 sic
681 3950 1165 4030 bunmnaconsitiacastipantur,
1178 3946 1230 4010 ubi
1238 3966 1272 4010 se
1279 3944 1461 4009 caelestibus

229 4059 425 4142 praesuunt,
449 4082 534 4147 quae
559 4060 660 4125 uerba
683 4062 867 4123 etiamnunc
890 4058 925 4122 in
948 4054 1090 4141 uulgatis
1107 4052 1303 4117 editionibus
1327 4048 1459 4113 exhibe·
1531 4038 1544 4060 ⁹

235 4164 365 4239 bantur,
389 4168 437 4231 sic
458 4168 505 4231 dii
528 4170 625 4249 spreti
640 4166 867 4231 escandescunt
883 4175 915 4227 et
927 4185 958 4250 q.
970 4183 1020 4248 sq.
1060 4159 1217 4225 Similiter
1233 4157 1258 4233 1,
1274 4159 1304 4231 7,
1328 4157 1365 4222 8:
1383 4175 1461 4237 pro-

231 4272 380 4355 pioribus
402 4279 512 4349 tamen,
535 4281 569 4338 ut
598 4278 644 4339 ita
671 4275 786 4346 dicam,
817 4272 910 4334 lineis
942 4269 1047 4333 Aterii
1081 4268 1156 4349 Rufi
1185 4266 1298 4347 equitis
1328 4262 1462 4327 Romani

236 4382 392 4443 somnium
414 4386 498 4445 certo
520 4387 630 4445 euentu
645 4380 833 4443 eunonium
847 4383 902 4450 est,
926 4396 1000 4439 cum
1015 4385 1125 4437 tamen
1141 4394 1210 4437 non
1229 4372 1338 4455 ipsum
1358 4366 1462 4431 Aterii

236 4486 404 4553 somnium
431 4485 492 4551 sed
514 4486 646 4551 Aterius
675 4486 803 4551 somnio
835 4482 1021 4549 admonitus
1050 4480 1102 4543 sit.
1155 4478 1195 4543 Et
1222 4477 1306 4542 haec
1330 4470 1462 4558 quidem

236 4596 271 4657 in
295 4591 462 4668 subiecto;
484 4595 519 4657 iu
541 4594 668 4659 obiecto
692 4592 780 4658 idem
803 4591 867 4655 sibi
889 4585 1023 4654 indulsit
1044 4582 1133 4659 VIII,
1157 4586 1188 4659 1,
1211 4582 1282 4648 abs.
1308 4578 1360 4653 12,
1387 4596 1463 4641 cum

238 4700 398 4767 scriberet
427 4702 545 4767 crimen
574 4700 713 4765 libidinis
736 4698 891 4782 confessio
913 4694 1165 4777 intemperantiae
1187 4686 1345 4760 liberm
1377 4704 1462 4771 quw
