3409 5400
588 522 672 590 LlB.
694 520 750 601 ΠΙ,
775 522 811 588 Ο.
835 524 868 600 8,
892 531 920 600 s.
946 525 1054 590 3-5.
1193 532 1207 559 ³
1368 524 1433 591 301

210 682 397 747 debebatur.
443 682 512 749 Nec
543 683 655 749 deerat
683 694 912 750 consternatae
934 683 1128 749 multitudini
1151 685 1277 750 furialis
1299 687 1356 752 fax
1378 689 1434 751 tri·

208 788 350 865 bunicia,
375 811 458 878 quae
482 792 695 857 temeritatem
720 795 789 857 eius
814 804 845 856 et
867 803 1014 857 ruentem
1036 792 1243 856 comitaretur
1263 804 1295 856 et
1316 793 1433 880 langu-

210 908 316 961 entem
349 899 531 963 actionibus
561 901 631 964 suis
659 899 885 965 inflammaret.
936 896 974 963 ln
1000 897 1064 963 hoe
1092 898 1282 965 miserando
1312 901 1434 985 pariter

209 1016 305 1091 atque
330 1005 553 1070 erubescendo
577 1016 664 1071 statu
680 1008 818 1071 ciuitatis
836 1017 959 1071 tantum
975 1027 1041 1070 non
1057 1007 1209 1070 manibus
1232 1007 1433 1071 tribunorum

187 1128 270 1197 apro
299 1113 415 1175 rostris
447 1111 526 1177 Piso
556 1114 759 1188 conlocatuS,
796 1136 870 1177 cum
897 1112 973 1177 hinc
1008 1124 1104 1199 atque
1132 1112 1219 1177 illinc
1254 1113 1436 1178 ambissent

211 1240 249 1283 ac
267 1218 459 1285 Palicanum
482 1242 556 1284 aem
580 1220 750 1307 suffragiis
775 1220 886 1306 populi
909 1220 1077 1285 consulem
1102 1232 1247 1284 creatum
1269 1222 1434 1285 renuntia·

211 1338 300 1389 turus
330 1338 420 1390 esset
446 1328 718 1415 interrogaretur,
751 1328 856 1412 primo
889 1327 1059 1412 respondit
1086 1348 1152 1391 non
1181 1329 1366 1393 existimare
1395 1348 1433 1392 se

211 1434 307 1496 tantis
340 1434 481 1498 tenebris
511 1434 656 1499 offusam
684 1456 759 1499 esse
787 1456 858 1497 rem
884 1434 1049 1519 publicam
1078 1445 1112 1497 ut
1138 1434 1203 1498 huc
1230 1435 1433 1522 indignitatis

209 1540 384 1603 ueniretur.
418 1538 545 1604 Deinde
563 1562 634 1605 cum
652 1552 902 1628 perseueranter
915 1540 1075 1604 instarent
1098 1562 1137 1605 ac
1159 1541 1315 1616 dicerent,
1338 1541 1433 1629 ‘Aga

175 1670 202 1714 ιο
212 1648 240 1711 si
262 1656 396 1710 uentum
427 1645 555 1710 fuerit'?
590 1647 676 1711 ‘Non
705 1646 922 1724 renuntiabo',
950 1648 1066 1733 inquit.
1113 1648 1187 1729 Quo
1211 1648 1343 1734 quidem
1366 1660 1434 1713 tam

211 1752 343 1818 absciso
365 1774 528 1840 responso
553 1756 757 1820 consulatum
780 1753 937 1819 Palicano
967 1755 1058 1841 prius
1082 1777 1182 1841 quarn
1211 1755 1301 1819 illum
1330 1755 1433 1841 adipi·

211 1876 355 1927 secratur
385 1862 509 1945 eripuit.
557 1860 660 1927 Multa
683 1874 714 1926 et
737 1862 893 1926 terribilia
914 1859 993 1926 Piso
1017 1865 1227 1949 contempsit,
1257 1863 1334 1929 dum
1358 1882 1433 1949 spe·

211 1968 337 2034 ciosum
360 1969 478 2033 mentis
503 1990 583 2033 suae
609 1968 691 2032 flecti
714 1991 780 2033 non
802 1967 872 2032 uolt
893 1970 1046 2055 rigorem.
1077 1986 1104 2066 st

257 2157 260 2165 .
298 2074 448 2139 Metellus
473 2085 579 2139 autern
604 2075 795 2140 Numidicus
825 2086 956 2159 propter
978 2078 1148 2141 consimile
1171 2075 1475 2165 perseuerantiae4.

175 2204 201 2250 ts
212 2202 317 2269 genus
341 2184 468 2266 excepit
490 2204 620 2269 quoque
642 2181 813 2268 indignam
836 2182 1010 2246 maiestate
1034 2204 1071 2247 ac
1094 2184 1241 2250 moribus
1265 2187 1336 2251 suis
1359 2208 1434 2272 pro·

211 2288 337 2355 cellam.
407 2288 487 2352 Cum
525 2290 610 2353 enirn
650 2288 923 2352 animaduerteret
958 2311 1023 2375 quo
1045 2289 1226 2370 ¹tenderent
1265 2292 1434 2356 Saturnini

211 2395 329 2461 tribuni
354 2396 457 2482 plebis
481 2396 602 2460 funesti
627 2406 763 2458 conatus
788 2406 974 2481 quantoque
997 2396 1084 2459 malo
1107 2397 1156 2458 rei
1177 2395 1342 2481 publicae,
1370 2396 1435 2460 nisi

209 2502 262 2569 his
287 2515 520 2578 occurreretur,
544 2502 688 2588 erupturi
711 2512 834 2575 essent,
856 2502 1035 2567 inexilium
1060 2522 1159 2587 quam
1181 2502 1216 2565 in
1229 2502 1339 2589 legem
1361 2504 1433 2567 eius

211 2613 259 2677 ire
287 2610 410 2677 maluit.
469 2609 584 2674 Potest
622 2608 739 2694 aliquis
774 2606 837 2670 hoc
871 2610 942 2672 uiro
971 2608 1035 2673 dici
1064 2611 1280 2685 constantior,
1309 2611 1364 2697 qui
1391 2631 1433 2674 ne

173 2721 373 2786 resententia
396 2739 457 2783 sua
480 2717 666 2804 pelleretur,
692 2717 808 2802 patria,
830 2718 866 2781 iu
889 2739 955 2803 qua
978 2739 1141 2781 summum
1165 2717 1333 2804 dignitatis
1358 2739 1433 2806 gra·

212 2827 289 2890 dum
313 2824 488 2912 optinebat,
512 2847 622 2888 carere
647 2824 823 2890 sustinuit?

302 2933 452 2996 Ceterum
475 2944 510 2994 ut
532 2932 697 2996 neminem
721 2933 751 2995 ci
773 2930 996 3018 praetulerim,
1019 2934 1066 2996 ita
1089 2932 1130 3012 1,).
1154 2931 1351 2998 Scaeuolam
1374 2956 1433 2998 au·
1444 2927 1474 2993 5.

212 3061 328 3127 gurern
350 3038 464 3102 merito
486 3039 747 3124 conparauerim.
791 3038 960 3124 Dispulsis
975 3039 1212 3125 prostratisque
1226 3028 1435 3107 inimicorum

210 3145 362 3232 partibus'
394 3145 486 3232 Sylla
527 3157 688 3231 occupata
725 3145 805 3209 urbe
840 3157 991 3210 senatum
1027 3160 1171 3212 armatus
1206 3167 1361 3236 coegerat
1394 3172 1433 3213 ac

214 3288 238 3342 1.
256 3291 429 3340 multitudinis
450 3286 480 3340 Γ.
492 3288 506 3356 Η
517 3288 574 3353 fax]
595 3285 657 3339 add.
675 3290 798 3352 potestas
817 3287 848 3342 Γ.
864 3294 876 3353 ll
890 3292 1026 3340 tribunitia
1037 3288 1091 3350 (Α.)
1101 3289 1115 3356 ΙΙ
1126 3286 1152 3340 3.
1169 3293 1321 3356 pariterque
1339 3288 1368 3342 F.
1387 3308 1434 3355 pa·

119 3389 124 3398 ·
211 3363 275 3412 riter
294 3363 321 3410 et
340 3358 416 3411 Torr.
428 3355 478 3424 114.
498 3361 598 3408 tantum
618 3357 682 3424 non]
702 3361 884 3410 tantummodo
903 3360 931 3413 F.
947 3359 998 3428 115.
1019 3378 1041 3411 c.
1056 3364 1116 3426 piso
1130 3360 1160 3415 Γ.
1174 3365 1187 3429 ss
1201 3362 1283 3428 illinc]
1298 3358 1359 3412 adet
1374 3377 1433 3412 eum

211 3431 239 3484 Ε
244 3429 350 3484 F'lbrr.
364 3427 376 3498 ΙΙ
391 3431 523 3479 abiissent
535 3427 566 3482 F.
579 3427 629 3496 116.
642 3429 685 3495 ec]
701 3446 736 3480 en
749 3445 819 3482 corr.
828 3429 860 3481 Α.
876 3435 949 3483 etan
962 3429 1100 3486 EFTorr.
1116 3431 1127 3500 ΙΙ
1141 3435 1298 3501 paliganum
1310 3429 1434 3484 ABCD.

211 3503 373 3567 pellicanum
391 3499 422 3551 F.
441 3501 631 3567 poligonumne
649 3498 681 3550 Γ.
693 3500 707 3569 ΙΙ
718 3502 791 3567 num]
812 3517 861 3551 em.
879 3501 1061 3556 ABGDDF
1065 3501 1091 3555 Γ
1097 3503 1173 3555 Terr.
1188 3504 1201 3572 ΙΙ
1220 3502 1351 3568 creatum]
1372 3498 1435 3555 add.

212 3589 247 3624 an
266 3569 353 3638 Bon
370 3570 394 3622 7.
413 3571 510 3636 primo]
535 3573 621 3634 patrio
639 3569 679 3628 B,
704 3574 802 3636 populo
821 3570 876 3639 ΕΗ
893 3571 918 3626 8.
938 3577 1052 3626 effusam
1069 3573 1099 3628 F.
1114 3573 1126 3643 ΙΙ
1145 3575 1188 3624 hic
1206 3575 1351 3642 indignatis
1370 3571 1424 3641 1111

214 3643 256 3696 11.
274 3645 402 3712 paligano
421 3639 486 3694 DF.
505 3643 639 3705 pellicano
656 3639 685 3692 F.
698 3641 711 3710 ΙΙ
722 3645 786 3692 illud
805 3641 833 3694 F.
854 3659 930 3694 usum
949 3643 986 3697 D.
1001 3642 1014 3712 ss
1034 3641 1075 3698 12
1094 3649 1181 3698 Multa
1198 3647 1367 3713 -rigorem
1386 3659 1435 3694 om.

211 3713 243 3767 Γ.
261 3713 274 3782 ΙΙ
294 3709 334 3766 ld.
353 3715 406 3765 fleti
426 3727 469 3782 pr.
488 3711 519 3764 A.
538 3712 551 3779 ΙΙ
569 3711 633 3778 uolt]
653 3712 693 3762 sic
710 3709 742 3763 A.
768 3713 823 3762 uult
841 3712 938 3782 reliqui
955 3720 981 3767 et
1000 3714 1077 3769 Fert.
1093 3717 1106 3787 ΙΙ
1126 3714 1166 3770 14.
1189 3720 1348 3782 propter-
1366 3711 1435 3780 (tt.)

212 3785 293 3853 enim]
313 3803 372 3836 curn
391 3783 423 3838 Γ.
435 3783 448 3850 ΙΙ
463 3777 502 3834 15.
521 3797 626 3848 quoque
645 3798 694 3833 om.
712 3781 921 3906 D·¹lJ¹¹¹²le⁸l⁸¹l
939 3783 967 3838 F.
980 3788 993 3856 ΙΙ
1008 3784 1047 3839 17.
1057 3790 1154 3841 tribuni
1164 3788 1263 3854 plebis]
1285 3781 1319 3840 tr‘.
1329 3801 1355 3850 p.
1365 3785 1397 3839 A.

212 3862 363 3924 quantaque
382 3855 418 3908 D.
431 3856 494 3923 11τοί
512 3854 647 3921 publicae]
666 3871 693 3919 p.
712 3871 733 3905 r.
777 3893 783 3907 .
804 3853 816 3926 ΙΙ
840 3851 880 3907 lii.
898 3859 991 3909 Potest
1007 3889 1042 3898 —
1061 3857 1128 3925 (21.)
1147 3861 1273 3911 sustinuit
1296 3875 1345 3909 em.
1366 3856 1397 3911 Γ.

210 3925 254 3980 22.
274 3932 396 3980 Ceterum
415 3955 450 3964 —
468 3920 535 3994 (23.)
555 3927 757 3990 conparauerim
775 3943 825 3980 om.
844 3925 870 3979 F
869 3963 876 3977 .
888 3927 902 3996 ΙΙ
914 3930 939 3979 ei
955 3933 1087 3982 nominem
1106 3928 1234 4002 111124.
1258 3935 1370 3982 senatus
1392 3947 1434 3981 ar·

209 4003 310 4051 matum
328 3997 354 4050 B
371 4003 397 4049 ct
408 4013 453 4066 pr.
476 3995 504 4050 0.

211 4126 294 4174 totam
313 4125 386 4175 illam
406 4121 580 4180 sententiam.
606 4138 660 4184 qua
679 4139 783 4173 nouem
800 4125 914 4176 iniuriae
939 4141 1026 4194 genus
1043 4129 1126 4193 priori
1142 4129 1300 4182 annectitur.
1342 4129 1433 4195 Ipsum

211 4197 274 4248 illud
294 4198 434 4262 archetypi
452 4195 585 4252 mendum,
605 4209 656 4260 quo
675 4193 801 4260 mayaco
819 4195 932 4263 equitum
949 4199 1065 4262 positum
1078 4203 1128 4260 est,
1149 4201 1287 4252 confirmat
1298 4216 1359 4252 eam
1372 4213 1433 4266 par·

210 4269 326 4328 ticulum,
346 4283 415 4334 quae
434 4265 540 4318 errandi
559 4279 669 4315 causam
687 4269 817 4330 praebuit.

282 4333 307 4392 3.
333 4353 365 4388 ac
387 4335 550 4396 Palicanum)
574 4337 710 4386 Omissarn
734 4340 762 4388 iu
785 4339 876 4389 codice
901 4341 1050 4407 archetypo
1074 4343 1255 4414 interrogandi
1269 4343 1434 4409 particulam

211 4411 256 4461 alli
275 4411 353 4460 aliter
372 4424 387 4459 e
406 4408 557 4458 coniectura
575 4409 774 4470 suppleuerunt.
811 4411 940 4473 Equidem
958 4427 1018 4463 aem
1036 4415 1136 4466 inserui
1156 4432 1188 4466 ee
1207 4417 1279 4472 ioco,
1299 4415 1343 4464 ubl
1363 4414 1434 4462 exci-

211 4483 286 4532 disse
305 4497 364 4531 cum
383 4483 499 4529 maxime
519 4477 644 4528 credibile
664 4481 714 4531 est.
752 4480 835 4531 Paulo
855 4485 917 4533 ante
935 4485 1023 4534 delcui
1039 4501 1186 4550 pronomen
1205 4501 1277 4539 mm.
1298 4485 1367 4551 quod
1386 4484 1433 4533 mi·

210 4553 281 4603 nime
306 4553 489 4604 necessarlum
520 4565 536 4600 e
561 4551 737 4600 deterioribus
766 4553 868 4603 tantum
899 4555 1035 4605 codicibus
1057 4559 1193 4620 receptum
1218 4549 1285 4607 e'rat.
1333 4556 1374 4606 De
1396 4556 1433 4608 Μ.

209 4625 298 4674 Lollio
316 4623 443 4673 Palicano
463 4623 497 4671 ct'.
516 4622 567 4671 Cic.
587 4621 659 4673 Brut.
678 4617 722 4682 62.
740 4617 802 4675 1423.
820 4625 855 4676 id.
874 4625 950 4677 Verr.
968 4627 1001 4685 11,
1021 4623 1064 4688 41,
1086 4625 1144 4678 100.
1162 4626 1379 4678 Pseudo-decen.
1399 4629 1434 4677 ad

210 4696 286 4750 Verr.
306 4697 357 4745 act.
376 4695 389 4743 1
407 4693 433 4756 s.
452 4689 487 4744 45
504 4709 532 4757 p.
553 4687 612 4742 148.
631 4695 713 4744 Orell.

281 4761 307 4822 4.
326 4766 365 4822 Cf.
384 4765 437 4818 Cic.
454 4781 504 4834 pro
522 4765 599 4816 Balb.
618 4759 649 4829 5,
671 4760 712 4820 ll.
734 4767 770 4819 id.
787 4781 837 4834 pro
855 4766 927 4824 Seat
945 4765 994 4833 41,
1015 4765 1074 4824 lot.
1097 4769 1156 4823 Liu.
1176 4772 1239 4841 epit.
1256 4772 1315 4827 hur.
1333 4771 1433 4828 LXIX.
