3409 5400
444 494 528 563 LIB.
550 494 595 573 V,
619 494 657 561 G.
679 496 712 573 1,
734 494 805 564 tiit
830 504 861 573 5.
886 496 1012 565 6-0.
1036 496 1068 575 ὅ,
1091 505 1122 574 i·
1146 500 1176 566 1.
1357 500 1422 568 131

289 658 416 723 Eadem
440 660 560 724 caritas
583 656 695 723 Italico
719 656 804 722 bello
820 656 1022 723 Pinnensem
1038 660 1202 734 iuuenem,
1225 661 1279 723 cui
1293 659 1424 726 Pultoni
1434 662 1464 730 7.

202 772 272 829 erat
294 784 490 853 cognomen,
514 774 602 829 tanto
627 764 728 829 animi
751 766 964 853 corporisque
986 764 1105 829 robore
1121 767 1271 840 armauit,
1292 776 1329 830 ut
1350 789 1425 833 cum

201 871 363 937 obsessae
384 872 476 937 urbis
498 893 582 937 suae
605 870 755 937 claustris
779 872 984 958 praesideret
1007 882 1039 936 et
1059 872 1232 937 Romanus
1247 872 1425 959 imperator

202 989 328 1066 patrem
351 980 422 1045 eius
446 980 611 1067 captiuum
638 978 673 1043 iu
697 988 876 1064 conspectu
903 979 1008 1065 ipsius
1030 981 1241 1045 constitutum
1263 978 1426 1044 destrictis

178 1086 339 1155 smilitum
362 1086 482 1175 gladiis
505 1084 793 1163 circumdedisset,
816 1087 1003 1151 occisurum
1024 1108 1062 1153 se
1084 1086 1258 1162 minitans,
1286 1088 1354 1151 nisi
1375 1088 1425 1151 in·

202 1194 344 1280 ruptioui
367 1214 450 1258 suae
470 1194 531 1257 iter
552 1192 775 1279 praebuisset,
798 1192 890 1258 solus
914 1216 932 1258 e
955 1194 1110 1259 manibus
1134 1214 1248 1259 senem
1269 1195 1426 1281 rapuerit,

203 1299 322 1387 duplici
343 1300 463 1385 pietate
483 1299 729 1377 memorandus,
754 1300 843 1388 quod
866 1310 899 1364 et
920 1301 1022 1386 patris
1045 1310 1196 1367 seruator
1216 1323 1278 1366 nec
1300 1303 1425 1388 patriae

202 1407 263 1471 fnit
283 1406 440 1493 proditor.

708 1605 921 1621 —

292 1938 385 2007 Hauc
420 1942 588 2007 caritatem
621 1942 789 2026 proximus
823 1942 987 2007 fraternae
1022 1942 1261 2009 beniuolentiae
1299 1942 1424 2031 gradus
1435 1944 1478 2013 V.

167 2049 331 2136 reexcipit.
377 2047 464 2113 Nam
486 2060 521 2113 ut
543 2048 658 2113 merito
687 2048 828 2134 primum
853 2050 977 2112 amoris
1005 2050 1171 2114 uinculum
1198 2049 1324 2115 ducitur
1353 2050 1426 2138 plu·

203 2157 288 2221 rima
310 2164 342 2220 et
363 2156 507 2221 maxima
528 2155 691 2221 beneficia
712 2154 894 2239 accepisse,
916 2155 963 2219 ita
976 2158 1161 2241 proximum
1176 2156 1315 2223 iudicari
1330 2157 1426 2223 debet

204 2261 302 2329 simul
324 2263 504 2348 accepisse.
553 2261 661 2341 Quam
685 2263 842 2349 copiosae
866 2262 953 2326 enim
970 2263 1140 2328 suauitatis
1163 2263 1219 2328 illa
1241 2264 1427 2329 recordatio

204 2369 266 2435 est!
289 2367 327 2433 In
351 2368 467 2433 eodem
491 2366 655 2433 domicilio
680 2377 857 2455 antequam
879 2387 1036 2431 nascerer
1057 2368 1219 2445 habitaui;
1249 2371 1284 2435 in
1307 2368 1426 2435 iisdem

203 2475 408 2541 incunabulis
432 2474 587 2540 infantiae
611 2474 905 2561 temporafperegi3
930 2472 1064 2539 eosdem
1082 2474 1244 2562 appellaui
1258 2486 1426 2563 parentes3

167 2584 320 2649 troadem
344 2603 404 2667 pro
426 2603 480 2647 me
502 2592 581 2647 uota
604 2580 840 2655 excubuerunt3
863 2600 977 2666 parem
992 2601 1032 2646 ex
1051 2583 1213 2648 maiorum
1227 2583 1427 2672 imaginibus

205 2688 344 2778 gloriam
369 2690 461 2756 traxi.
509 2688 595 2755 Cura
619 2699 669 2753 est
691 2710 781 2765 uxor,
806 2687 919 2756 dulces
942 2690 1050 2767 liberi,
1077 2690 1211 2757 iucundi
1235 2692 1347 2768 amici,
1370 2713 1426 2757 ac-

204 2799 290 2883 cepti
319 2795 465 2872 adiines,
494 2797 555 2862 sed
584 2807 702 2884 postea
729 2798 870 2886 coguitis
901 2797 992 2864 nulla
1019 2797 1243 2865 beniuolentia
1269 2799 1427 2864 accedere

204 2904 309 2981 debet,
333 2924 418 2992 quae
439 2905 584 2989 priorem
608 2903 787 2970 exhauriat.

292 3011 400 3098 Atque
435 3009 518 3077 haec
555 3022 637 3076 teste
665 3011 823 3096 Scipione
850 3011 1009 3094 Africano
1039 3011 1176 3100 loquor,
1210 3015 1269 3100 qui
1296 3014 1427 3080 mmetsi
1438 3018 1468 3083 1.

165 3119 370 3185 inertissima
392 3118 612 3184 familiaritate
635 3116 748 3183 Laelio
772 3120 901 3184 iunctus
924 3131 1003 3196 erat,
1026 3132 1170 3187 attamen
1182 3133 1333 3187 senatum
1349 3142 1426 3206 sup·

204 3224 279 3310 plex
301 3227 407 3289 orauit
429 3247 471 3290 uc
494 3225 684 3311 prouinciae
708 3247 782 3290 sors
805 3227 898 3292 fratri
920 3249 982 3293 suo
1011 3239 1124 3314 erepta
1151 3225 1194 3292 ad
1222 3249 1298 3293 eum
1321 3239 1426 3292 trans-

204 3331 356 3406 ferretur,
386 3331 593 3420 legatumque
618 3351 655 3396 se
679 3330 716 3398 L.
746 3331 894 3418 Scipioni
923 3334 961 3412 iu
986 3333 1104 3398 Asiam
1131 3335 1250 3399 itumm
1278 3333 1429 3420 promisit

208 3508 232 3562 1.
242 3511 334 3575 pulton
343 3506 372 3563 F.
387 3510 489 3575 plutoni
498 3505 530 3561 Γ.
542 3505 555 3576 ΙΙ
567 3505 592 3561 2.
605 3513 633 3558 ut
650 3535 663 3561 ο
678 3535 690 3562 ι
706 3525 764 3560 cum
774 3505 806 3560 Δ.
824 3515 852 3561 ut
862 3525 923 3561 euru
939 3526 999 3560 cum
1008 3507 1046 3560 D.
1057 3507 1071 3576 ΙΙ
1081 3507 1108 3563 3.
1124 3509 1162 3577 et]
1176 3536 1189 3564 ο
1202 3507 1234 3564 A.
1246 3509 1260 3578 ΙΙ
1270 3510 1426 3577 imperator]

206 3577 268 3634 add.
284 3583 312 3632 el
325 3595 394 3632 corr.
410 3579 442 3632 Α.
458 3577 472 3646 ΙΙ
484 3577 509 3631 4.
524 3578 621 3644 ipsius]
638 3582 696 3631 eius
710 3575 776 3631 EF.
788 3576 801 3646 ΙΙ
814 3582 941 3631 districtis
955 3577 1051 3634 DFI‘.
1063 3575 1113 3650 1Ιὸ.
1129 3582 1286 3646 inruptionis
1299 3580 1333 3638 Α,
1351 3579 1400 3634 ted
1412 3596 1428 3632 s

201 3657 301 3721 msc
310 3657 390 3706 notat.
403 3651 416 3720 ΙΙ
428 3649 453 3704 l.
472 3650 556 3717 quod]
576 3651 639 3716 quia
647 3647 682 3702 Ε.
694 3647 707 3716 ΙΙ
719 3647 744 3702 8.
763 3649 821 3715 fuit]
837 3657 901 3718 post
918 3653 1036 3715 proditor
1044 3648 1077 3704 Γ.
1095 3653 1174 3704 fuerit
1193 3650 1271 3704 Torri
1268 3652 1296 3778 ,fl
1306 3649 1332 3708 9.
1351 3655 1428 3704 lianc

207 3722 358 3790 caritatem]
373 3721 547 3791 praemittunt
557 3719 659 3772 titutum
676 3719 753 3772 tuuc
771 3717 868 3787 cepitis
884 3723 925 3773 De
935 3724 1220 3792 pietateergatratres
1234 3721 1263 3774 D
1293 3764 1301 3778 .
1318 3726 1360 3777 De
1371 3728 1427 3790 pie·

206 3798 263 3848 tate
287 3811 356 3864 erga
378 3796 474 3846 fratres
498 3794 618 3844 secunda
640 3807 704 3859 pars
723 3789 760 3844 F..
783 3792 829 3842 Di}
849 3794 1120 3846 BENEVOLENTIA
1144 3793 1329 3848 FRATERNA
1349 3795 1428 3852 Torr.

206 3861 248 3930 Cf.
262 3863 353 3934 precs.
369 3881 398 3934 p.
416 3861 540 3929 921119.
560 3863 664 3928 excepit
684 3862 712 3916 C.
727 3859 740 3934 ΙΙ
756 3865 783 3914 ut
800 3877 849 3914 om.
868 3861 900 3917 Γ.
912 3863 926 3932 ΙΙ
942 3861 981 3916 11.
1000 3867 1138 3932 recepisse
1149 3862 1204 3932 ΕΗ
1218 3864 1259 3920 12.
1278 3869 1347 3919 cuim
1363 3883 1426 3921 sua-

207 3937 308 4004 uitatis]
328 3939 386 3988 eius
406 3937 525 3988 cnritrttie
543 3932 575 3987 F.
586 3933 600 4003 11
614 3929 655 3988 13.
674 3935 830 3986 nasceretur
848 3931 881 3986 F.
895 3937 907 3998 ΙΙ
922 3937 1035 3988 hiisdem
1054 3935 1083 3987 is
1100 3951 1197 3989 rasura
1213 3934 1252 3990 D.
1270 3940 1375 3991 hisdem
1394 3937 1426 3994 Γ.

217 4004 285 4076 1114.
305 4009 443 4060 cunabulis
462 4004 488 4059 F
504 4011 529 4058 et
546 4003 575 4058 ia
592 4021 688 4058 rasura
705 4003 742 4058 D.
754 4004 767 4073 Η
780 4009 902 4070 tempora
919 4009 1048 4058 infantiae
1060 4004 1090 4060 F.
1101 4007 1115 4076 ΙΙ
1128 4005 1170 4061 15.
1188 4013 1291 4073 patrem
1302 4007 1332 4062 0.
1343 4011 1357 4079 ΙΙ
1369 4027 1385 4062 e
1396 4009 1426 4063 F.

218 4079 232 4148 ΙΙ
243 4081 370 4132 maiorem
384 4093 430 4148 pr.
442 4076 474 4130 Α.
485 4076 499 4147 ΙΙ
514 4073 553 4129 lli.
567 4079 635 4128 traxi
673 4077 767 4129 loriam
775 4074 814 4129 D.
825 4075 840 4149 ΙΙ
855 4080 960 4134 iocundi
978 4075 1073 4133 EFP.
1088 4077 1103 4146 ΙΙ
1117 4076 1157 4132 li.
1175 4081 1299 4134 accidere
1316 4081 1429 4134 micuit

205 4148 367 4202 Perizonius.
377 4149 392 4219 ΙΙ
407 4145 446 4202 19.
465 4150 516 4200 hoc
537 4145 613 4202 Tcrr.
626 4094 693 4215 1120.
713 4149 860 4215 ctissime]
876 4155 940 4216 post
957 4151 1138 4202 familiaritate
1155 4147 1186 4202 F.
1206 4154 1349 4204 rarissima
1363 4153 1427 4207 Per.

217 4220 332 4289 litamen
350 4221 413 4275 Pur.
433 4225 459 4272 ei
474 4233 544 4273 corr.
562 4217 594 4272 A.
606 4219 620 4286 ΙΙ
630 4216 673 4272 21.
693 4234 754 4271 sors
772 4222 928 4285 prouinciae
944 4217 976 4273 F.
988 4219 1002 4289 ΙΙ
1012 4222 1218 4276 misereretur
1234 4221 1426 4295 1111221110-

205 4293 288 4362 misit]
308 4289 370 4345 add.
388 4295 409 4348 1.
427 4293 457 4344 P.
475 4291 627 4358 repromisit
643 4305 733 4358 murco
751 4289 784 4342 Δ.
964 4286 971 4298 “

277 4450 301 4505 7.
320 4452 474 4507 mom
491 4451 620 4519 icum)
644 4453 793 4506 Pinnenses
817 4469 924 4506 summ
947 4455 1149 4506 constantiam
1172 4455 1226 4505 tide
1246 4453 1428 4506 Romanorum

204 4525 391 4588 permansisse
409 4529 438 4577 et
454 4541 489 4578 ne
506 4526 600 4576 liberis
618 4527 724 4589 quidem
744 4527 801 4576 suis
824 4530 889 4578 ante
910 4528 1018 4578 moenia
1038 4527 1157 4590 mserum
1175 4525 1306 4576 uiolenter
1322 4527 1427 4577 matis

206 4599 369 4650 commoneri
389 4599 511 4661 peciisse
530 4601 559 4648 ut
581 4599 617 4648 ed
641 4599 737 4648 socios·
756 4598 952 4656 desciscerent,
975 4599 1065 4650 retulit
1087 4597 1221 4647 Diodorus
1244 4611 1301 4648 exc.
1325 4597 1427 4648 Vateetl
1537 4617 1546 4628 =

204 4681 231 4734 ρ.
246 4664 312 4722 tlt.
329 4669 383 4722 uol.
402 4670 437 4730 u,
453 4670 483 4723 Ρ.
500 4665 526 4726 2.
545 4684 571 4732 p.
592 4663 651 4720 159.
670 4671 697 4720 et
709 4683 766 4721 exc.
779 4669 839 4722 vat.
858 4685 883 4733 pr
903 4666 958 4721 129
972 4670 1038 4722 Mal.
1050 4683 1093 4732 ap.
1105 4667 1183 4720 iilud.
1196 4668 1248 4720 rol.
1262 4668 1307 4727 111,
1325 4683 1352 4732 p.
1367 4662 1426 4721 tta

277 4741 310 4803 V,
331 4736 354 4794 1.
374 4740 413 4794 Cf.
431 4741 490 4794 liu.
508 4739 646 4802 xxxvii,
666 4737 691 4794 l.
709 4741 763 4794 cte.
781 4739 848 4794 Phil.
867 4740 915 4802 111,
934 4739 961 4801 1,
980 4737 1022 4794 11.
1040 4734 1323 4795 succrescunt
1337 4743 1366 4792 et
1382 4735 1428 4795 Di.
