3409 5400
237 368 302 437 tte
324 360 584 433 permutor.
599 350 1034 443 ovrontrmuroer.
1048 349 1169 424 mm
1183 330 1435 417 rvinnvur.

237 528 411 619 penatibus
436 524 538 591 siluas
562 534 594 587 ot
616 521 777 587 alimentis
800 517 954 583 blandius
977 518 1100 581 ferrum
1127 536 1166 579 ac
1192 512 1307 579 mortis
1330 510 1465 577 oblatae

241 658 339 725 quam
363 633 460 699 datae
483 632 570 697 uitae
593 629 721 695 felicius
744 622 957 691 beneiieium!

744 928 957 949 m

191 1278 233 1345 X.
337 1274 608 1341 Commemoratis
632 1274 795 1361 patribus,
826 1274 882 1361 qui
908 1273 1045 1338 iniurias
1069 1271 1207 1337 liliorum
1231 1271 1391 1356 patienter
1414 1289 1471 1333 ex·

246 1392 414 1471 oeperunt,
437 1380 618 1445 referemus
643 1402 718 1457 eos,
746 1381 802 1467 qui
825 1391 948 1445 mortes
972 1401 1078 1466 aequo
1103 1378 1213 1443 animo
1237 1376 1424 1442 tolerarunt.

244 1561 303 1629 DII
318 1556 611 1633 PARENTIBVS,
627 1554 706 1639 QVI
722 1554 893 1621 OBITVM
908 1554 1171 1621 LIBERORVM
1182 1551 1312 1621 FORTI
1325 1552 1497 1618 ANIMOr

733 1662 982 1729 TVLERVNT.

204 1818 236 1883 1,
335 1805 492 1871 Horatius
521 1802 698 1882 Puluillus,
727 1826 800 1869 eum
829 1808 863 1869 in
891 1804 1051 1892 Capitolio
1078 1802 1149 1870 loui
1178 1805 1300 1891 optimo
1326 1803 1471 1867 maximo

249 1912 366 1979 aedem
395 1912 543 1999 pontifex
569 1912 735 1977 dedicaret
767 1914 913 1998 interque
952 1912 1226 1998 nuncupationem
1263 1908 1471 1974 sollemnium

248 2020 424 2085 uerborum
452 2029 581 2107 postem
616 2030 731 2083 tenens
760 2029 922 2082 mortuum
954 2039 1030 2081 esse
1059 2018 1158 2083 filium
1188 2039 1282 2081 suum
1312 2014 1472 2088 audisset,

249 2146 355 2214 neque
378 2145 513 2191 manum
538 2136 673 2213 aposto
696 2126 844 2200 remouit,
867 2146 909 2187 ne
933 2124 1013 2188 tanti
1035 2121 1145 2209 templi
1162 2122 1400 2186 dedicationem
1422 2122 1512 2185 in-ro

249 2242 479 2319 terrumperet,
503 2252 610 2318 neque
633 2229 757 2295 uultum
781 2253 802 2295 a
823 2230 956 2317 publiea
977 2230 1137 2317 religione
1161 2229 1204 2294 ad
1227 2230 1388 2316 priostum
1412 2227 1473 2291 do·

248 2341 353 2407 lorem
384 2338 527 2416 deflexit,
559 2360 601 2403 ne
632 2340 732 2425 patris
764 2339 873 2425 magis
903 2358 1001 2424 quam
1031 2336 1191 2422 pontilicis
1220 2345 1330 2423 partes
1359 2336 1473 2425 egisse

249 2449 427 2514 uideretur.

253 2643 280 2728 1.
298 2642 340 2725 tte]
361 2643 388 2724 et
405 2638 441 2694 it.
452 2639 466 2711 ΙΙ
477 2638 596 2723 oblatae]
607 2644 676 2723 'onte
693 2644 785 2694 mortis
798 2641 833 2695 Ε.
853 2644 961 2695 ablutae
976 2617 1032 2710 Oli
1046 2633 1071 2690 11.
1083 2639 1316 2733 commemoratis]
1334 2635 1479 2691 Praemisit

253 2711 1264 2852 1111111111μῶ,111111111111111111111111
1277 2711 1477 2835 iiiii.

253 2855 375 2923 patribus
394 2851 425 2906 Γ.
437 2853 450 2923 ΙΙ
462 2853 595 2905 OBITVM
616 2854 830 2921 LIBERORVM]
850 2858 962 2907 tiliorum
982 2856 1081 2906 obitum
1093 2852 1121 2906 E
1127 2850 1159 2907 1².
1177 2855 1276 2905 obitum
1286 2854 1398 2905 tiliorum
1411 2851 1477 2906 Pur.

254 2930 367 2979 mortem
387 2926 528 2976 liberorum
547 2922 577 2977 Γ.
590 2925 603 2993 ΙΙ
622 2923 646 2977 1.
666 2927 691 2976 in
710 2941 759 2980 om.
780 2925 864 2979 OEF
887 2933 913 2979 et
924 2941 970 2995 pr.
988 2925 1021 2979 A.
1041 2923 1054 2996 ΙΙ
1072 2919 1098 2978 8.
1122 2925 1252 2992 interque]
1277 2923 1306 2976 itt
1322 2938 1420 2976 resurr
1437 2921 1476 2976 D.

255 2999 335 3062 inque
361 2993 441 3048 cir
463 2999 489 3046 et
506 3009 552 3062 pr.
575 2993 606 3049 Α.
638 2993 673 3048 Vt
689 3011 737 3048 not
754 2997 816 3050 Por.
834 2997 848 3066 ΙΙ
864 2999 1060 3063 nuncupatione
1082 2993 1114 3048 Γ.
1137 2997 1343 3047 nominationem
1365 2992 1419 3061 1¹¹.ss
1433 2992 1477 3048 10.

255 3067 354 3135 neque]
374 3082 425 3118 neo
443 3063 471 3119 C.
485 3062 498 3138 ΙΙ
515 3062 555 3118 12.
573 3068 675 3118 reflexii
692 3065 720 3121 F.
732 3065 746 3136 ΙΙ
758 3071 846 3139 mrgts
865 3071 951 3134 petrIs
970 3066 1027 3136 1⁸.ss
1040 3063 1081 3121 13.
1100 3066 1245 3135 uideretur]
1261 3063 1324 3119 odd.
1337 3066 1357 3120 I.
1370 3066 1399 3117 P.
1410 3066 1476 3117 tolle

255 3139 340 3203 inquii
358 3141 473 3190 esdauer
490 3152 580 3206 margo
600 3135 629 3188 A.

256 3335 311 3371 non
328 3319 426 3383 potest.
467 3318 561 3380 rmore
579 3331 633 3368 nou
650 3319 721 3369 meio
745 3334 762 3370 e
781 3320 965 3387 grammaticis
985 3333 1018 3370 ex
1037 3318 1206 3382 interpolatis
1224 3317 1299 3368 libris
1317 3316 1417 3367 edltum
1433 3317 1479 3367 eet

257 3394 283 3442 et
298 3388 324 3442 ri
341 3395 394 3442 tom
412 3387 554 3456 obsequetur
571 3402 607 3446 er,
625 3393 654 3440 rt
670 3387 719 3441 hoe
735 3387 844 3456 pretori
853 3389 915 3457 filio
928 3387 1077 3457 permittar.

327 3461 363 3521 X,
384 3458 407 3513 1.
431 3461 470 3511 Gi.
488 3461 548 3512 Liu.
566 3460 599 3522 11,
618 3457 644 3512 8.
668 3463 721 3513 Gir.
741 3477 790 3525 pro
808 3463 878 3512 dom·
897 3458 940 3516 54.
964 3457 1021 3514 liiii.
1044 3462 1113 3512 Piui.
1131 3461 1206 3514 Publ.
1227 3454 1268 3512 11.
1286 3459 1383 3512 Seuer.
1401 3471 1479 3510 eous.

257 3534 291 3582 ud
311 3533 394 3584 Mare.
415 3528 456 3584 13.
474 3531 550 3584 Seru.
569 3533 603 3581 ud
623 3531 688 3584 Aen.
707 3532 754 3590 xi.
772 3525 799 3584 2.
817 3531 974 3597 Symmeeh.
993 3548 1053 3598 epp.
1072 3529 1118 3589 111.
1136 3526 1162 3584 ti.

329 3602 410 3668 :piore
432 3599 577 3660 uideretur)
604 3602 670 3653 Post
699 3605 767 3654 haee
796 3606 880 3654 uerba
903 3604 1014 3672 Pighius
1044 3618 1060 3654 e
1085 3603 1220 3654 eodieitms
1244 3601 1428 3653 wincheim
1451 3603 1480 3652 ei

258 3674 409 3726 Coloniensi
422 3674 562 3724 eddiderat
573 3671 643 3728 tolle.
657 3672 751 3741 inquit.
770 3670 897 3729 tudaoer.
917 3676 1041 3739 opposito
1053 3675 1194 3730 asterisco.
1213 3677 1241 3723 ot
1256 3675 1381 3724 lacunam
1393 3672 1418 3723 si
1440 3673 1478 3723 ni·

257 3747 364 3803 ficeret,
389 3759 469 3809 quem
492 3746 519 3794 in
541 3745 612 3794 huno
636 3745 693 3796 iere
716 3746 823 3796 modum
846 3746 949 3809 expleri
972 3760 1055 3810 posse
1079 3746 1272 3804 abstrabatur,
1296 3741 1384 3810 nilque
1436 3739 1480 3793 ‘d

259 3811 377 3866 udiet'ette
395 3812 525 3882 inceptum
542 3813 593 3866 rite
605 3814 786 3884 pretationem
797 3814 909 3882 peregit.
952 3817 987 3866 tt
1006 3817 1124 3880 protecto
1141 3831 1195 3867 nou
1213 3817 1353 3872 ieeuuruu.
1370 3816 1421 3866 sed
1439 3817 1478 3864 iu·

258 3885 461 3949 terpoieiionem
480 3887 573 3938 notare
586 3887 702 3936 debehat
715 3886 835 3952 Pighius,
854 3887 952 3936 iniiios
970 3888 1077 3938 codices
1095 3901 1111 3938 e
1129 3889 1251 3956 margine
1266 3886 1326 3936 iibri
1337 3886 1479 3943 Denteiini.

257 3957 368 4022 iuhune
386 3958 468 4008 olulii
477 3957 581 4008 Paridis
600 3958 714 4020 epitome
731 3957 900 4008 truusintttm.
936 3957 1013 4008 Parte
1031 3961 1111 4016 enirn.
1130 3973 1190 4009 eum
1208 3960 1235 4009 in
1253 3958 1410 4020 compendio
1428 3971 1479 4007 sno

258 4029 397 4086 scriberet.
416 4042 474 4079 oum
492 4056 527 4066 -
544 4031 671 4078 mortuom
681 4025 769 4094 filium
787 4041 862 4078 munt
879 4025 994 4084 audiret.
1014 4028 1100 4087 ‘tollet
1119 4027 1212 4096 iuquit.
1233 4025 1376 4088 ‘cadaueri
1395 4029 1480 4078 mani·

257 4101 328 4150 festo
348 4101 394 4149 sut
411 4101 514 4150 Liuium
534 4100 643 4150 secutus
662 4099 718 4156 est.
743 4098 818 4148 euius
837 4102 922 4151 uerbo
947 4103 1021 4160 sont,
1046 4097 1121 4153 Nitit
1142 4097 1218 4152 oiittd
1234 4096 1272 4150 od
1288 4114 1345 4151 erte
1362 4096 1480 4151 mete

260 4185 277 4221 a
290 4167 429 4238 proposito
447 4183 557 4222 onerem
574 4183 651 4235 quam
668 4174 697 4221 ot
714 4166 830 4221 ordoeer
848 4169 941 4238 efferri
957 4169 1067 4227 iuberet.
1087 4177 1286 4240 mpoeteet
1300 4169 1480 4238 precationes

255 4239 376 4308 peregit,
396 4243 443 4292 aut
460 4242 541 4291 alium
559 4239 651 4290 neseio
670 4255 748 4303 quern
767 4245 904 4294 auctorem
923 4244 1022 4294 similis
1039 4244 1209 4296 referentem.
1248 4243 1289 4293 Its
1306 4243 1479 4293 Plutarchus:

258 4307 378 4366 territur
394 4307 479 4383 μόνον
499 4307 591 4374 εἰπών,
611 4306 716 4379 Ῥἰψιαε
738 4314 826 4366 τοίνυν
848 4309 893 4366 τὸν
915 4309 1009 4385 νεκρὸν
1031 4309 1090 4368 ὅποι
1111 4313 1248 4380 prditui!-
1282 4313 1395 4366 Fallitur
1413 4328 1479 4382 ergo

259 4381 414 4442 Torrenium
434 4397 493 4433 eum
511 4381 741 4448 interpolationem
761 4385 847 4436 denuo
865 4399 1024 4454 expungens
1042 4386 1161 4436 ediceret
1177 4387 1283 4436 nescire
1306 4399 1339 4435 se
1357 4399 1393 4436 eu
1409 4385 1481 4434 haee

257 4454 297 4502 Its
314 4453 404 4506 efferri
422 4455 458 4505 ab
476 4453 585 4506 Horatio
604 4456 630 4506 in
649 4455 695 4506 tali
714 4456 857 4507 oecesioue
875 4457 1022 4520 potuerint.
1046 4459 1119 4508 certe
1136 4458 1270 4509 neminem
1289 4455 1370 4506 ellum
1388 4469 1424 4505 ert
1439 4455 1479 4506 iiii

258 4523 418 4651 tribppepmt'
432 4524 486 4578 Sed
515 4527 586 4592 quod
617 4528 747 4581 suadente
777 4527 914 4582 Perizonlo
944 4528 1044 4582 delenti
1077 4545 1122 4582 uu.
1155 4525 1216 4582 totio
1238 4525 1325 4598 bonit
1351 4523 1478 4582 udum

258 4607 304 4646 500
359 4609 400 4650 eet
