3409 5400
415 391 420 404 ⁴
476 441 560 510 nm.
583 442 656 524 vn,
681 443 717 511 o.
741 446 773 523 e,
796 455 825 524 r.
849 446 1008 515 e-na.
1032 456 1063 526 t.
1086 450 1116 517 a.
1343 454 1407 521 aar

96 686 98 696 Ι
276 602 487 669 Cretensibus
509 603 591 669 nihil
612 604 676 669 tale
697 606 855 690 praesidii
879 606 1028 681 adfulsit,
1058 611 1115 695 qui
1141 611 1313 679 obsidione
1336 612 1488 682 Me-Iext.
1511 616 1540 681 1.

178 708 251 773 telli
273 710 318 773 ad
340 710 487 776 ultimam
510 711 680 795 penuriam
702 712 853 797 conpulsi
884 736 947 778 sua
969 714 1250 803 iumentorumque
1273 742 1406 785 suorum

96 803 101 814 ¹
179 816 281 881 urina
302 818 401 891 sitim,
425 829 590 881 torserunt
611 818 729 882 iustius
757 818 893 883 dixerim
919 842 1017 906 quam
1049 832 1285 899 sustentarunt,
1320 827 1409 910 quia,

95 920 98 941 ²
180 921 265 986 dum
288 922 377 985 uinci
406 922 534 997 ament,
561 921 595 985 id
622 924 715 1009 passi
743 935 835 999 sunt,
867 924 954 1011 quod
986 946 1044 991 eos
1074 948 1115 991 ne
1144 928 1247 991 uictor
1277 929 1408 1015 quidem

94 1027 97 1035 “
147 1028 253 1112 spati
277 1029 453 1114 coegisset.

274 1132 463 1198 Numantini
480 1144 588 1198 autem
605 1155 627 1197 a
642 1134 796 1220 Scipione
813 1134 900 1200 uallo
917 1149 948 1201 ct
964 1158 1087 1225 aggere
1109 1138 1310 1215 circumdati,
1333 1162 1406 1205 cum
1416 1139 1448 1208 2.

93 1248 96 1326 ζ
180 1238 298 1303 omnia
320 1261 404 1325 quae
428 1239 550 1303 famem
573 1261 685 1303 eorum
709 1238 837 1318 trahere
861 1254 1012 1327 poterant
1034 1244 1334 1329 consumpsissent,
1364 1245 1406 1311 ad

94 1332 103 1376 ⁷
182 1343 332 1410 ultimum
355 1344 574 1411 bumanorum
605 1368 777 1433 corporum
808 1347 949 1433 dapibus
980 1350 1032 1415 usi
1056 1364 1141 1417 sunt.
1201 1350 1408 1437 Quapropter

93 1448 101 1543 Γ
180 1462 282 1536 capta
303 1452 371 1515 iam
394 1452 474 1517 urbe
504 1452 679 1539 conplures
708 1454 830 1517 inuenti
860 1465 936 1519 sunt
964 1467 1054 1521 artus
1084 1468 1115 1521 et
1142 1458 1289 1523 membra
1312 1458 1407 1521 truci·

93 1561 99 1592 r
141 1556 336 1648 sedatorum
359 1578 534 1642 corporum
556 1559 632 1623 sinu
655 1580 716 1623 suo
740 1569 919 1647 gestantes.
965 1560 1064 1627 Nulla
1086 1574 1137 1627 est
1157 1565 1192 1627 in
1213 1562 1268 1628 his
1291 1583 1406 1627 neces·

93 1662 100 1701 ³
181 1665 289 1729 sitatis
323 1666 498 1730 excusatio.
556 1664 642 1729 Nam
670 1665 788 1751 quibus
822 1669 906 1733 mori
932 1666 1019 1733 licuit
1054 1670 1103 1733 sic
1130 1670 1241 1733 uiuere
1268 1688 1406 1735 neeesse

92 1769 99 1809 ¹
180 1792 251 1835 non
273 1770 343 1835 fuit.

92 1878 96 1917 l
271 1876 397 1941 Horum
427 1886 550 1941 trucem
577 1878 790 1961 pertinaciam
819 1879 854 1943 in
881 1880 1046 1945 consimili
1072 1880 1219 1945 facinore
1247 1879 1447 1967 (lungun-3,

180 1986 363 2049 titanorum
386 1982 578 2047 execrabilis
601 1983 753 2067 impietas
777 2006 998 2072 supergressa
1027 2000 1087 2051 est.
1139 1985 1204 2067 Qui
1236 2007 1301 2072 quo
1332 2008 1406 2072 per·

90 2124 94 2174 1
143 2090 389 2155 reseuerantius
412 2087 595 2172 interempti
611 2088 747 2153 Sertorii
768 2090 942 2166 cineribus,
965 2092 1171 2157 obsidionem
1193 2092 1253 2156 Gn.
1270 2093 1406 2180 Pompei

181 2198 395 2269 frustrantes,
423 2193 521 2257 iidem
544 2204 763 2277 praestarent,
794 2197 872 2281 quia
900 2195 1022 2261 nullum
1049 2198 1116 2262 iam
1145 2196 1234 2261 aliud
1261 2200 1296 2262 in
1326 2200 1406 2263 urbe

183 2322 297 2366 eorum
320 2314 490 2385 supererat
512 2299 644 2375 animal,
668 2320 785 2365 uxores
801 2323 882 2365 suas
899 2312 1059 2389 natosque
1083 2302 1241 2367 adesum
1258 2304 1405 2370 nefariae

183 2410 280 2494 dapis
303 2416 477 2470 uerterunt.
531 2403 671 2491 Quoque
699 2405 819 2471 diutius
848 2420 975 2471 armata
1003 2410 1155 2472 iuuentus
1187 2409 1316 2472 uiscera
1343 2430 1406 2475 sua

185 2513 368 2579 uisceribus
392 2512 463 2576 suis
488 2509 597 2586 aleret,
621 2510 770 2576 infelices
794 2511 995 2577 cadauerum
1022 2510 1179 2600 reliquias
1207 2512 1316 2578 sallire
1339 2534 1406 2579 non

89 2644 91 2672 ι
143 2620 351 2686 aodubitauit.
405 2616 457 2682 En
486 2638 585 2704 quam
614 2616 733 2704 aliquis
760 2620 794 2682 in
823 2620 894 2682 acie
925 2616 1106 2683 hortaretur
1139 2630 1173 2681 ut
1206 2640 1265 2704 pro
1301 2619 1405 2684 salute

89 2730 90 2733 ’
184 2728 361 2814 coniugum
385 2735 417 2787 et
438 2723 613 2787 liberorum
635 2725 760 2788 sortiter
782 2723 964 2790 dimicaret!
999 2725 1048 2789 Ex
1063 2724 1127 2790 hoc
1144 2727 1295 2792 nimirum
1310 2725 1405 2792 hoste

185 2845 273 2897 tanto
297 2831 373 2895 duci
394 2851 504 2915 poena
527 2831 636 2916 magis
662 2851 760 2924 quam
784 2833 921 2896 uictoria
949 2829 1090 2917 petenda
1117 2831 1192 2908 fuit,
1223 2834 1301 2920 quia
1329 2832 1404 2920 plne

184 2939 366 3004 uindicatus
397 2935 581 3016 [libertatis]
610 2957 710 3022 quam
738 2938 843 3000 uictus
874 2936 998 3024 gloriae
1026 2936 1154 3002 adferre
1182 2939 1299 3024 potuit,
1330 2960 1405 3004 cum

189 3096 210 3151 1.
229 3100 399 3150 cretensibus
416 3124 452 3136 -
471 3097 595 3154 adfulsit,
615 3095 669 3161 qui]
695 3100 838 3148 Cretenses
860 3093 891 3150 Γ.
911 3094 923 3163 11
942 3097 1124 3164 cretensibus]
1149 3096 1177 3148 ir
1196 3111 1292 3149 rasura
1309 3095 1340 3150 A.
1353 3095 1405 3166 112.

186 3167 315 3233 ultimam]
340 3170 513 3228 ultimamque
532 3180 578 3232 pr.
600 3164 632 3216 A.
658 3167 778 3218 ultimam
802 3182 888 3231 usquo
909 3182 979 3220 corr.
998 3165 1034 3226 Δ,
1060 3165 1137 3220 Torr.
1160 3169 1280 3219 ultimum
1300 3183 1405 3234 quoque

184 3236 241 3299 (red
258 3253 361 3304 quoque
379 3236 407 3286 in
425 3241 532 3290 rasura>
550 3234 587 3287 D.
611 3237 729 3288 ultimum
748 3242 866 3288 ciborum
887 3239 913 3287 et
931 3242 1010 3302 potus
1029 3236 1061 3291 Γ.
1078 3236 1091 3305 11
1108 3239 1263 3304 paenuriam
1283 3251 1353 3290 corr.
1371 3237 1404 3290 A.

196 3306 245 3376 113.
264 3309 310 3358 siti
328 3305 356 3359 F.
368 3307 382 3373 11
394 3308 575 3358 sustentarent
591 3321 637 3372 pr.
654 3307 687 3357 Α.
710 3310 874 3358 suscitarunt
894 3306 922 3360 0.
946 3310 1166 3360 sustentarerunt
1184 3304 1245 3371 1111
1262 3306 1334 3373 quia]
1359 3309 1404 3370 qui

185 3378 227 3431 ael
243 3381 306 3441 quin
324 3375 435 3428 emieat
451 3374 613 3427 Perizonius.
625 3377 639 3443 11
649 3373 675 3426 e.
693 3393 753 3428 cum
772 3380 864 3442 plures
883 3374 911 3428 F.
924 3376 937 3442 11
957 3371 997 3429 13.
1017 3377 1055 3442 iu]
1074 3395 1110 3429 an
1128 3375 1160 3428 F.
1180 3373 1192 3442 11
1212 3376 1404 3445 eattagurglta-

186 3465 278 3502 norum
295 3446 319 3500 A
338 3453 364 3498 et
380 3445 476 3496 litteris
493 3450 521 3514 gi
540 3445 569 3497 in
585 3459 683 3497 rasura
693 3444 731 3498 D.
750 3448 1017 3514 callagorrituuurum
1031 3445 1089 3499 GP.
1108 3447 1160 3496 call
1216 3446 1360 3498 ritanorum
1369 3444 1404 3501 E.

187 3524 415 3572 cabuturtauorum
435 3514 491 3583 1111
508 3515 548 3570 ld.
567 3531 822 3584 superegressapr.
841 3516 873 3568 A.
888 3515 900 3582 11
915 3521 957 3566 ost
974 3531 1023 3568 om.
1041 3514 1066 3569 Γ
1083 3522 1109 3568 et
1122 3531 1167 3582 pr.
1215 3513 1249 3584 ,11
1267 3513 1306 3570 15.
1325 3518 1405 3569 inter·

187 3593 280 3656 emptis
299 3590 388 3641 artorii
408 3585 436 3641 0.
451 3586 464 3658 11
483 3583 521 3640 111.
542 3589 593 3638 tide
611 3584 643 3638 F.
657 3585 669 3652 11
686 3585 728 3638 li.
745 3588 857 3636 heribal
868 3583 900 3638 F.
912 3584 925 3652 11
939 3581 979 3639 13.
999 3585 1142 3639 alerentF.
1154 3584 1222 3652 l120.
1241 3603 1275 3638 en
1288 3603 1405 3650 unquam

186 3676 254 3714 corr.
272 3659 304 3714 A.
323 3675 357 3711 cn
375 3673 454 3724 qucm
475 3657 536 3712 OE.
558 3673 592 3708 cn
610 3659 671 3720 quis
690 3671 805 3722 unquam
822 3653 861 3706 D.
878 3655 1006 3778 ipatiquis
1030 3671 1080 3708 eat.
1098 3655 1135 3709 D.
1155 3657 1166 3727 11
1184 3653 1229 3709 21.
1252 3659 1404 3726 coniugium

187 3751 218 3784 ac
235 3734 376 3784 liberorum
394 3727 426 3780 F.
445 3733 587 3782 liberarem
606 3733 634 3779 et
650 3729 794 3795 coniugum
811 3724 843 3778 Γ.
858 3727 870 3793 11
902 3723 928 3780 3.
947 3727 1088 3796 liberbrtis]
1106 3727 1163 3782 riae
1180 3727 1255 3782 arar
1274 3727 1351 3782 Terr.

255 3876 316 3926 list.
336 3870 359 3924 1.
377 3870 423 3939 qui
440 3869 576 3924 obeam
593 3867 706 3929 Metelle)
728 3869 768 3921 Gi.
786 3869 846 3918 Liu.
865 3869 927 3932 epit.
946 3870 1004 3922 libr.
1023 3870 1116 3922 xcix.
1136 3871 1205 3922 Ftor.
1224 3869 1269 3926 111.
1289 3866 1313 3922 l.

256 3941 292 3996 nd
313 3941 430 3994 ultimum
448 3940 600 4011 partiam)
626 3940 741 3992 Dubium
764 3954 817 3989 non
842 3942 885 3990 ost
909 3941 970 4005 quin
990 3941 1163 4006 archetypum
1182 3942 1320 4004 exemplar
1338 3941 1401 3991 olim

189 4016 335 4068 exhibuerit
352 4012 529 4080 ultimamque.
552 4014 621 4062 adeo
640 4015 668 4062 ut
685 4026 738 4061 non
756 4011 932 4073 improbabile
956 4010 992 4060 sit
1013 4011 1126 4062 iueunae
1151 4013 1365 4076 supplementum
1383 4027 1402 4061 a

189 4093 334 4138 correctore
353 4087 411 4135 iibri
430 4085 575 4136 tiernensis
593 4083 757 4146 propositum
776 4077 812 4132 ad
823 4078 941 4131 enimam
958 4095 1039 4148 euque
1049 4081 1196 4147 penuriam.
1234 4084 1308 4142 Quod
1328 4096 1401 4132 recc-

189 4160 296 4223 pisecm,
315 4157 367 4206 nisi
379 4157 483 4206 Paridis
496 4155 688 4218 compendium,
705 4154 732 4202 in
745 4167 798 4214 quo
811 4152 901 4202 omnia
911 4153 963 4202 boc
976 4153 1035 4202 loeo
1045 4153 1143 4204 Valerii
1155 4156 1239 4204 uerba
1250 4153 1401 4207 seruantur,

189 4231 247 4280 illud
266 4243 318 4278 uon
337 4229 508 4295 agnosceret.
542 4227 598 4276 Res
621 4225 712 4274 manet
735 4224 845 4274 incerte.
888 4223 995 4274 Poterat
1018 4224 1088 4274 enirn
1111 4224 1168 4275 fleri
1193 4227 1221 4274 ut
1243 4224 1402 4287 epitomator

189 4315 264 4350 uurrm
282 4300 334 4348 lroc
352 4301 464 4348 uerbum
481 4300 618 4358 nmquam
636 4309 831 4358 superuacuum
849 4294 990 4344 omitteret.

254 4366 279 4420 2.
298 4370 337 4421 Cf.
357 4369 415 4420 Liu.
435 4370 498 4432 cpit.
516 4369 575 4419 libr.
594 4365 664 4417 nix.
683 4365 753 4417 Flor.
772 4364 805 4423 ll,
827 4360 868 4414 18.
887 4365 954 4428 App.
973 4365 1049 4428 llisp.
1067 4359 1110 4416 116.
1129 4367 1208 4415 Oros.
1227 4363 1259 4421 V,
1279 4361 1304 4414 l.

253 4436 279 4493 3.
298 4441 337 4489 ct.
355 4439 422 4491 sau.
440 4441 503 4490 bist.
522 4440 556 4489 ill
575 4453 619 4500 ap.
643 4431 893 4498 mesenatae.
918 4435 973 4488 lun.
992 4438 1044 4487 sat.
1062 4436 1121 4492 XV,
1139 4431 1183 4486 93.
1208 4435 1287 4486 Oros.
1307 4433 1338 4490 V,
1357 4427 1401 4484 23.

254 4507 403 4562 marcnes
423 4507 576 4576 [libertatis]
595 4521 672 4574 pem
689 4503 775 4557 meter
789 4503 903 4571 plotina)
926 4505 1029 4556 Nemini
1047 4505 1167 4570 proiecto
1185 4504 1335 4555 libertatem
1353 4519 1401 4567 po·

189 4584 272 4632 terent
289 4596 386 4646 parare
406 4581 530 4630 uindicati
548 4581 591 4629 uel
602 4577 686 4641 puniti
700 4578 905 4647 Calagurritani,
924 4593 957 4627 ae
974 4577 1057 4627 multo
1075 4577 1156 4627 etiam
1169 4575 1255 4626 minus
1272 4574 1401 4626 maiorem

189 4655 334 4706 libertatem
351 4652 437 4718 puniti
455 4665 534 4718 quarn
552 4649 665 4719 gloriam
684 4649 755 4700 uicti.
796 4647 960 4717 Argutantur
980 4648 1061 4717 igitur
1083 4647 1191 4712 illepide
1213 4645 1257 4714 qui
1274 4646 1338 4712 poet
1359 4645 1401 4696 Pi·
