<?xml version="1.0" encoding="UTF-8"?>
<!DOCTYPE html PUBLIC "-//W3C//DTD XHTML 1.0 Transitional//EN"
    "http://www.w3.org/TR/xhtml1/DTD/xhtml1-transitional.dtd">
<html xmlns="http://www.w3.org/1999/xhtml" xml:lang="en" lang="en">
 <head>
  <title>
</title>
<meta http-equiv="Content-Type" content="text/html;charset=utf-8" />
  <meta name='ocr-system' content='tesseract 3.04.00' />
  <meta name='ocr-capabilities' content='ocr_page ocr_carea ocr_par ocr_line ocrx_word'/>
</head>
<body>
  <div class='ocr_page' id='page_1' title='image "./valerimaximifac00parigoog_0062.png"; bbox 0 0 3409 5400; ppageno 0'>
   <div class='ocr_carea' id='block_1_1' title="bbox 183 687 1497 3971">
    <p class='ocr_par' dir='ltr' id='par_1_1' title="bbox 183 687 1497 2918">
     <span class='ocr_line' id='line_1_1' title="bbox 187 687 1427 801; baseline 0.021 -45"><span class='ocrx_word' id='word_1_1' title='bbox 187 687 338 780; x_wconf 89' lang='lat' dir='ltr'>denique</span> <span class='ocrx_word' id='word_1_2' title='bbox 368 703 465 780; x_wconf 89' lang='lat' dir='ltr'>atque</span> <span class='ocrx_word' id='word_1_3' title='bbox 493 698 653 762; x_wconf 88' lang='lat' dir='ltr'>coartauit</span> <span class='ocrx_word' id='word_1_4' title='bbox 689 699 781 784; x_wconf 88' lang='lat' dir='ltr'>ipsas</span> <span class='ocrx_word' id='word_1_5' title='bbox 813 720 921 767; x_wconf 90' lang='lat' dir='ltr'>rerum</span> <span class='ocrx_word' id='word_1_6' title='bbox 951 706 1157 773; x_wconf 80' lang='lat' dir='ltr'>narrationes</span> <span class='ocrx_word' id='word_1_7' title='bbox 1187 709 1320 800; x_wconf 78' lang='lat' dir='ltr'>longius</span> <span class='ocrx_word' id='word_1_8' title='bbox 1351 737 1427 801; x_wconf 91' lang='lat' dir='ltr'>pro·</span> 
     </span>
     <span class='ocr_line' id='line_1_2' title="bbox 187 799 1429 907; baseline 0.022 -43"><span class='ocrx_word' id='word_1_9' title='bbox 187 799 313 866; x_wconf 88' lang='lat' dir='ltr'>ductas</span> <span class='ocrx_word' id='word_1_10' title='bbox 336 803 469 866; x_wconf 84' lang='lat' dir='ltr'>retentis</span> <span class='ocrx_word' id='word_1_11' title='bbox 494 813 618 880; x_wconf 87' lang='lat' dir='ltr'>tamen,</span> <span class='ocrx_word' id='word_1_12' title='bbox 652 806 687 870; x_wconf 90' lang='lat' dir='ltr'>in</span> <span class='ocrx_word' id='word_1_13' title='bbox 712 819 868 893; x_wconf 87' lang='lat' dir='ltr'>quantum</span> <span class='ocrx_word' id='word_1_14' title='bbox 891 810 962 873; x_wconf 86' lang='lat' dir='ltr'>fieri</span> <span class='ocrx_word' id='word_1_15' title='bbox 990 813 1110 897; x_wconf 90' lang='lat' dir='ltr'>potuit,</span> <span class='ocrx_word' id='word_1_16' title='bbox 1140 817 1250 883; x_wconf 88' lang='lat' dir='ltr'>uerbis</span> <span class='ocrx_word' id='word_1_17' title='bbox 1280 822 1429 907; x_wconf 89' lang='lat' dir='ltr'>primarii</span> 
     </span>
     <span class='ocr_line' id='line_1_3' title="bbox 186 907 1427 1015; baseline 0.019 -43"><span class='ocrx_word' id='word_1_18' title='bbox 186 909 351 972; x_wconf 85' lang='lat' dir='ltr'>auctoris.</span> <span class='ocrx_word' id='word_1_19' title='bbox 399 907 493 989; x_wconf 85' lang='lat' dir='ltr'>Quae</span> <span class='ocrx_word' id='word_1_20' title='bbox 517 932 590 976; x_wconf 85' lang='lat' dir='ltr'>cum</span> <span class='ocrx_word' id='word_1_21' title='bbox 616 933 855 998; x_wconf 71' lang='lat' dir='ltr'>saepenumero</span> <span class='ocrx_word' id='word_1_22' title='bbox 878 918 998 982; x_wconf 88' lang='lat' dir='ltr'>rectius</span> <span class='ocrx_word' id='word_1_23' title='bbox 1014 917 1069 984; x_wconf 90' lang='lat' dir='ltr'>hic</span> <span class='ocrx_word' id='word_1_24' title='bbox 1084 934 1218 989; x_wconf 89' lang='lat' dir='ltr'>seruata</span> <span class='ocrx_word' id='word_1_25' title='bbox 1240 927 1306 990; x_wconf 86' lang='lat' dir='ltr'>sint</span> <span class='ocrx_word' id='word_1_26' title='bbox 1329 951 1427 1015; x_wconf 91' lang='lat' dir='ltr'>quam</span> 
     </span>
     <span class='ocr_line' id='line_1_4' title="bbox 183 1013 1425 1100; baseline 0.018 -22"><span class='ocrx_word' id='word_1_27' title='bbox 183 1015 224 1078; x_wconf 90' lang='lat' dir='ltr'>in</span> <span class='ocrx_word' id='word_1_28' title='bbox 250 1013 423 1080; x_wconf 80' lang='lat' dir='ltr'><strong>codicibus</strong></span> <span class='ocrx_word' id='word_1_29' title='bbox 446 1018 578 1092; x_wconf 88' lang='lat' dir='ltr'>nostris,</span> <span class='ocrx_word' id='word_1_30' title='bbox 604 1019 794 1087; x_wconf 89' lang='lat' dir='ltr'>uitiosarum</span> <span class='ocrx_word' id='word_1_31' title='bbox 817 1021 992 1091; x_wconf 88' lang='lat' dir='ltr'>lectionum</span> <span class='ocrx_word' id='word_1_32' title='bbox 1009 1028 1255 1096; x_wconf 83' lang='lat' dir='ltr'>emendationes</span> <span class='ocrx_word' id='word_1_33' title='bbox 1270 1053 1338 1099; x_wconf 91' lang='lat' dir='ltr'>non</span> <span class='ocrx_word' id='word_1_34' title='bbox 1360 1057 1425 1100; x_wconf 90' lang='lat' dir='ltr'>uno</span> 
     </span>
     <span class='ocr_line' id='line_1_5' title="bbox 184 1119 1425 1216; baseline 0.018 -32"><span class='ocrx_word' id='word_1_35' title='bbox 184 1119 267 1186; x_wconf 90' lang='lat' dir='ltr'>loco</span> <span class='ocrx_word' id='word_1_36' title='bbox 293 1131 349 1186; x_wconf 90' lang='lat' dir='ltr'>aut</span> <span class='ocrx_word' id='word_1_37' title='bbox 372 1143 478 1186; x_wconf 88' lang='lat' dir='ltr'>nouas</span> <span class='ocrx_word' id='word_1_38' title='bbox 502 1123 648 1191; x_wconf 86' lang='lat' dir='ltr'>indicant</span> <span class='ocrx_word' id='word_1_39' title='bbox 670 1139 725 1192; x_wconf 90' lang='lat' dir='ltr'>aut</span> <span class='ocrx_word' id='word_1_40' title='bbox 748 1140 922 1216; x_wconf 79' lang='lat' dir='ltr'>temptatas</span> <span class='ocrx_word' id='word_1_41' title='bbox 951 1133 1018 1197; x_wconf 89' lang='lat' dir='ltr'>iam</span> <span class='ocrx_word' id='word_1_42' title='bbox 1050 1156 1071 1198; x_wconf 91' lang='lat' dir='ltr'>a</span> <span class='ocrx_word' id='word_1_43' title='bbox 1100 1135 1181 1201; x_wconf 88' lang='lat' dir='ltr'>uiris</span> <span class='ocrx_word' id='word_1_44' title='bbox 1210 1137 1315 1204; x_wconf 90' lang='lat' dir='ltr'>doctis</span> <span class='ocrx_word' id='word_1_45' title='bbox 1347 1163 1425 1206; x_wconf 89' lang='lat' dir='ltr'>con·</span> 
     </span>
     <span class='ocr_line' id='line_1_6' title="bbox 185 1225 1426 1331; baseline 0.016 -39"><span class='ocrx_word' id='word_1_46' title='bbox 185 1229 336 1292; x_wconf 86' lang='lat' dir='ltr'>firmant.</span> <span class='ocrx_word' id='word_1_47' title='bbox 401 1225 578 1296; x_wconf 89' lang='lat' dir='ltr'>Praeterea</span> <span class='ocrx_word' id='word_1_48' title='bbox 612 1233 727 1321; x_wconf 88' lang='lat' dir='ltr'>uiginti</span> <span class='ocrx_word' id='word_1_49' title='bbox 767 1248 917 1323; x_wconf 89' lang='lat' dir='ltr'>quattuor</span> <span class='ocrx_word' id='word_1_50' title='bbox 951 1239 1101 1326; x_wconf 86' lang='lat' dir='ltr'>exempla</span> <span class='ocrx_word' id='word_1_51' title='bbox 1140 1240 1214 1307; x_wconf 88' lang='lat' dir='ltr'>libri</span> <span class='ocrx_word' id='word_1_52' title='bbox 1242 1247 1356 1331; x_wconf 90' lang='lat' dir='ltr'>primi,</span> <span class='ocrx_word' id='word_1_53' title='bbox 1390 1249 1426 1312; x_wconf 86' lang='lat' dir='ltr'>in</span> 
     </span>
     <span class='ocr_line' id='line_1_7' title="bbox 185 1332 1425 1419; baseline 0.015 -19"><span class='ocrx_word' id='word_1_54' title='bbox 185 1333 348 1400; x_wconf 89' lang='lat' dir='ltr'>omnibus</span> <span class='ocrx_word' id='word_1_55' title='bbox 371 1332 467 1400; x_wconf 90' lang='lat' dir='ltr'>bonis</span> <span class='ocrx_word' id='word_1_56' title='bbox 500 1337 668 1404; x_wconf 84' lang='lat' dir='ltr'>codicibus</span> <span class='ocrx_word' id='word_1_57' title='bbox 697 1351 728 1404; x_wconf 91' lang='lat' dir='ltr'>et</span> <span class='ocrx_word' id='word_1_58' title='bbox 755 1344 790 1408; x_wconf 89' lang='lat' dir='ltr'>in</span> <span class='ocrx_word' id='word_1_59' title='bbox 819 1343 1016 1411; x_wconf 84' lang='lat' dir='ltr'>editionibus</span> <span class='ocrx_word' id='word_1_60' title='bbox 1046 1349 1212 1415; x_wconf 90' lang='lat' dir='ltr'>ueteribus</span> <span class='ocrx_word' id='word_1_61' title='bbox 1235 1354 1363 1419; x_wconf 87' lang='lat' dir='ltr'>omissa</span> <span class='ocrx_word' id='word_1_62' title='bbox 1385 1375 1425 1418; x_wconf 86' lang='lat' dir='ltr'>ac</span> 
     </span>
     <span class='ocr_line' id='line_1_8' title="bbox 186 1441 1424 1547; baseline 0.016 -41"><span class='ocrx_word' id='word_1_63' title='bbox 186 1441 347 1528; x_wconf 89' lang='lat' dir='ltr'>suppleta</span> <span class='ocrx_word' id='word_1_64' title='bbox 368 1443 508 1527; x_wconf 82' lang='lat' dir='ltr'>primurn</span> <span class='ocrx_word' id='word_1_65' title='bbox 532 1444 573 1510; x_wconf 89' lang='lat' dir='ltr'>ab</span> <span class='ocrx_word' id='word_1_66' title='bbox 598 1445 682 1512; x_wconf 85' lang='lat' dir='ltr'>Aldo</span> <span class='ocrx_word' id='word_1_67' title='bbox 692 1446 724 1527; x_wconf 83' lang='lat'>¹),</span> <span class='ocrx_word' id='word_1_68' title='bbox 750 1471 835 1535; x_wconf 91' lang='lat' dir='ltr'>quae</span> <span class='ocrx_word' id='word_1_69' title='bbox 855 1472 927 1516; x_wconf 83' lang='lat' dir='ltr'>non</span> <span class='ocrx_word' id='word_1_70' title='bbox 949 1455 1118 1540; x_wconf 87' lang='lat' dir='ltr'>antiquam</span> <span class='ocrx_word' id='word_1_71' title='bbox 1141 1453 1268 1523; x_wconf 88' lang='lat' dir='ltr'>Valerii</span> <span class='ocrx_word' id='word_1_72' title='bbox 1290 1481 1424 1547; x_wconf 89' lang='lat' dir='ltr'>compo·</span> 
     </span>
     <span class='ocr_line' id='line_1_9' title="bbox 186 1548 1423 1631; baseline 0.016 -19"><span class='ocrx_word' id='word_1_73' title='bbox 186 1549 349 1614; x_wconf 89' lang='lat' dir='ltr'>sitionem</span> <span class='ocrx_word' id='word_1_74' title='bbox 372 1548 433 1614; x_wconf 89' lang='lat' dir='ltr'>sed</span> <span class='ocrx_word' id='word_1_75' title='bbox 457 1549 693 1618; x_wconf 85' lang='lat' dir='ltr'>abbreuiatoris</span> <span class='ocrx_word' id='word_1_76' title='bbox 718 1555 890 1624; x_wconf 90' lang='lat' dir='ltr'>cuiusdam</span> <span class='ocrx_word' id='word_1_77' title='bbox 912 1580 1047 1624; x_wconf 89' lang='lat' dir='ltr'>manum</span> <span class='ocrx_word' id='word_1_78' title='bbox 1070 1560 1218 1628; x_wconf 80' lang='lat' dir='ltr'>redolere</span> <span class='ocrx_word' id='word_1_79' title='bbox 1241 1563 1324 1630; x_wconf 92' lang='lat' dir='ltr'>bene</span> <span class='ocrx_word' id='word_1_80' title='bbox 1347 1587 1423 1631; x_wconf 90' lang='lat' dir='ltr'>sen·</span> 
     </span>
     <span class='ocr_line' id='line_1_10' title="bbox 187 1653 1424 1755; baseline 0.011 -33"><span class='ocrx_word' id='word_1_81' title='bbox 187 1667 283 1722; x_wconf 81' lang='lat' dir='ltr'>serat</span> <span class='ocrx_word' id='word_1_82' title='bbox 307 1653 481 1732; x_wconf 84' lang='lat' dir='ltr'>Veratius,</span> <span class='ocrx_word' id='word_1_83' title='bbox 506 1679 602 1744; x_wconf 90' lang='lat' dir='ltr'>quem</span> <span class='ocrx_word' id='word_1_84' title='bbox 626 1660 827 1729; x_wconf 85' lang='lat' dir='ltr'>admodum</span> <span class='ocrx_word' id='word_1_85' title='bbox 854 1661 919 1728; x_wconf 90' lang='lat' dir='ltr'>buc</span> <span class='ocrx_word' id='word_1_86' title='bbox 949 1687 1054 1753; x_wconf 89' lang='lat' dir='ltr'>usque</span> <span class='ocrx_word' id='word_1_87' title='bbox 1080 1666 1288 1755; x_wconf 82' lang='lat' dir='ltr'>legebantur,</span> <span class='ocrx_word' id='word_1_88' title='bbox 1316 1671 1424 1736; x_wconf 91' lang='lat' dir='ltr'>eidem</span> 
     </span>
     <span class='ocr_line' id='line_1_11' title="bbox 187 1760 1424 1859; baseline 0.011 -31"><span class='ocrx_word' id='word_1_89' title='bbox 187 1762 354 1828; x_wconf 86' lang='lat' dir='ltr'>debentur</span> <span class='ocrx_word' id='word_1_90' title='bbox 384 1760 465 1828; x_wconf 93' lang='lat' dir='ltr'>lulio</span> <span class='ocrx_word' id='word_1_91' title='bbox 493 1761 621 1842; x_wconf 87' lang='lat' dir='ltr'>Paridi,</span> <span class='ocrx_word' id='word_1_92' title='bbox 660 1771 753 1833; x_wconf 87' lang='lat' dir='ltr'>cuius</span> <span class='ocrx_word' id='word_1_93' title='bbox 783 1770 911 1857; x_wconf 88' lang='lat' dir='ltr'>reliqua</span> <span class='ocrx_word' id='word_1_94' title='bbox 941 1793 1070 1859; x_wconf 91' lang='lat' dir='ltr'>quoque</span> <span class='ocrx_word' id='word_1_95' title='bbox 1100 1796 1187 1839; x_wconf 89' lang='lat' dir='ltr'>nune</span> <span class='ocrx_word' id='word_1_96' title='bbox 1216 1778 1424 1842; x_wconf 89' lang='lat' dir='ltr'>innotuerunt</span> 
     </span>
     <span class='ocr_line' id='line_1_12' title="bbox 187 1871 1422 1969; baseline 0.013 -37"><span class='ocrx_word' id='word_1_97' title='bbox 187 1881 358 1956; x_wconf 83' lang='lat' dir='ltr'>excerpta,</span> <span class='ocrx_word' id='word_1_98' title='bbox 383 1871 533 1936; x_wconf 81' lang='lat' dir='ltr'>conlecta</span> <span class='ocrx_word' id='word_1_99' title='bbox 556 1884 630 1938; x_wconf 88' lang='lat' dir='ltr'>ante</span> <span class='ocrx_word' id='word_1_100' title='bbox 655 1897 753 1960; x_wconf 79' lang='lat' dir='ltr'>quain</span> <span class='ocrx_word' id='word_1_101' title='bbox 777 1873 932 1942; x_wconf 89' lang='lat' dir='ltr'>Valerius</span> <span class='ocrx_word' id='word_1_102' title='bbox 963 1875 1052 1943; x_wconf 89' lang='lat' dir='ltr'>haud</span> <span class='ocrx_word' id='word_1_103' title='bbox 1075 1881 1214 1967; x_wconf 78' lang='lat' dir='ltr'>exiguae</span> <span class='ocrx_word' id='word_1_104' title='bbox 1237 1881 1323 1947; x_wconf 87' lang='lat' dir='ltr'>illius</span> <span class='ocrx_word' id='word_1_105' title='bbox 1347 1904 1422 1969; x_wconf 89' lang='lat' dir='ltr'>par·</span> 
     </span>
     <span class='ocr_line' id='line_1_13' title="bbox 187 1974 1422 2075; baseline 0.011 -33"><span class='ocrx_word' id='word_1_106' title='bbox 187 1974 311 2042; x_wconf 83' lang='lat' dir='ltr'>ticulae</span> <span class='ocrx_word' id='word_1_107' title='bbox 333 1975 457 2042; x_wconf 85' lang='lat' dir='ltr'>faceret</span> <span class='ocrx_word' id='word_1_108' title='bbox 479 1977 648 2046; x_wconf 84' lang='lat' dir='ltr'>iacturam.</span> <span class='ocrx_word' id='word_1_109' title='bbox 694 1981 800 2047; x_wconf 85' lang='lat' dir='ltr'>Simul</span> <span class='ocrx_word' id='word_1_110' title='bbox 814 2003 893 2048; x_wconf 90' lang='lat' dir='ltr'>uero</span> <span class='ocrx_word' id='word_1_111' title='bbox 909 1985 1072 2071; x_wconf 81' lang='lat' dir='ltr'>integrum</span> <span class='ocrx_word' id='word_1_112' title='bbox 1086 1982 1218 2052; x_wconf 91' lang='lat' dir='ltr'>Paridis</span> <span class='ocrx_word' id='word_1_113' title='bbox 1235 2010 1318 2075; x_wconf 88' lang='lat' dir='ltr'>opus</span> <span class='ocrx_word' id='word_1_114' title='bbox 1335 2011 1422 2072; x_wconf 81' lang='lat' dir='ltr'>nnnc</span> 
     </span>
     <span class='ocr_line' id='line_1_14' title="bbox 188 2083 1421 2182; baseline 0.012 -35"><span class='ocrx_word' id='word_1_115' title='bbox 188 2083 316 2147; x_wconf 88' lang='lat' dir='ltr'>editum</span> <span class='ocrx_word' id='word_1_116' title='bbox 338 2083 575 2160; x_wconf 88' lang='lat' dir='ltr'>coniecturam,</span> <span class='ocrx_word' id='word_1_117' title='bbox 606 2108 705 2174; x_wconf 87' lang='lat' dir='ltr'>quam</span> <span class='ocrx_word' id='word_1_118' title='bbox 734 2112 754 2152; x_wconf 93' lang='lat' dir='ltr'>a</span> <span class='ocrx_word' id='word_1_119' title='bbox 782 2087 909 2154; x_wconf 89' lang='lat' dir='ltr'>Vossio</span> <span class='ocrx_word' id='word_1_120' title='bbox 939 2089 1100 2176; x_wconf 83' lang='lat' dir='ltr'>prolatam</span> <span class='ocrx_word' id='word_1_121' title='bbox 1130 2093 1190 2158; x_wconf 90' lang='lat' dir='ltr'>sed</span> <span class='ocrx_word' id='word_1_122' title='bbox 1218 2116 1260 2158; x_wconf 90' lang='lat' dir='ltr'>ne</span> <span class='ocrx_word' id='word_1_123' title='bbox 1283 2094 1324 2160; x_wconf 88' lang='lat' dir='ltr'>ab</span> <span class='ocrx_word' id='word_1_124' title='bbox 1348 2097 1421 2182; x_wconf 92' lang='lat' dir='ltr'>ipso</span> 
     </span>
     <span class='ocr_line' id='line_1_15' title="bbox 188 2187 1423 2284; baseline 0.013 -33"><span class='ocrx_word' id='word_1_125' title='bbox 188 2187 327 2276; x_wconf 89' lang='lat' dir='ltr'>quidem</span> <span class='ocrx_word' id='word_1_126' title='bbox 350 2188 508 2254; x_wconf 83' lang='lat' dir='ltr'>creditam</span> <span class='ocrx_word' id='word_1_127' title='bbox 532 2191 587 2259; x_wconf 86' lang='lat' dir='ltr'>alii</span> <span class='ocrx_word' id='word_1_128' title='bbox 618 2204 694 2257; x_wconf 87' lang='lat' dir='ltr'>sunt</span> <span class='ocrx_word' id='word_1_129' title='bbox 724 2194 880 2280; x_wconf 76' lang='lat' dir='ltr'>amplexi,</span> <span class='ocrx_word' id='word_1_130' title='bbox 911 2187 1063 2284; x_wconf 84' lang='lat' dir='ltr'>integris</span> <span class='ocrx_word' id='word_1_131' title='bbox 1077 2196 1204 2264; x_wconf 88' lang='lat' dir='ltr'>Valerii</span> <span class='ocrx_word' id='word_1_132' title='bbox 1231 2201 1323 2266; x_wconf 89' lang='lat' dir='ltr'>libris</span> <span class='ocrx_word' id='word_1_133' title='bbox 1354 2202 1423 2266; x_wconf 89' lang='lat' dir='ltr'>iam</span> 
     </span>
     <span class='ocr_line' id='line_1_16' title="bbox 187 2293 1421 2388; baseline 0.008 -26"><span class='ocrx_word' id='word_1_134' title='bbox 187 2294 249 2362; x_wconf 86' lang='lat' dir='ltr'>diu</span> <span class='ocrx_word' id='word_1_135' title='bbox 273 2293 450 2380; x_wconf 86' lang='lat' dir='ltr'>deperditis</span> <span class='ocrx_word' id='word_1_136' title='bbox 475 2297 530 2382; x_wconf 92' lang='lat' dir='ltr'>qui</span> <span class='ocrx_word' id='word_1_137' title='bbox 553 2294 706 2388; x_wconf 88' lang='lat' dir='ltr'>adhunc</span> <span class='ocrx_word' id='word_1_138' title='bbox 729 2322 832 2386; x_wconf 90' lang='lat' dir='ltr'>usque</span> <span class='ocrx_word' id='word_1_139' title='bbox 858 2301 944 2366; x_wconf 89' lang='lat' dir='ltr'>diem</span> <span class='ocrx_word' id='word_1_140' title='bbox 964 2302 1026 2366; x_wconf 91' lang='lat' dir='ltr'>sub</span> <span class='ocrx_word' id='word_1_141' title='bbox 1043 2305 1113 2368; x_wconf 90' lang='lat' dir='ltr'>eius</span> <span class='ocrx_word' id='word_1_142' title='bbox 1129 2308 1260 2370; x_wconf 90' lang='lat' dir='ltr'>nomine</span> <span class='ocrx_word' id='word_1_143' title='bbox 1284 2307 1421 2372; x_wconf 88' lang='lat' dir='ltr'>circum·</span> 
     </span>
     <span class='ocr_line' id='line_1_17' title="bbox 186 2397 1421 2498; baseline 0.006 -32"><span class='ocrx_word' id='word_1_144' title='bbox 186 2402 337 2466; x_wconf 83' lang='lat' dir='ltr'>serantur</span> <span class='ocrx_word' id='word_1_145' title='bbox 354 2397 435 2465; x_wconf 91' lang='lat' dir='ltr'>nihil</span> <span class='ocrx_word' id='word_1_146' title='bbox 450 2421 525 2466; x_wconf 90' lang='lat' dir='ltr'>esse</span> <span class='ocrx_word' id='word_1_147' title='bbox 542 2401 632 2468; x_wconf 87' lang='lat' dir='ltr'>aliud</span> <span class='ocrx_word' id='word_1_148' title='bbox 648 2427 746 2490; x_wconf 90' lang='lat' dir='ltr'>quam</span> <span class='ocrx_word' id='word_1_149' title='bbox 763 2407 939 2490; x_wconf 82' lang='lat' dir='ltr'>epitomem</span> <span class='ocrx_word' id='word_1_150' title='bbox 956 2429 977 2472; x_wconf 93' lang='lat' dir='ltr'>a</span> <span class='ocrx_word' id='word_1_151' title='bbox 992 2407 1072 2480; x_wconf 87' lang='lat' dir='ltr'>lulio</span> <span class='ocrx_word' id='word_1_152' title='bbox 1088 2406 1209 2474; x_wconf 89' lang='lat' dir='ltr'>Paride</span> <span class='ocrx_word' id='word_1_153' title='bbox 1224 2424 1421 2498; x_wconf 83' lang='lat' dir='ltr'>excerptam,</span> 
     </span>
     <span class='ocr_line' id='line_1_18' title="bbox 187 2507 1422 2599; baseline 0.01 -29"><span class='ocrx_word' id='word_1_154' title='bbox 187 2507 367 2595; x_wconf 83' lang='lat' dir='ltr'>insigniter</span> <span class='ocrx_word' id='word_1_155' title='bbox 397 2508 565 2583; x_wconf 83' lang='lat' dir='ltr'>refutauit,</span> <span class='ocrx_word' id='word_1_156' title='bbox 600 2511 630 2574; x_wconf 90' lang='lat' dir='ltr'>si</span> <span class='ocrx_word' id='word_1_157' title='bbox 654 2522 763 2576; x_wconf 87' lang='lat' dir='ltr'>tamen</span> <span class='ocrx_word' id='word_1_158' title='bbox 792 2533 876 2599; x_wconf 88' lang='lat' dir='ltr'>opus</span> <span class='ocrx_word' id='word_1_159' title='bbox 906 2527 976 2578; x_wconf 89' lang='lat' dir='ltr'>erat</span> <span class='ocrx_word' id='word_1_160' title='bbox 1007 2535 1048 2578; x_wconf 90' lang='lat' dir='ltr'>ea</span> <span class='ocrx_word' id='word_1_161' title='bbox 1077 2514 1281 2580; x_wconf 83' lang='lat' dir='ltr'>refutatione.</span> <span class='ocrx_word' id='word_1_162' title='bbox 1335 2515 1422 2582; x_wconf 89' lang='lat' dir='ltr'>Nam</span> 
     </span>
     <span class='ocr_line' id='line_1_19' title="bbox 188 2614 1420 2710; baseline 0.01 -36"><span class='ocrx_word' id='word_1_163' title='bbox 188 2614 356 2700; x_wconf 87' lang='lat' dir='ltr'>epitomae</span> <span class='ocrx_word' id='word_1_164' title='bbox 380 2615 532 2692; x_wconf 87' lang='lat' dir='ltr'>omnino,</span> <span class='ocrx_word' id='word_1_165' title='bbox 556 2637 597 2680; x_wconf 88' lang='lat' dir='ltr'>ne</span> <span class='ocrx_word' id='word_1_166' title='bbox 621 2615 777 2683; x_wconf 84' lang='lat' dir='ltr'>haeream</span> <span class='ocrx_word' id='word_1_167' title='bbox 800 2620 835 2684; x_wconf 90' lang='lat' dir='ltr'>in</span> <span class='ocrx_word' id='word_1_168' title='bbox 859 2621 990 2684; x_wconf 91' lang='lat' dir='ltr'>nomine</span> <span class='ocrx_word' id='word_1_169' title='bbox 1014 2622 1171 2696; x_wconf 88' lang='lat' dir='ltr'>auctoris,</span> <span class='ocrx_word' id='word_1_170' title='bbox 1205 2621 1282 2710; x_wconf 92' lang='lat' dir='ltr'>quid</span> <span class='ocrx_word' id='word_1_171' title='bbox 1310 2622 1420 2710; x_wconf 81' lang='lat' dir='ltr'>magis</span> 
     </span>
     <span class='ocr_line' id='line_1_20' title="bbox 187 2720 1497 2817; baseline 0.006 -32"><span class='ocrx_word' id='word_1_172' title='bbox 187 2721 233 2785; x_wconf 88' lang='lat' dir='ltr'>sit</span> <span class='ocrx_word' id='word_1_173' title='bbox 256 2720 418 2785; x_wconf 83' lang='lat' dir='ltr'>dissimile</span> <span class='ocrx_word' id='word_1_174' title='bbox 446 2744 545 2809; x_wconf 88' lang='lat' dir='ltr'>quam</span> <span class='ocrx_word' id='word_1_175' title='bbox 572 2722 607 2787; x_wconf 93' lang='lat' dir='ltr'>hi</span> <span class='ocrx_word' id='word_1_176' title='bbox 630 2722 756 2791; x_wconf 87' lang='lat' dir='ltr'>Valerii</span> <span class='ocrx_word' id='word_1_177' title='bbox 783 2726 875 2801; x_wconf 81' lang='lat' dir='ltr'>libri,</span> <span class='ocrx_word' id='word_1_178' title='bbox 907 2726 1024 2814; x_wconf 90' lang='lat' dir='ltr'>quibus</span> <span class='ocrx_word' id='word_1_179' title='bbox 1052 2728 1154 2793; x_wconf 89' lang='lat' dir='ltr'>multa</span> <span class='ocrx_word' id='word_1_180' title='bbox 1183 2730 1303 2817; x_wconf 90' lang='lat' dir='ltr'>ubique</span> <span class='ocrx_word' id='word_1_181' title='bbox 1333 2728 1422 2797; x_wconf 88' lang='lat' dir='ltr'>demi</span> <span class='ocrx_word' id='word_1_182' title='bbox 1492 2730 1497 2737; x_wconf 79' lang='grc'><strong><em>’</em></strong></span> 
     </span>
     <span class='ocr_line' id='line_1_21' title="bbox 186 2830 1420 2918; baseline 0.002 -23"><span class='ocrx_word' id='word_1_183' title='bbox 186 2842 342 2916; x_wconf 77' lang='lat' dir='ltr'>possunt,</span> <span class='ocrx_word' id='word_1_184' title='bbox 366 2830 448 2895; x_wconf 90' lang='lat' dir='ltr'>nihil</span> <span class='ocrx_word' id='word_1_185' title='bbox 469 2830 565 2895; x_wconf 80' lang='lat' dir='ltr'>facile</span> <span class='ocrx_word' id='word_1_186' title='bbox 587 2832 705 2917; x_wconf 87' lang='lat' dir='ltr'>poterit</span> <span class='ocrx_word' id='word_1_187' title='bbox 727 2832 822 2906; x_wconf 88' lang='lat' dir='ltr'>addi,</span> <span class='ocrx_word' id='word_1_188' title='bbox 852 2832 1004 2918; x_wconf 90' lang='lat' dir='ltr'>equidem</span> <span class='ocrx_word' id='word_1_189' title='bbox 1027 2854 1080 2897; x_wconf 91' lang='lat' dir='ltr'>me</span> <span class='ocrx_word' id='word_1_190' title='bbox 1103 2836 1232 2901; x_wconf 89' lang='lat' dir='ltr'>nescire</span> <span class='ocrx_word' id='word_1_191' title='bbox 1254 2837 1420 2901; x_wconf 87' lang='lat' dir='ltr'>confiteor.</span> 
     </span>
    </p>

    <p class='ocr_par' dir='ltr' id='par_1_2' title="bbox 185 2936 1420 3971">
     <span class='ocr_line' id='line_1_22' title="bbox 279 2936 1419 3028; baseline 0.005 -29"><span class='ocrx_word' id='word_1_192' title='bbox 279 2936 433 3002; x_wconf 83' lang='lat' dir='ltr'>Attamen</span> <span class='ocrx_word' id='word_1_193' title='bbox 449 2938 767 3022; x_wconf 86' lang='lat' dir='ltr'>praestantissimum</span> <span class='ocrx_word' id='word_1_194' title='bbox 779 2936 843 3003; x_wconf 90' lang='lat' dir='ltr'>hoc</span> <span class='ocrx_word' id='word_1_195' title='bbox 858 2940 1056 3006; x_wconf 89' lang='lat' dir='ltr'>emendandi</span> <span class='ocrx_word' id='word_1_196' title='bbox 1068 2942 1235 3028; x_wconf 84' lang='lat' dir='ltr'>scriptoris</span> <span class='ocrx_word' id='word_1_197' title='bbox 1250 2943 1419 3008; x_wconf 84' lang='lat' dir='ltr'>adiumen-</span> 
     </span>
     <span class='ocr_line' id='line_1_23' title="bbox 186 3042 1420 3132; baseline 0.002 -23"><span class='ocrx_word' id='word_1_198' title='bbox 186 3056 269 3117; x_wconf 86' lang='lat' dir='ltr'>tum,</span> <span class='ocrx_word' id='word_1_199' title='bbox 287 3042 381 3107; x_wconf 88' lang='lat' dir='ltr'>cuius</span> <span class='ocrx_word' id='word_1_200' title='bbox 394 3044 618 3109; x_wconf 86' lang='lat' dir='ltr'>auctoritatem</span> <span class='ocrx_word' id='word_1_201' title='bbox 637 3045 672 3108; x_wconf 91' lang='lat' dir='ltr'>in</span> <span class='ocrx_word' id='word_1_202' title='bbox 690 3042 753 3108; x_wconf 91' lang='lat' dir='ltr'>hoo</span> <span class='ocrx_word' id='word_1_203' title='bbox 774 3047 907 3132; x_wconf 88' lang='lat' dir='ltr'>negotio</span> <span class='ocrx_word' id='word_1_204' title='bbox 919 3047 1038 3112; x_wconf 90' lang='lat' dir='ltr'>iniuria</span> <span class='ocrx_word' id='word_1_205' title='bbox 1050 3049 1145 3132; x_wconf 87' lang='lat' dir='ltr'>parui</span> <span class='ocrx_word' id='word_1_206' title='bbox 1156 3051 1308 3113; x_wconf 87' lang='lat' dir='ltr'>aestimat</span> <span class='ocrx_word' id='word_1_207' title='bbox 1322 3044 1420 3130; x_wconf 85' lang='lat' dir='ltr'>Dirk·</span> 
     </span>
     <span class='ocr_line' id='line_1_24' title="bbox 187 3147 1419 3237; baseline 0 -22"><span class='ocrx_word' id='word_1_208' title='bbox 187 3147 349 3228; x_wconf 83' lang='lat' dir='ltr'>senius²),</span> <span class='ocrx_word' id='word_1_209' title='bbox 372 3148 477 3215; x_wconf 83' lang='lat' dir='ltr'>falsus</span> <span class='ocrx_word' id='word_1_210' title='bbox 502 3151 600 3214; x_wconf 91' lang='lat' dir='ltr'>etiam</span> <span class='ocrx_word' id='word_1_211' title='bbox 624 3149 664 3214; x_wconf 91' lang='lat' dir='ltr'>de</span> <span class='ocrx_word' id='word_1_212' title='bbox 687 3151 859 3227; x_wconf 87' lang='lat' dir='ltr'>mendosa,</span> <span class='ocrx_word' id='word_1_213' title='bbox 884 3174 982 3237; x_wconf 87' lang='lat' dir='ltr'>quam</span> <span class='ocrx_word' id='word_1_214' title='bbox 1004 3152 1149 3237; x_wconf 88' lang='lat' dir='ltr'>putabat,</span> <span class='ocrx_word' id='word_1_215' title='bbox 1177 3149 1419 3218; x_wconf 84' lang='lat' dir='ltr'>codicis&#39;Vati·</span> 
     </span>
     <span class='ocr_line' id='line_1_25' title="bbox 187 3256 1420 3343; baseline 0.003 -22"><span class='ocrx_word' id='word_1_216' title='bbox 187 3258 267 3321; x_wconf 85' lang='lat' dir='ltr'>cani</span> <span class='ocrx_word' id='word_1_217' title='bbox 290 3265 418 3329; x_wconf 76' lang='lat' dir='ltr'>namra,</span> <span class='ocrx_word' id='word_1_218' title='bbox 441 3267 476 3319; x_wconf 91' lang='lat' dir='ltr'>ut</span> <span class='ocrx_word' id='word_1_219' title='bbox 499 3257 652 3321; x_wconf 87' lang='lat' dir='ltr'>eximiam</span> <span class='ocrx_word' id='word_1_220' title='bbox 674 3256 770 3321; x_wconf 90' lang='lat' dir='ltr'>nobis</span> <span class='ocrx_word' id='word_1_221' title='bbox 794 3278 890 3343; x_wconf 91' lang='lat' dir='ltr'>opem</span> <span class='ocrx_word' id='word_1_222' title='bbox 912 3258 992 3332; x_wconf 91' lang='lat' dir='ltr'>tulit,</span> <span class='ocrx_word' id='word_1_223' title='bbox 1015 3258 1061 3321; x_wconf 87' lang='lat' dir='ltr'>ita</span> <span class='ocrx_word' id='word_1_224' title='bbox 1084 3270 1178 3323; x_wconf 88' lang='lat' dir='ltr'>caute</span> <span class='ocrx_word' id='word_1_225' title='bbox 1197 3256 1420 3325; x_wconf 87' lang='lat' dir='ltr'>adhibendum</span> 
     </span>
     <span class='ocr_line' id='line_1_26' title="bbox 188 3362 1419 3449; baseline 0.002 -22"><span class='ocrx_word' id='word_1_226' title='bbox 188 3372 279 3436; x_wconf 86' lang='lat' dir='ltr'>erat,</span> <span class='ocrx_word' id='word_1_227' title='bbox 307 3384 381 3427; x_wconf 89' lang='lat' dir='ltr'>oum</span> <span class='ocrx_word' id='word_1_228' title='bbox 413 3362 608 3449; x_wconf 85' lang='lat' dir='ltr'>aliquotiens</span> <span class='ocrx_word' id='word_1_229' title='bbox 639 3364 831 3448; x_wconf 83' lang='lat' dir='ltr'>epitomator</span> <span class='ocrx_word' id='word_1_230' title='bbox 859 3384 926 3427; x_wconf 91' lang='lat' dir='ltr'>non</span> <span class='ocrx_word' id='word_1_231' title='bbox 961 3363 1069 3429; x_wconf 89' lang='lat' dir='ltr'>solum</span> <span class='ocrx_word' id='word_1_232' title='bbox 1097 3365 1132 3429; x_wconf 90' lang='lat' dir='ltr'>in</span> <span class='ocrx_word' id='word_1_233' title='bbox 1161 3364 1272 3429; x_wconf 87' lang='lat' dir='ltr'>uerbis</span> <span class='ocrx_word' id='word_1_234' title='bbox 1302 3386 1419 3429; x_wconf 89' lang='lat' dir='ltr'>uerum</span> 
     </span>
     <span class='ocr_line' id='line_1_27' title="bbox 188 3467 1418 3541; baseline -0.003 -8"><span class='ocrx_word' id='word_1_235' title='bbox 188 3470 291 3535; x_wconf 86' lang='lat' dir='ltr'>etiam</span> <span class='ocrx_word' id='word_1_236' title='bbox 321 3470 355 3533; x_wconf 91' lang='lat' dir='ltr'>iu</span> <span class='ocrx_word' id='word_1_237' title='bbox 383 3468 482 3533; x_wconf 90' lang='lat' dir='ltr'>rebus</span> <span class='ocrx_word' id='word_1_238' title='bbox 512 3467 705 3533; x_wconf 88' lang='lat' dir='ltr'>enarrandis</span> <span class='ocrx_word' id='word_1_239' title='bbox 736 3468 919 3533; x_wconf 88' lang='lat' dir='ltr'>notabiliter</span> <span class='ocrx_word' id='word_1_240' title='bbox 955 3490 1030 3533; x_wconf 90' lang='lat' dir='ltr'>cum</span> <span class='ocrx_word' id='word_1_241' title='bbox 1060 3467 1195 3535; x_wconf 85' lang='lat' dir='ltr'>Valerio</span> <span class='ocrx_word' id='word_1_242' title='bbox 1233 3468 1418 3541; x_wconf 88' lang='lat' dir='ltr'>dissideret,</span> 
     </span>
     <span class='ocr_line' id='line_1_28' title="bbox 187 3573 1420 3663; baseline -0.005 -22"><span class='ocrx_word' id='word_1_243' title='bbox 187 3585 247 3641; x_wconf 88' lang='lat' dir='ltr'>aut</span> <span class='ocrx_word' id='word_1_244' title='bbox 269 3594 362 3640; x_wconf 88' lang='lat' dir='ltr'>mera</span> <span class='ocrx_word' id='word_1_245' title='bbox 384 3573 595 3663; x_wconf 80' lang='lat' dir='ltr'>neglegentia</span> <span class='ocrx_word' id='word_1_246' title='bbox 617 3574 651 3638; x_wconf 89' lang='lat' dir='ltr'>in</span> <span class='ocrx_word' id='word_1_247' title='bbox 675 3574 890 3643; x_wconf 89' lang='lat' dir='ltr'>describendo</span> <span class='ocrx_word' id='word_1_248' title='bbox 923 3587 955 3637; x_wconf 92' lang='lat' dir='ltr'>et</span> <span class='ocrx_word' id='word_1_249' title='bbox 985 3575 1188 3659; x_wconf 86' lang='lat' dir='ltr'>excerpendo</span> <span class='ocrx_word' id='word_1_250' title='bbox 1217 3574 1332 3659; x_wconf 84' lang='lat' dir='ltr'>lapsus</span> <span class='ocrx_word' id='word_1_251' title='bbox 1363 3584 1420 3637; x_wconf 91' lang='lat' dir='ltr'>aut</span> 
     </span>
     <span class='ocr_line' id='line_1_29' title="bbox 187 3678 1420 3767; baseline -0.004 -20"><span class='ocrx_word' id='word_1_252' title='bbox 187 3680 256 3747; x_wconf 82' lang='lat' dir='ltr'>alio</span> <span class='ocrx_word' id='word_1_253' title='bbox 281 3681 381 3745; x_wconf 89' lang='lat' dir='ltr'>etiam</span> <span class='ocrx_word' id='word_1_254' title='bbox 403 3702 443 3745; x_wconf 88' lang='lat' dir='ltr'>ac</span> <span class='ocrx_word' id='word_1_255' title='bbox 466 3678 621 3745; x_wconf 85' lang='lat' dir='ltr'>Valerius</span> <span class='ocrx_word' id='word_1_256' title='bbox 644 3680 731 3744; x_wconf 82' lang='lat' dir='ltr'>sonte</span> <span class='ocrx_word' id='word_1_257' title='bbox 755 3702 846 3745; x_wconf 88' lang='lat' dir='ltr'>usus.</span> <span class='ocrx_word' id='word_1_258' title='bbox 898 3678 936 3743; x_wconf 92' lang='lat' dir='ltr'>ln</span> <span class='ocrx_word' id='word_1_259' title='bbox 960 3679 1078 3767; x_wconf 89' lang='lat' dir='ltr'>quibus</span> <span class='ocrx_word' id='word_1_260' title='bbox 1101 3682 1243 3745; x_wconf 88' lang='lat' dir='ltr'>maxime</span> <span class='ocrx_word' id='word_1_261' title='bbox 1264 3679 1420 3745; x_wconf 87' lang='lat' dir='ltr'>intererat</span> 
     </span>
     <span class='ocr_line' id='line_1_30' title="bbox 186 3784 1417 3873; baseline -0.003 -20"><span class='ocrx_word' id='word_1_262' title='bbox 186 3786 433 3873; x_wconf 85' lang='lat' dir='ltr'>discrepantiae</span> <span class='ocrx_word' id='word_1_263' title='bbox 456 3806 558 3851; x_wconf 90' lang='lat' dir='ltr'>nosse</span> <span class='ocrx_word' id='word_1_264' title='bbox 582 3806 718 3852; x_wconf 88' lang='lat' dir='ltr'>causam</span> <span class='ocrx_word' id='word_1_265' title='bbox 742 3798 773 3849; x_wconf 89' lang='lat' dir='ltr'>et</span> <span class='ocrx_word' id='word_1_266' title='bbox 796 3786 985 3872; x_wconf 56' lang='lat' dir='ltr'>originem.n</span> <span class='ocrx_word' id='word_1_267' title='bbox 1013 3784 1102 3852; x_wconf 89' lang='lat' dir='ltr'>Nam</span> <span class='ocrx_word' id='word_1_268' title='bbox 1124 3788 1155 3851; x_wconf 90' lang='lat' dir='ltr'>si</span> <span class='ocrx_word' id='word_1_269' title='bbox 1170 3784 1241 3861; x_wconf 86' lang='lat'>1111,</span> <span class='ocrx_word' id='word_1_270' title='bbox 1265 3786 1297 3861; x_wconf 86' lang='lat' dir='ltr'>ii,</span> <span class='ocrx_word' id='word_1_271' title='bbox 1321 3786 1342 3852; x_wconf 79' lang='lat' dir='ltr'>t</span> <span class='ocrx_word' id='word_1_272' title='bbox 1365 3784 1417 3851; x_wconf 93' lang='lat' dir='ltr'>ed.</span> 
     </span>
     <span class='ocr_line' id='line_1_31' title="bbox 185 3889 1419 3971; baseline -0.002 -12"><span class='ocrx_word' id='word_1_273' title='bbox 185 3892 270 3959; x_wconf 81' lang='lat' dir='ltr'>Mai.</span> <span class='ocrx_word' id='word_1_274' title='bbox 293 3904 409 3958; x_wconf 87' lang='lat' dir='ltr'>contra</span> <span class='ocrx_word' id='word_1_275' title='bbox 431 3889 601 3956; x_wconf 87' lang='lat' dir='ltr'>Valerium</span> <span class='ocrx_word' id='word_1_276' title='bbox 625 3890 708 3971; x_wconf 86' lang='lat' dir='ltr'>(IIII,</span> <span class='ocrx_word' id='word_1_277' title='bbox 740 3894 776 3967; x_wconf 87' lang='lat'>6,</span> <span class='ocrx_word' id='word_1_278' title='bbox 810 3903 872 3956; x_wconf 89' lang='lat' dir='ltr'>ext.</span> <span class='ocrx_word' id='word_1_279' title='bbox 904 3892 937 3971; x_wconf 93' lang='lat' dir='ltr'>l)</span> <span class='ocrx_word' id='word_1_280' title='bbox 968 3892 1074 3957; x_wconf 89' lang='lat' dir='ltr'>retulit</span> <span class='ocrx_word' id='word_1_281' title='bbox 1102 3891 1314 3959; x_wconf 87' lang='lat' dir='ltr'>Artemisiam</span> <span class='ocrx_word' id='word_1_282' title='bbox 1344 3912 1419 3957; x_wconf 89' lang='lat' dir='ltr'>cum</span> 
     </span>
    </p>
   </div>
   <div class='ocr_carea' id='block_1_2' title="bbox 186 3986 1627 4085">
    <p class='ocr_par' dir='ltr' id='par_1_3' title="bbox 186 3986 1627 4085">
     <span class='ocr_line' id='line_1_32' title="bbox 186 3986 1627 4085; baseline -0.001 -20"><span class='ocrx_word' id='word_1_283' title='bbox 186 4001 259 4065; x_wconf 83' lang='lat' dir='ltr'>uiro</span> <span class='ocrx_word' id='word_1_284' title='bbox 284 3996 438 4063; x_wconf 85' lang='lat' dir='ltr'>Mausolo</span> <span class='ocrx_word' id='word_1_285' title='bbox 467 3997 578 4063; x_wconf 90' lang='lat' dir='ltr'>uiuam</span> <span class='ocrx_word' id='word_1_286' title='bbox 610 4008 641 4061; x_wconf 89' lang='lat' dir='ltr'>et</span> <span class='ocrx_word' id='word_1_287' title='bbox 671 4000 851 4085; x_wconf 88' lang='lat' dir='ltr'>spirantem</span> <span class='ocrx_word' id='word_1_288' title='bbox 883 3999 1036 4084; x_wconf 88' lang='lat' dir='ltr'>componi</span> <span class='ocrx_word' id='word_1_289' title='bbox 1064 4020 1103 4063; x_wconf 92' lang='lat' dir='ltr'>se</span> <span class='ocrx_word' id='word_1_290' title='bbox 1130 4001 1288 4075; x_wconf 87' lang='lat' dir='ltr'>iussisse,</span> <span class='ocrx_word' id='word_1_291' title='bbox 1318 3999 1419 4084; x_wconf 90' lang='lat' dir='ltr'>liquet</span> <span class='ocrx_word' id='word_1_292' title='bbox 1523 3986 1532 4008; x_wconf 70' lang='grc'><em>“</em></span> <span class='ocrx_word' id='word_1_293' title='bbox 1626 4045 1627 4052; x_wconf 38' lang='lat'>1</span> 
     </span>
    </p>
   </div>
   <div class='ocr_carea' id='block_1_3' title="bbox 186 4103 1417 4193">
    <p class='ocr_par' dir='ltr' id='par_1_4' title="bbox 186 4103 1417 4193">
     <span class='ocr_line' id='line_1_33' title="bbox 186 4103 1417 4193; baseline 0.003 -26"><span class='ocrx_word' id='word_1_294' title='bbox 186 4124 264 4171; x_wconf 75' lang='lat' dir='ltr'>etun</span> <span class='ocrx_word' id='word_1_295' title='bbox 289 4103 460 4191; x_wconf 89' lang='lat' dir='ltr'>deceptum</span> <span class='ocrx_word' id='word_1_296' title='bbox 483 4124 559 4169; x_wconf 86' lang='lat' dir='ltr'>esse</span> <span class='ocrx_word' id='word_1_297' title='bbox 581 4104 810 4169; x_wconf 80' lang='lat' dir='ltr'>iestiuitatibus</span> <span class='ocrx_word' id='word_1_298' title='bbox 826 4104 912 4171; x_wconf 84' lang='lat' dir='ltr'>male</span> <span class='ocrx_word' id='word_1_299' title='bbox 925 4104 1108 4183; x_wconf 88' lang='lat' dir='ltr'>intellectis,</span> <span class='ocrx_word' id='word_1_300' title='bbox 1132 4107 1249 4193; x_wconf 89' lang='lat' dir='ltr'>quibus</span> <span class='ocrx_word' id='word_1_301' title='bbox 1265 4106 1319 4171; x_wconf 89' lang='lat' dir='ltr'>ille</span> <span class='ocrx_word' id='word_1_302' title='bbox 1342 4128 1417 4171; x_wconf 87' lang='lat' dir='ltr'>eam</span> 
     </span>
    </p>
   </div>
   <div class='ocr_carea' id='block_1_4' title="bbox 186 4334 1461 4913">
    <p class='ocr_par' dir='ltr' id='par_1_5' title="bbox 186 4334 1461 4913">
     <span class='ocr_line' id='line_1_34' title="bbox 253 4334 1417 4403; baseline 0.004 -17"><span class='ocrx_word' id='word_1_303' title='bbox 253 4334 283 4401; x_wconf 87' lang='lat'>¹)</span> <span class='ocrx_word' id='word_1_304' title='bbox 307 4336 421 4389; x_wconf 72' lang='lat' dir='ltr'>Miserat</span> <span class='ocrx_word' id='word_1_305' title='bbox 444 4336 513 4387; x_wconf 84' lang='lat' dir='ltr'>haec</span> <span class='ocrx_word' id='word_1_306' title='bbox 537 4335 661 4401; x_wconf 81' lang='lat' dir='ltr'>exempla</span> <span class='ocrx_word' id='word_1_307' title='bbox 684 4334 753 4387; x_wconf 84' lang='lat' dir='ltr'>Aldc</span> <span class='ocrx_word' id='word_1_308' title='bbox 778 4336 957 4401; x_wconf 81' lang='lat' dir='ltr'>cuspinianus</span> <span class='ocrx_word' id='word_1_309' title='bbox 982 4336 1104 4403; x_wconf 83' lang='lat' dir='ltr'>quidam,</span> <span class='ocrx_word' id='word_1_310' title='bbox 1132 4334 1190 4402; x_wconf 78' lang='lat' dir='ltr'>qui,</span> <span class='ocrx_word' id='word_1_311' title='bbox 1216 4352 1276 4391; x_wconf 85' lang='lat' dir='ltr'>enm</span> <span class='ocrx_word' id='word_1_312' title='bbox 1297 4338 1417 4391; x_wconf 83' lang='lat' dir='ltr'>Viennae</span> 
     </span>
     <span class='ocr_line' id='line_1_35' title="bbox 187 4407 1416 4473; baseline -0.001 -14"><span class='ocrx_word' id='word_1_313' title='bbox 187 4408 281 4459; x_wconf 68' lang='lat' dir='ltr'>stadie</span> <span class='ocrx_word' id='word_1_314' title='bbox 302 4407 476 4459; x_wconf 85' lang='lat' dir='ltr'>humanitatis</span> <span class='ocrx_word' id='word_1_315' title='bbox 499 4408 680 4471; x_wconf 83' lang='lat' dir='ltr'>profiteretur,</span> <span class='ocrx_word' id='word_1_316' title='bbox 705 4408 845 4459; x_wconf 84' lang='lat' dir='ltr'>inuenerat</span> <span class='ocrx_word' id='word_1_317' title='bbox 870 4408 1015 4458; x_wconf 78' lang='lat' dir='ltr'>⁸Valerium</span> <span class='ocrx_word' id='word_1_318' title='bbox 1038 4409 1265 4473; x_wconf 83' lang='lat' dir='ltr'>antiquissimum,</span> <span class='ocrx_word' id='word_1_319' title='bbox 1290 4410 1318 4459; x_wconf 86' lang='lat' dir='ltr'>in</span> <span class='ocrx_word' id='word_1_320' title='bbox 1342 4410 1416 4459; x_wconf 82' lang='lat' dir='ltr'>cuius</span> 
     </span>
     <span class='ocr_line' id='line_1_36' title="bbox 186 4478 1416 4545; baseline 0.001 -18"><span class='ocrx_word' id='word_1_321' title='bbox 186 4478 320 4543; x_wconf 79' lang='lat' dir='ltr'>principio</span> <span class='ocrx_word' id='word_1_322' title='bbox 340 4478 474 4544; x_wconf 80' lang='lat' dir='ltr'>quaedam</span> <span class='ocrx_word' id='word_1_323' title='bbox 491 4478 655 4529; x_wconf 84' lang='lat' dir='ltr'>haberentur</span> <span class='ocrx_word' id='word_1_324' title='bbox 673 4492 816 4543; x_wconf 84' lang='lat' dir='ltr'>numquam</span> <span class='ocrx_word' id='word_1_325' title='bbox 835 4480 898 4528; x_wconf 87' lang='lat' dir='ltr'>ante</span> <span class='ocrx_word' id='word_1_326' title='bbox 917 4480 952 4527; x_wconf 86' lang='lat' dir='ltr'>ab</span> <span class='ocrx_word' id='word_1_327' title='bbox 971 4493 1004 4528; x_wconf 89' lang='lat' dir='ltr'>eo</span> <span class='ocrx_word' id='word_1_328' title='bbox 1031 4479 1108 4529; x_wconf 82' lang='lat' dir='ltr'>uisa&#39;</span> <span class='ocrx_word' id='word_1_329' title='bbox 1145 4480 1184 4529; x_wconf 78' lang='lat' dir='ltr'>Cf.</span> <span class='ocrx_word' id='word_1_330' title='bbox 1210 4480 1352 4545; x_wconf 85' lang='lat' dir='ltr'>epistulam</span> <span class='ocrx_word' id='word_1_331' title='bbox 1372 4478 1416 4529; x_wconf 76' lang='lat' dir='ltr'>Al·</span> 
     </span>
     <span class='ocr_line' id='line_1_37' title="bbox 187 4548 1461 4615; baseline 0 -14"><span class='ocrx_word' id='word_1_332' title='bbox 187 4552 269 4601; x_wconf 70' lang='lat' dir='ltr'>tinec</span> <span class='ocrx_word' id='word_1_333' title='bbox 289 4550 397 4599; x_wconf 87' lang='lat' dir='ltr'>editioni</span> <span class='ocrx_word' id='word_1_334' title='bbox 415 4550 610 4614; x_wconf 79' lang='lat' dir='ltr'>praemissam.</span> <span class='ocrx_word' id='word_1_335' title='bbox 636 4564 704 4615; x_wconf 85' lang='lat' dir='ltr'>quae</span> <span class='ocrx_word' id='word_1_336' title='bbox 728 4550 880 4601; x_wconf 84' lang='lat' dir='ltr'>inscribitur</span> <span class='ocrx_word' id='word_1_337' title='bbox 897 4548 1013 4599; x_wconf 73' lang='lat' dir='ltr'>lnnvs</span> <span class='ocrx_word' id='word_1_338' title='bbox 1031 4549 1088 4601; x_wconf 85' lang='grc' dir='ltr'>ΒΟ.</span> <span class='ocrx_word' id='word_1_339' title='bbox 1108 4548 1317 4601; x_wconf 79' lang='lat' dir='ltr'><strong>CVSPINIANO</strong></span> <span class='ocrx_word' id='word_1_340' title='bbox 1337 4548 1416 4601; x_wconf 71' lang='grc' dir='ltr'>ΘΚΒ·</span> <span class='ocrx_word' id='word_1_341' title='bbox 1455 4590 1461 4601; x_wconf 91' lang='grc'><strong>.</strong></span> 
     </span>
     <span class='ocr_line' id='line_1_38' title="bbox 187 4618 1221 4685; baseline -0.001 -12"><span class='ocrx_word' id='word_1_342' title='bbox 187 4620 293 4673; x_wconf 66' lang='lat' dir='ltr'>MNO</span> <span class='ocrx_word' id='word_1_343' title='bbox 313 4618 350 4679; x_wconf 75' lang='lat' dir='ltr'>S..</span> <span class='ocrx_word' id='word_1_344' title='bbox 369 4634 494 4671; x_wconf 85' lang='lat' dir='ltr'>recusam</span> <span class='ocrx_word' id='word_1_345' title='bbox 513 4636 531 4669; x_wconf 85' lang='lat' dir='ltr'>a</span> <span class='ocrx_word' id='word_1_346' title='bbox 549 4618 676 4670; x_wconf 77' lang='lat' dir='ltr'>Tor-renio</span> <span class='ocrx_word' id='word_1_347' title='bbox 697 4621 767 4670; x_wconf 86' lang='lat' dir='ltr'>inter</span> <span class='ocrx_word' id='word_1_348' title='bbox 784 4620 967 4685; x_wconf 80' lang='lat' dir='ltr'>praefationes</span> <span class='ocrx_word' id='word_1_349' title='bbox 987 4622 1014 4670; x_wconf 84' lang='lat' dir='ltr'>ct</span> <span class='ocrx_word' id='word_1_350' title='bbox 1031 4620 1221 4672; x_wconf 86' lang='lat' dir='ltr'>dedicationes.</span> 
     </span>
     <span class='ocr_line' id='line_1_39' title="bbox 252 4684 1416 4761; baseline 0.001 -20"><span class='ocrx_word' id='word_1_351' title='bbox 252 4688 283 4753; x_wconf 80' lang='lat'>²)</span> <span class='ocrx_word' id='word_1_352' title='bbox 302 4691 340 4741; x_wconf 77' lang='lat' dir='ltr'>ct</span> <span class='ocrx_word' id='word_1_353' title='bbox 360 4692 422 4741; x_wconf 79' lang='lat' dir='ltr'>acti.</span> <span class='ocrx_word' id='word_1_354' title='bbox 446 4692 521 4742; x_wconf 80' lang='lat' dir='ltr'>acad.</span> <span class='ocrx_word' id='word_1_355' title='bbox 541 4690 589 4741; x_wconf 83' lang='lat' dir='ltr'>litt.</span> <span class='ocrx_word' id='word_1_356' title='bbox 613 4690 700 4743; x_wconf 87' lang='lat' dir='ltr'>Berol.</span> <span class='ocrx_word' id='word_1_357' title='bbox 727 4708 752 4743; x_wconf 85' lang='lat' dir='ltr'>a.</span> <span class='ocrx_word' id='word_1_358' title='bbox 774 4684 848 4743; x_wconf 74' lang='lat' dir='ltr'>tata</span> <span class='ocrx_word' id='word_1_359' title='bbox 886 4690 938 4741; x_wconf 86' lang='lat' dir='ltr'>Die</span> <span class='ocrx_word' id='word_1_360' title='bbox 961 4691 1123 4761; x_wconf 81' lang='lat' dir='ltr'>historische</span> <span class='ocrx_word' id='word_1_361' title='bbox 1146 4690 1416 4761; x_wconf 82' lang='lat' dir='ltr'>beispieisammluag</span> 
     </span>
     <span class='ocr_line' id='line_1_40' title="bbox 189 4757 519 4829; baseline -0.006 -14"><span class='ocrx_word' id='word_1_362' title='bbox 189 4762 240 4815; x_wconf 75' lang='lat' dir='ltr'>des</span> <span class='ocrx_word' id='word_1_363' title='bbox 258 4762 292 4813; x_wconf 83' lang='lat' dir='ltr'>V.</span> <span class='ocrx_word' id='word_1_364' title='bbox 310 4762 349 4815; x_wconf 69' lang='lat' dir='ltr'>u.</span> <span class='ocrx_word' id='word_1_365' title='bbox 364 4778 394 4829; x_wconf 88' lang='lat' dir='ltr'>p.</span> <span class='ocrx_word' id='word_1_366' title='bbox 412 4758 430 4813; x_wconf 82' lang='lat'>4</span> <span class='ocrx_word' id='word_1_367' title='bbox 448 4764 476 4813; x_wconf 87' lang='lat' dir='ltr'>et</span> <span class='ocrx_word' id='word_1_368' title='bbox 493 4757 519 4813; x_wconf 76' lang='grc'>5.</span> 
     </span>
     <span class='ocr_line' id='line_1_41' title="bbox 1154 4848 1203 4913; baseline 0 -23"><span class='ocrx_word' id='word_1_369' title='bbox 1154 4848 1203 4913; x_wconf 70' lang='lat'>4·</span> 
     </span>
    </p>
   </div>
   <div class='ocr_carea' id='block_1_5' title="bbox 0 0 1710 5400">
    <p class='ocr_par' dir='ltr' id='par_1_6' title="bbox 0 0 1710 5400">
     <span class='ocr_line' id='line_1_42' title="bbox 0 0 1710 5400; baseline 0 1"><span class='ocrx_word' id='word_1_370' title='bbox 0 0 1710 5400; x_wconf 95' lang='lat' dir='ltr'> </span> 
     </span>
    </p>
   </div>
  </div>
 </body>
</html>
