3409 5400
340 467 385 534 38

338 629 469 716 proprie
487 627 627 692 dicenda
646 637 738 690 eraut
755 645 825 688 cem
841 626 972 687 menne
982 624 1123 686 libidinis
1141 621 1299 704 conjectio
1314 623 1528 705 ἰπίαηρενωιῆο

338 736 491 800 liberauit.
539 735 591 797 Ad
615 731 754 798 similem
775 731 943 795 licentiam
965 731 1081 792 referri
1102 749 1205 815 posse
1227 727 1378 791 uidentur
1401 751 1477 815 quae
1497 731 1528 794 l)

343 843 394 916 12,
419 853 480 906 ext.
507 844 524 906 l
548 853 721 927 ponuntur,
747 845 910 920 torqueant
931 857 965 900 se
991 839 1100 899 miseri
1128 871 1176 882 -
1203 837 1238 898 in
1265 837 1384 918 trepide
1412 843 1440 899 et
1465 859 1528 901 enen

340 952 471 1014 coneilio
500 969 633 1031 pamm
658 948 778 1008 retiene
807 947 876 1007 eite
904 951 1016 1008 cecavit
1041 950 1223 1026 wentae
1251 965 1311 1029 pro
1342 951 1493 1027 torqueant
1523 972 1528 1007 c

339 1058 530 1140 trepidantes
551 1062 582 1118 et
602 1055 692 1116 ennii
714 1056 748 1114 in
770 1052 901 1114 emate
924 1051 1101 1130 (liniendae
1117 1052 1218 1130 uitae)
1241 1053 1412 1133 quetrcnde
1433 1073 1528 1132 paene

341 1179 402 1227 etc.
427 1175 459 1224 et
481 1160 547 1224 aha
570 1158 741 1233 nonnulla,
772 1179 857 1244 quae
887 1170 959 1221 orta
986 1160 1128 1242 primum
1155 1180 1197 1244 ex
1225 1158 1437 1222 immoderato
1463 1157 1527 1219 huit

342 1269 511 1354 scriptoris
535 1265 653 1338 studio,
678 1287 741 1350 quo
766 1264 938 1328 adiunctas
962 1266 1113 1328 notiones
1136 1287 1196 1349 pro
1209 1265 1364 1328 subiectis
1388 1277 1418 1327 et
1438 1264 1528 1326 abstu-

343 1389 413 1440 ctas
437 1396 496 1459 pro
525 1374 686 1438 concretis
718 1371 898 1445 substituit,
927 1371 984 1434 ubi
1014 1393 1130 1456 parum
1160 1371 1360 1457 reliquarum
1388 1372 1528 1434 sententie

343 1484 484 1570 partium
505 1482 588 1543 ratio
611 1479 759 1553 habetur,
784 1489 871 1541 certe
894 1499 961 1541 non
982 1477 1083 1565 longe
1105 1489 1232 1542 remota
1255 1488 1331 1542 sunt
1359 1501 1380 1541 a
1408 1480 1528 1563 prauita

343 1611 467 1662 eorum,
491 1609 575 1675 quae
600 1608 701 1672 supra
724 1584 941 1650 exhibuimus.

436 1695 477 1758 Et
492 1696 648 1780 quoniam
671 1692 761 1756 illam
773 1689 901 1754 Valerii
923 1693 1193 1756 consuetudinem
1217 1692 1319 1778 attigi,
1344 1712 1418 1777 qua,
1441 1693 1528 1777 siqu

343 1802 447 1876 aliae,
477 1801 597 1864 mmius
627 1811 677 1862 est
705 1800 739 1862 in
767 1796 964 1862 adhibendis
993 1798 1153 1862 adiunctis
1185 1798 1371 1862 notionibus
1401 1820 1459 1882 pro
1490 1821 1528 1860 su

344 1910 439 1972 iectis
463 1920 495 1968 et
518 1906 691 1969 abstractis
723 1927 782 1990 pro
812 1905 992 1976 concretis,
1019 1904 1116 1969 huius
1146 1907 1278 1992 generis
1309 1903 1457 1988 exempla
1484 1902 1527 1967 ha

346 2025 460 2078 sunto:
482 2011 538 2075 lib.
560 2011 576 2074 Ι
599 2011 701 2097 praef.
733 2029 800 2072 mee
816 2011 967 2091 pancitas
988 2032 1024 2075 ee
1046 2015 1161 2076 initias
1183 2013 1389 2094 adsertorem
1411 2021 1495 2076 wem
1517 2034 1528 2075 t

345 2121 532 2184 cucurrerit.
577 2117 617 2193 ll,
641 2118 672 2191 6,
699 2118 871 2200 llzqeem
894 2122 1038 2203 (rogiae)
1062 2121 1528 2202 eaoriepieteeinmedneng

344 2229 441 2291 nieiie
461 2227 524 2290 teri
541 2227 738 2308 propinquae
760 2228 871 2288 mertia
882 2245 994 2290 eccere
1008 2227 1194 2290 conscendit.
1233 2225 1273 2300 Il,
1298 2229 1328 2300 7,
1352 2227 1390 2291 5:
1414 2229 1528 2309 copula

345 2336 487 2399 societati
505 2335 632 2416 pencris
654 2339 684 2396 et
704 2333 875 2416 inopinam
885 2333 1054 2414 deformem
1070 2334 1105 2395 in
1118 2334 1260 2414 penes
1282 2334 1415 2396 reditum
1435 2331 1528 2396 indict

346 2449 401 2505 etit
422 2443 628 2506 ceninenieni
650 2442 786 2503 neminie
808 2459 846 2502 ec
866 2439 1016 2521 familiae
1036 2473 1083 2486 -
1110 2442 1331 2503 contumeliose
1359 2441 1490 2504 uerbere
1517 2461 1528 2501 ι

346 2549 450 2611 leem
485 2555 539 2610 me
569 2549 744 2610 censoriam
778 2547 981 2628 sapentiam
1015 2546 1169 2608 edeerem
1192 2547 1375 2629 fraternam
1412 2549 1528 2610 ceritet·

347 2655 545 2735 destrinpere.
589 2651 644 2727 lIl,
670 2654 700 2727 1,
724 2652 760 2716 2:
783 2654 834 2717 bic
858 2654 991 2734 spirituc
1012 2673 1051 2715 ne
1066 2654 1174 2716 Murci
1186 2654 1308 2735 peiden
1321 2654 1447 2718 Catenis
1464 2676 1528 2736 pec

348 2763 411 2824 tiee
433 2760 542 2841 deficit.
587 2758 641 2831 ΙΠ,
667 2761 697 2833 7,
722 2758 758 2822 5:
778 2760 897 2822 deebee
912 2761 1079 2823 accen-imis
1095 2762 1178 2823 ediie
1201 2762 1371 2841 (inimicis)
1394 2765 1495 2825 letare
1517 2783 1528 2823 a

349 2869 481 2949 cinperc.
526 2863 570 2937 V,
594 2865 625 2937 6,
649 2866 686 2928 2:
709 2886 821 2947 meprte
835 2867 949 2928 decere
963 2868 998 2929 in
1010 2867 1091 2948 fere
1108 2868 1247 2930 Remene
1259 2869 1434 2951 ficbencnt.
1468 2867 1527 2939 Vt,

348 2976 384 3038 4:
402 2992 523 3055 poenae
539 2972 670 3034 meite-io
688 2974 764 3054 piae
785 2974 939 3035 trieterica
960 2976 1128 3037 aceolum.
1161 2971 1251 3047 Vlll,
1277 2974 1328 3048 15,
1354 2977 1388 3037 7:
1406 2976 1528 3058 perfect

349 3082 431 3143 siem
444 3081 557 3141 eirtee.
603 3077 659 3151 lX,
684 3078 715 3151 3,
739 3078 775 3143 6:
798 3080 887 3141 milet
898 3100 1017 3143 semme
1028 3082 1161 3162 imperio
1171 3083 1335 3162 praelatae
1351 3088 1407 3144 eet.
1446 3080 1528 3155 1X‚1

350 3197 413 3249 ext.
436 3186 472 3249 2:
495 3186 583 3266 eripe
599 3192 628 3246 et
645 3186 841 3266 principiam
852 3185 1007 3267 fertior-ie
1028 3188 1205 3269 trepeediee
1226 3189 1394 3251 tetinctem
1416 3194 1474 3250 cet.
1510 3187 1528 3248 l.

349 3294 478 3356 iunctas
513 3292 663 3355 notiones
698 3313 757 3377 pro
793 3291 948 3355 subiectis
982 3295 1106 3377 posuit,
1140 3305 1175 3356 ut
1209 3316 1317 3379 pauca
1350 3292 1527 3358 exhibeam

349 3397 536 3485 permultiS,
568 3395 598 3471 Ι,
623 3397 659 3473 1,
691 3398 728 3461 3:
751 3398 912 3461 duedecim
920 3401 1067 3481 sueciam
1090 3402 1125 3478 (i.
1149 3422 1178 3475 e,
1209 3401 1368 3479 consulis)
1396 3402 1528 3481 relipios

350 3506 538 3589 ebeeptciem.
568 3503 607 3579 ll,
623 3507 652 3579 7,
667 3507 702 3567 7:
726 3505 979 3585 imperiosissimi
990 3508 1150 3570 duedecim
1162 3508 1287 3589 seecea.
1315 3506 1370 3581 ΙΠ,
1384 3507 1416 3581 5,
1437 3508 1475 3570 l:
1499 3508 1528 3567 in

350 3615 409 3676 dee
423 3614 661 3695 stdpentieeime
682 3613 864 3695 cepnemine
887 3610 1093 3692 (Africanum
1111 3626 1144 3675 et
1154 3614 1350 3694 Asiaticum)
1373 3633 1488 3677 menas
1511 3634 1528 3674 e

351 3718 477 3780 ciendae
499 3720 581 3781 besti
603 3721 733 3782 tradere.
765 3717 852 3793 Vssl,
879 3719 897 3782 1
922 3718 993 3782 abs.
1020 3720 1056 3782 l:
1079 3721 1207 3784 deetere
1227 3723 1297 3783 aee
1308 3720 1396 3802 serti
1415 3720 1527 3800 puniti

350 3822 489 3886 liberata
534 3820 711 3909 Vtriusque
728 3827 860 3910 generis
876 3847 1039 3889 concursu
1054 3827 1199 3891 turbatur
1216 3838 1245 3889 et
1263 3826 1460 3890 obscuratur
1475 3847 1528 3888 ore

352 3926 408 4001 lll,
432 3927 463 4000 5,
487 3926 522 3990 3:
546 3928 716 3991 aemam
733 3932 905 3994 Fntnienee
927 3934 1022 3994 stelae
1039 3935 1139 4015 peqie
1161 3934 1297 3996 mititare
1318 3935 1413 3996 decee
1437 3933 1528 3993 metit

351 4034 483 4115 imperio
506 4032 674 4096 subiectum
696 4036 819 4111 hebui&
848 4057 927 4101 nam
956 4060 1016 4123 pro
1039 4038 1172 4113 Fuluia,
1203 4062 1304 4126 quae,
1336 4061 1410 4102 cum
1434 4040 1528 4124 pagis

354 4140 462 4203 cincta
483 4138 665 4213 incederet,
695 4140 833 4206 militare
865 4165 1032 4209 armorum
1062 4145 1164 4210 decus
1196 4147 1261 4210 sibi
1291 4144 1483 4232 arrogauit,
1514 4144 1524 4205 i

354 4246 425 4309 eius
449 4246 549 4330 pugio
573 4244 763 4311 substitutus
788 4262 847 4313 est.

442 4350 620 4415 Praeterea
649 4353 742 4417 stilus
770 4353 898 4419 Valerii
927 4358 1129 4444 metaphoris
1160 4372 1192 4423 et
1217 4357 1492 4424 translationibus
1523 4378 1528 4418 ]

355 4478 485 4545 semper
507 4459 556 4520 rei
578 4471 714 4524 naturae
738 4466 970 4528 consentaneis
986 4467 1123 4530 nimium
1138 4480 1294 4552 quantum
1314 4464 1475 4529 abundat.
1523 4461 1528 4525 ἶ

354 4566 435 4628 teuit
456 4586 599 4651 namque
623 4577 735 4631 auctor
759 4590 798 4633 ex
820 4568 883 4634 hac
900 4593 1029 4658 quoque
1044 4586 1136 4658 parte
1160 4574 1318 4638 ‘dandum
1332 4569 1489 4637 nonnihil
1514 4590 1528 4629 e

356 4669 555 4758 temporibus
578 4683 676 4762 atque
700 4674 858 4751 auribus',
888 4688 924 4740 ut
944 4678 1061 4767 loquar
1089 4702 1163 4746 cum
1186 4678 1404 4759 Quintiliano,
1439 4675 1528 4743 ‘nith'
