3409 5400
546 473 636 541 nra.
659 472 703 553 v,
727 438 772 540 os
791 476 875 559 aas.
898 473 997 541 e-a
1096 497 1138 509 ·-
1251 574 1255 579 ,
1321 484 1401 553 ess

173 630 361 718 pedimento
386 636 560 722 quominus
576 638 684 703 etiam
711 658 771 721 per
799 637 921 701 exitum
936 637 1124 723 sanguinis
1154 643 1206 705 sui
1234 662 1401 733 expugna·

174 739 295 807 tionem
318 752 502 829 perageret,
527 743 568 821 ab
592 742 764 807 obsidione
788 742 950 809 discessit.
992 742 1066 823 Quo
1091 745 1224 831 quidem
1248 758 1315 814 tam
1337 751 1401 815 cle·

175 849 275 910 menti
298 848 385 911 facto
411 850 472 911 etsi
494 870 561 913 non
584 851 681 914 unius
706 850 846 915 ciuitatis
869 850 1012 925 moenia,
1035 852 1182 916 omnium
1205 863 1316 918 tamen
1331 854 1402 919 Cel·

177 951 352 1017 tiberarnm
376 953 503 1019 urbium
527 957 656 1021 animos
679 958 774 1043 cepit,
798 956 971 1043 effecitque
995 966 1029 1020 ut
1051 958 1095 1022 ad
1118 957 1320 1045 redigendas
1345 982 1403 1034 eas

145 1058 208 1123 ein
233 1058 395 1125 dicionem
418 1061 531 1146 populi
559 1062 703 1129 Romani
730 1085 798 1129 non
826 1062 936 1128 multis
965 1063 1030 1127 sibi
1059 1064 1289 1133 obsidionibus
1302 1086 1403 1153 opus

176 1178 274 1233 esset.
749 1242 751 1247 .

265 1272 414 1339 Africani
436 1296 565 1361 quoque
589 1276 778 1361 posterioris
800 1276 991 1343 humanitas
1015 1280 1166 1363 speciose
1189 1280 1320 1368 lateque
1343 1302 1403 1365 pa·
1413 1276 1444 1343 6.

178 1381 246 1445 tuit.
285 1380 482 1467 Expugnata
505 1382 592 1447 enim
615 1381 819 1471 Karthagine
845 1385 934 1449 circa
957 1384 1107 1449 ciuitates
1131 1386 1265 1452 Siciliae
1281 1388 1404 1452 litteras

175 1488 275 1561 misit,
298 1496 334 1549 ut
355 1498 549 1555 ornamenta
572 1488 766 1575 templorum
789 1510 925 1554 suorum
950 1512 971 1553 a
993 1488 1117 1554 Poenis
1145 1503 1241 1576 rapta
1270 1514 1329 1578 per
1358 1491 1405 1556 le·

136 1604 274 1679 ¹⁰gatos
296 1606 529 1679 recuperarent
549 1596 648 1681 inque
677 1596 824 1680 pristinis
854 1595 990 1661 sedibus
1020 1597 1212 1680 reponenda
1243 1609 1404 1663 curarent.

174 1698 377 1767 Beneficium
401 1700 451 1765 dis
475 1703 598 1785 pariter
621 1712 719 1787 atque
742 1701 929 1767 hominibus
952 1702 1137 1787 acceptuml

265 1807 349 1871 Huic
371 1808 459 1872 facto
481 1829 543 1893 par
567 1808 715 1873 eiusdem
745 1810 805 1873 uiri
834 1807 1033 1874 humanitas.
1079 1807 1110 1872 A
1140 1822 1314 1896 quaestore
1343 1834 1404 1877 suo
1416 1806 1449 1871 7.

175 1913 293 1979 hastae
328 1913 492 1980 subiectos
533 1917 682 1999 captiuos
716 1915 891 1990 uendente,
924 1936 1006 2000 puer
1040 1916 1178 1981 eximiae
1211 1918 1339 1983 formae
1374 1927 1407 1982 et

175 2020 320 2085 liberalis
344 2018 476 2084 habitus
500 2020 625 2085 missus
650 2031 710 2085 est.
744 2021 795 2085 De
820 2042 984 2107 quocum
1008 2021 1212 2108 explorasset
1226 2023 1405 2089 Numidam

136 2144 265 2201 messe,
289 2110 404 2191 orbum
435 2128 581 2193 relictum
606 2138 758 2213 epatre,
787 2126 960 2192 educatum
992 2127 1080 2214 apud
1108 2128 1304 2194 auunculum
1331 2128 1404 2193 Ma-

176 2234 343 2308 sinissam,
368 2255 407 2297 eo
430 2235 604 2321 ignorante
627 2235 825 2299 inmaturam
849 2234 1011 2298 aduersus
1027 2229 1198 2299 Romanos
1214 2236 1407 2321 ingressum

176 2340 338 2415 militiam,
358 2350 390 2403 et
413 2341 516 2403 errori
538 2340 624 2405 illius
648 2340 781 2405 ueniam
805 2340 950 2405 dandam
974 2350 1007 2403 et
1027 2340 1192 2405 amicitiae
1207 2324 1299 2425 regis
1315 2338 1406 2403 fidis·

177 2448 253 2511 simi
276 2446 397 2535 populo
421 2444 573 2511 Romano
606 2446 749 2511 debitam
779 2447 1025 2519 uenerationem
1060 2445 1267 2511 tribuendam
1298 2446 1408 2511 existi·

176 2554 290 2617 mauit.
324 2552 438 2639 ltaque
462 2572 599 2636 puerum
624 2551 723 2617 anulo
748 2552 913 2640 fibulaque
936 2574 1039 2618 aurea
1062 2563 1093 2616 et
1115 2554 1227 2619 tunica
1239 2550 1408 2617 laticlauia

134 2658 395 2748 eoHispanoque
420 2658 538 2746 sagulo
564 2668 595 2724 et
617 2668 733 2724 ornato
757 2676 842 2747 equo
868 2659 1036 2737 donatum,
1060 2658 1146 2726 datis
1168 2660 1225 2748 qui
1240 2679 1315 2724 eum
1330 2678 1407 2746 pro·

176 2831 204 2889 2.
223 2840 259 2888 ab
278 2835 428 2903 obsidione]
448 2852 497 2901 per
515 2839 681 2890 obsidionem
700 2835 752 2890 cu
758 2836 790 2890 Γ.
802 2839 816 2907 Η
828 2840 947 2891 decessit
960 2837 989 2892 C.
1008 2838 1119 2890 dicessit
1130 2835 1163 2890 Γ.
1174 2835 1188 2905 ΙΙ
1199 2834 1226 2888 4.
1241 2838 1407 2902 effectusque

177 2906 208 2959 F.
221 2907 234 2976 ΙΙ
245 2906 271 2962 5.
290 2911 343 2960 sibi
360 2910 452 2968 multis
471 2905 505 2960 E.
548 2907 572 2961 l.
593 2908 765 2974 posterioris]
785 2912 932 2975 superioris
950 2905 980 2960 F.
994 2909 1007 2978 ΙΙ
1026 2907 1052 2962 8.
1071 2909 1153 2976 enim]
1172 2925 1288 2976 namque
1306 2905 1397 2974 nnn

178 2979 288 3030 Siciliae
307 2981 429 3044 ciuitates
438 2977 476 3056 Ὶ,Ε
482 2976 507 3031 F
536 2993 589 3031 orr.
607 2979 620 3048 Η
637 2977 662 3032 u.
682 2988 840 3032 omementa
858 2981 1028 3047 templorum]
1050 2984 1267 3033 ornamentorum
1285 2978 1318 3032 Γ.
1335 2977 1348 3050 ΙΙ
1365 2975 1406 3031 10.

177 3051 359 3116 reciperarent
375 3049 465 3172 Pomp!
482 3044 522 3103 il.
542 3051 634 3118 atque]
655 3053 683 3103 et
701 3049 731 3104 F.
749 3048 754 3117 Ι
779 3049 817 3106 12.
838 3051 899 3119 uiri]
919 3055 964 3102 aui
984 3050 1062 3105 Torr.
1081 3047 1094 3120 ΙΙ
1108 3066 1175 3102 suae
1194 3067 1265 3105 corr.
1283 3049 1321 3103 D.
1339 3052 1353 3119 ΙΙ
1366 3046 1408 3102 ll.

178 3124 222 3172 est
239 3125 342 3172 missus
359 3118 397 3174 D.
416 3121 430 3188 Η
464 3117 489 3171 u.
507 3123 650 3190 ingressus
670 3119 756 3192 Aa}
785 3121 827 3176 17.
845 3124 917 3174 illius
939 3125 1022 3174 errori
1039 3120 1071 3177 Γ.
1089 3123 1103 3191 ΙΙ
1121 3118 1162 3175 it.
1181 3119 1274 3188 ebulo]
1293 3117 1407 3173 acar.

176 3189 369 3312 (Reliquilpum
389 3187 466 3242 Torr.
485 3193 603 3258 annulo.)
615 3189 684 3262 1120.
703 3195 729 3244 et
748 3194 855 3262 ornato]
875 3197 903 3246 et
920 3209 970 3249 om,
989 3193 1024 3248 E.
1042 3193 1056 3263 ΙΙ
1068 3197 1196 3246 donatum
1214 3191 1243 3242 iu
1259 3205 1358 3242 rasura
1375 3186 1408 3241 Δ.

178 3265 277 3314 donato
325 3299 333 3314 .

177 3426 209 3476 at
227 3423 340 3503 formam
358 3421 440 3488 longe
459 3421 706 3487 frequentissimam,
714 3425 774 3478 h.l.
792 3425 933 3494 insigniter
952 3423 1092 3474 confirmat
1109 3421 1157 3476 iul.
1170 3420 1257 3480 Paris,
1277 3417 1408 3470 exhibens

179 3491 408 3617 cmwdndd'liio.
427 3563 502 3614 Verr.
521 3561 579 3619 1111.
598 3555 642 3622 33,
663 3557 705 3616 73.

252 3633 276 3688 i.
296 3636 335 3686 ct
353 3635 413 3687 Liu.
430 3633 543 3692 XXVII,
564 3629 605 3685 19.

251 3705 322 3757 Huic
338 3703 412 3766 tara
428 3719 481 3772 por
506 3701 620 3754 etardm
638 3701 693 3756 uiri
710 3702 869 3766 humaniter)
886 3705 1008 3756 Eandem
1026 3702 1096 3754 hanc
1108 3703 1309 3763 humanitatem,
1329 3717 1410 3771 quarn

180 3778 305 3829 Valerius
324 3778 358 3826 ad
383 3778 560 3840 posteriorem
580 3775 733 3839 Scipionem
757 3774 934 3826 Aemilianum
953 3775 1046 3834 reteri,
1070 3790 1135 3825 nem
1159 3777 1192 3825 de
1217 3789 1250 3826 co
1273 3776 1410 3827 dicebatur

181 3935 262 3985 quam
282 3920 359 3968 foede
378 3920 508 3969 errauerit
526 3919 666 3978 Valerius,
689 3919 847 3984 praesertim
872 3934 934 3968 cum
952 3919 1062 3989 stagilla
1079 3919 1272 3981 propemodum
1290 3921 1375 3969 uerba
1392 3935 1412 3968 a

181 3992 258 4042 Liuio
276 3991 412 4040 mutuatus
432 3991 479 4048 eit,
505 4005 538 4038 eo
556 3991 643 4053 patet,
669 3992 739 4054 quod
757 3991 935 4040 Masinissam
960 3991 1022 4039 ente
1044 3991 1177 4038 mortuum
1200 3990 1306 4039 constat
1330 4005 1411 4057 quam

179 4061 314 4126 Scipionis
332 4059 474 4113 Aemiliani
493 4061 570 4111 ductu
590 4063 616 4110 et
635 4062 763 4126 auspiciis
782 4061 883 4112 betium
900 4062 1055 4128 gerebatur.
1091 4059 1161 4115 Nam
1183 4075 1235 4126 quo
1253 4063 1373 4125 tempore
1393 4075 1411 4109 a

179 4133 308 4184 morituro
326 4147 393 4199 rege
412 4132 564 4201 arcessitae
583 4133 626 4182 est
643 4131 746 4195 Scipio,
772 4135 801 4182 ut
822 4133 1000 4182 hereditatem
1018 4132 1085 4181 inter
1102 4132 1174 4180 titios
1192 4132 1251 4183 eius
1269 4132 1409 4190 diuideret,

180 4219 214 4256 eo
232 4204 260 4250 in
278 4201 369 4250 Africa
386 4204 518 4254 militabat
536 4205 586 4251 sub
605 4202 652 4254 Μ’.
671 4203 764 4254 Acilio.
792 4203 830 4254 Cf.
850 4203 910 4254 Vel.
924 4204 956 4262 V,
968 4198 995 4259 2.
1015 4203 1069 4253 eat.
1081 4196 1108 4251 4.
1143 4202 1238 4266 Neque
1251 4205 1410 4258 etiamtum,

179 4288 242 4325 eum
261 4272 444 4326 remittebatur
463 4275 558 4336 captus
576 4288 644 4337 puer
661 4273 794 4331 Massiua,
814 4275 848 4323 ad
869 4273 1001 4337 Scipionis
1013 4273 1247 4335 Romanorumque
1266 4273 1411 4322 amicitiam

179 4360 213 4396 se
237 4341 424 4408 applicauerat
441 4345 604 4402 Masinissa,
625 4345 695 4410 quod
713 4347 804 4394 tamen
822 4345 923 4394 iactum
943 4358 1007 4394 esse
1019 4345 1143 4394 Valerius
1162 4345 1188 4394 b.
1212 4343 1231 4393 i.
1248 4343 1348 4392 indicat
1365 4356 1409 4391 uu.

180 4412 315 4468 amicitiae
337 4411 408 4480 repis
431 4411 561 4481 ‚adsumi
590 4413 689 4482 populo
716 4411 834 4465 Romam
872 4411 985 4464 debitum
1024 4411 1217 4464 ameruuoeem
1244 4407 1412 4462 monades

179 4483 349 4540 ambussit.
391 4489 449 4546 Quo
474 4487 563 4552 magis
588 4487 756 4549 improbandi
780 4488 845 4536 sunt
868 4486 913 4548 qui
936 4485 1061 4552 Pighium
1086 4483 1173 4534 secuti
1195 4497 1229 4532 ex
1246 4497 1300 4532 uno
1320 4482 1412 4533 codice

179 4558 325 4622 Campensi
343 4557 442 4606 nuliius
462 4559 568 4608 omnino
587 4557 650 4607 fidei
667 4561 825 4620 receperunt
837 4553 992 4622 Heiesocto
1000 4568 1056 4624 par
1068 4549 1182 4604 eimdem
1195 4549 1240 4602 osi
1250 4549 1410 4608 amaena.

179 4633 207 4682 et
226 4633 254 4680 ut
271 4627 377 4693 peccati
396 4628 503 4692 culpam
521 4643 540 4677 a
558 4627 667 4679 Valerio
686 4628 869 4686 defenderent,
887 4642 922 4677 ne
935 4628 1031 4676 Latine
1050 4625 1155 4692 quidem
1173 4622 1326 4688 loquentem
1342 4624 1412 4676 iece-

179 4703 250 4756 runb
286 4701 353 4763 Quis
372 4701 443 4754 enim
461 4713 588 4770 umquam
606 4693 721 4752 desdam
738 4695 783 4750 tari
800 4695 985 4753 tammum
1003 4697 1068 4748 dixit
1086 4697 1120 4748 de
1137 4695 1313 4758 humanitate,
1332 4711 1412 4764 quam

1189 4781 1232 4850 et
