3409 5400
285 547 351 619 404
768 535 827 602 DE
851 529 1022 601 osiris.

287 722 320 776 et
343 704 486 774 insulam
509 701 698 768 Samiorum
725 696 894 783 Sylosonti
924 691 1096 759 fruendam
1125 687 1269 754 tradidit.
1321 681 1399 750 Nou
1422 681 1514 746 enim

286 816 423 904 pretium
445 811 495 876 rei
523 809 746 880 aestimatum,
776 803 836 868 sed
865 801 999 864 occasio
1029 793 1230 863 liberalitatis
1258 792 1422 856 honorata
1451 801 1514 860 cst,

285 921 460 1007 magisque
484 939 506 984 a
528 937 592 1004 quo
608 914 730 978 donum
746 909 1009 994 proficisceretur
1023 925 1121 991 quam
1138 901 1182 967 ad
1206 921 1303 988 quem
1325 897 1515 985 perueniret

177 1015 180 1022 ¹
284 1027 466 1114 prouisum.

243 1135 275 1200 2.
374 1129 557 1198 Mitridates
582 1143 712 1214 quoque
734 1143 793 1186 rex
814 1121 991 1207 magnifice
1019 1127 1132 1204 gratos
1157 1113 1322 1200 apparuit,
1354 1110 1541 1198 quoniame

286 1262 347 1327 pro
370 1237 526 1310 Leonico,
550 1233 709 1298 acerrimo
734 1228 849 1294 salotis
875 1245 956 1290 suae
979 1223 1165 1296 defensore,
1194 1243 1214 1284 a
1238 1217 1378 1283 Rhodiis
1402 1215 1513 1280 nauali

289 1365 403 1432 pugna
425 1351 559 1426 excepto
584 1357 699 1402 omnes
722 1333 868 1397 hostium
892 1332 1041 1415 captiuos
1064 1327 1275 1413 permutauit,
1306 1325 1412 1389 satius
1437 1344 1515 1384 esse

289 1451 478 1516 existimans
503 1443 543 1510 ab
572 1441 785 1509 inuisissimis
815 1438 979 1502 circumiri
1003 1435 1209 1522 quambene
1233 1433 1347 1496 merito
1371 1432 1515 1518 gratiam

288 1577 356 1624 non
377 1557 509 1620 referre.

248 1663 280 1734 3.
377 1660 537 1727 Liberalis
578 1653 718 1742 populus
752 1652 925 1716 Romanus
967 1646 1191 1734 magnitudine
1224 1644 1387 1717 muneris
1425 1641 1553 1727 quodto

290 1768 399 1836 Attalo
430 1767 503 1852 regi
532 1763 649 1828 Asiam
678 1760 765 1823 dono
795 1756 894 1820 dedit.
944 1754 1011 1818 Sed
1044 1752 1172 1817 Attalus
1202 1752 1299 1814 etiam
1329 1750 1517 1813 testamenti

292 1873 456 1962 aequitate
481 1879 612 1956 gratus,
644 1867 699 1952 qui
731 1862 870 1926 eandem
900 1861 1016 1924 Asiam
1046 1858 1169 1946 populo
1196 1857 1349 1920 Romano
1379 1855 1518 1942 legauit.

290 1979 405 2066 ltaque
433 1999 494 2042 nee
521 1972 619 2038 huius
649 1969 874 2036 munificentia
902 1989 964 2031 nce
992 1963 1078 2029 illius
1113 1976 1180 2028 tam
1209 1983 1336 2027 memor
1365 1962 1518 2025 beueiicii

293 2087 423 2152 animus
447 2093 493 2146 tot
514 2079 624 2145 uerbis
647 2075 776 2142 laudari
799 2085 916 2160 potest,
941 2083 1018 2160 quot
1042 2070 1268 2158 amplissimae
1292 2069 1441 2132 ciuitates
1466 2065 1521 2128 uel

294 2193 399 2258 amice
422 2189 518 2254 datae
543 2185 596 2250 uel
619 2185 670 2272 pic
693 2179 839 2247 redditae
864 2191 949 2246 sunt.
1013 2230 1017 2238 .
1528 2185 1558 2228 is

251 2299 283 2368 4.
383 2298 536 2362 Ceterum
557 2292 671 2357 nescio
696 2311 739 2352 an
762 2288 937 2374 praecipue
961 2284 1161 2350 Masinissae
1183 2283 1274 2370 regis
1294 2293 1408 2368 peetus
1431 2281 1520 2368 grati

294 2405 395 2472 animi
418 2399 615 2490 pignoribus·
639 2395 736 2461 fuerit
763 2394 928 2459 refertum.
979 2391 1145 2455 Beneficio
1174 2392 1261 2456 onim
1290 2389 1459 2476 Scipionis
1488 2397 1520 2448 et

296 2565 321 2620 1.
341 2564 504 2616 somniorum
523 2558 559 2612 Β.
579 2569 715 2609 semorum
734 2551 763 2607 F.
776 2551 789 2624 11
803 2554 939 2620 syiosunti
959 2549 988 2603 C.
1002 2550 1015 2620 ΙΙ
1029 2550 1110 2617 enimi
1131 2548 1193 2602 odd
1212 2552 1237 2602 ci
1256 2548 1322 2602 ΒΓ.
1332 2545 1347 2616 1Ι
1364 2545 1390 2601 Ξ.
1410 2551 1454 2599 cst
1471 2548 1521 2598 ho·

295 2636 391 2688 norats
410 2632 487 2686 Torr.
499 2628 556 2754 Ιὲῧ.
574 2627 728 2697 magisque]
752 2641 803 2693 qne
821 2639 870 2676 om.
889 2621 918 2675 Γ.
935 2623 950 2691 ΙΙ
965 2623 1118 2687 proueniret
1135 2618 1164 2674 F.
1182 2617 1195 2691 11
1214 2619 1240 2672 4.
1259 2623 1396 2686 peruisum
1408 2616 1446 2671 Τ.
1463 2617 1478 2688 ΙΙ
1493 2614 1521 2670 8.

296 2706 480 2758 iniustissimis
523 2739 529 2754 .
555 2700 760 2767 {circumueniri
783 2693 844 2750 DE
852 2693 930 2747 Torr.
953 2695 1055 2745 circuiri
1079 2690 1108 2744 lr'.
1135 2691 1176 2756 Os.
1198 2691 1259 2745 Ter.
1278 2689 1382 2746 Phora.
1402 2687 1470 2745 iiii.
1490 2683 1519 2743 3,

296 2774 323 2829 11.
341 2772 424 2827 Mart.
443 2790 482 2842 cp.
505 2769 542 2823 Vi
557 2768 580 2824 1.
600 2768 645 2824 dil.
668 2767 708 2822 14.
720 2769 734 2839 ΙΙ
748 2765 788 2821 10.
808 2768 834 2831 S.
853 2761 879 2818 3.
897 2780 946 2817 our.
966 2763 997 2818 Γ.
1011 2770 1024 2832 ΙΙ
1038 2763 1128 2829 populi
1146 2766 1259 2816 Romani
1277 2764 1432 2833 magnitudo
1446 2759 1483 2813 D.
1495 2760 1511 2829 11

298 2845 341 2899 ll.
360 2848 485 2897 dedit-
502 2844 584 2893 etism
602 2854 652 2892 om.
672 2838 703 2891 F.
714 2838 728 2905 ΙΙ
741 2840 812 2889 dedit
831 2840 901 2886 dono
921 2834 997 2887 Torr.
1010 2836 1024 2904 ΙΙ
1043 2831 1084 2887 14.
1103 2840 1174 2896 quod
1192 2834 1221 2889 11.
1236 2834 1250 2906 ΙΙ
1269 2837 1390 2886 ciuitates
1408 2832 1464 2899 iret]
1485 2834 1522 2881 ci·

298 2917 389 2968 uitatis
408 2930 460 2965 uae
477 2912 509 2967 Α.
528 2914 650 2962 ciuitates
669 2924 736 2961 errae
755 2908 792 2961 D.
811 2910 911 2961 ciuitati
931 2908 974 2957 uei
995 2903 1109 2976 CEEss
1127 2902 1166 2960 15.
1185 2910 1272 2960 enrico
1291 2920 1361 2958 corr.
1379 2902 1417 2957 D.
1428 2901 1444 2970 ΙΙ
1456 2904 1522 2952 data

300 2986 328 3041 C.
343 2984 356 3057 ΙΙ
369 2987 415 3052 pis
434 2983 489 3051 1111
501 2985 603 3034 reddito
621 2978 709 3033 osii
724 2977 736 3048 ΙΙ
751 2982 804 3030 sini
821 2976 880 3047 1111
892 2974 933 3029 iti.
951 2980 1096 3043 praecipue
1117 2994 1167 3032 om.
1186 2976 1217 3030 ii.
1231 2978 1244 3049 ΙΙ
1263 2978 1377 3049 gratiosi
1396 2972 1429 3029 Γ.
1445 2974 1460 3042 ΙΙ
1478 2970 1521 3025 ii.

298 3056 442 3125 Scipionis]
462 3050 524 3107 odd.
543 3056 570 3105 et
587 3054 765 3103 Romanorum
785 3050 902 3100 amicitia
920 3046 1025 3100 PTorr.

369 3195 395 3251 3.
413 3198 453 3251 Cf.
463 3198 540 3319 latigo
532 3210 574 3260 ep.
586 3194 646 3244 libr.
659 3192 728 3244 iix.
748 3192 816 3243 Veii.
826 3190 859 3251 11,
872 3185 898 3250 4,
919 3188 943 3243 1.
962 3190 1052 3243 Strab.
1064 3190 1137 3252 iiiii,
1155 3206 1182 3256 p.
1195 3186 1256 3244 624.
1275 3188 1393 3241 Piut'l'i.
1407 3188 1523 3241 Graccb.

300 3268 343 3323 14.
364 3270 436 3323 iiior.
453 3269 485 3327 11,
559 3266 603 3315 aiii

333 3376 337 3383 ,
370 3337 440 3409 quad
456 3335 543 3391 Attalo
561 3334 619 3403 rrpi
630 3332 720 3386 Arium
734 3330 801 3384 doro
815 3330 908 3393 dedit)
926 3332 1058 3390 Valerius,
1078 3347 1137 3381 cnm
1149 3332 1207 3389 1111,
1220 3328 1278 3391 8,4
1295 3332 1415 3383 traderet
1426 3330 1521 3381 Asiam

298 3414 370 3464 bello
389 3414 496 3476 captam
514 3408 603 3460 Attsio
622 3408 679 3475 rogi
698 3406 815 3455 muneris
835 3406 894 3454 ioco
912 3416 977 3453 esse
998 3416 1171 3460 concessam.
1195 3404 1268 3453 baud
1292 3404 1371 3452 dubie
1391 3404 1522 3467 deceptus

299 3487 342 3535 est
360 3482 495 3533 ciceronis
514 3494 603 3531 errore
621 3494 670 3543 pro
689 3476 760 3529 Sosi,
778 3472 822 3533 21,
841 3472 885 3532 58.
906 3474 952 3539 (ct.
970 3474 1002 3525 A.
1022 3474 1089 3526 (icti.
1108 3474 1168 3531 1111,
1189 3468 1231 3532 it,
1250 3470 1307 3538 211.)
1326 3474 1522 3526 confundentis.

298 3557 329 3604 ut
345 3556 419 3604 reete
438 3553 592 3603 adnotatum
617 3550 659 3599 est
681 3562 699 3597 a
717 3546 915 3616 grammaticis,
940 3544 1057 3594 Attalum
1081 3544 1105 3594 il
1129 3560 1187 3594 cnm
1212 3544 1332 3596 Eumene
1356 3545 1455 3601 tratre,
1480 3546 1522 3592 cui

298 3626 385 3675 maior
402 3637 467 3687 pars
485 3622 576 3680 Asiae,
595 3622 676 3671 antea
689 3618 817 3669 Antiocho
837 3618 968 3675 subiecta,
987 3616 1131 3665 donodata
1149 3618 1207 3664 crat
1225 3630 1242 3665 s
1254 3616 1389 3670 Romanis.
1409 3616 1449 3667 Cf.
1462 3614 1521 3665 Liu,

299 3690 449 3751 xxxviii.
467 3688 510 3745 sii.
533 3693 629 3757 Polyb.
647 3690 732 3748 xxii,
753 3684 831 3739 i-i.
868 3688 961 3749 Neque
980 3688 1049 3737 enim
1069 3686 1148 3736 tacite
1166 3687 1251 3736 Meter
1269 3688 1390 3752 cuiquam
1410 3700 1511 3749 persua

300 3764 374 3813 debit
396 3764 546 3825 opinionem
570 3770 662 3817 suam,
681 3762 727 3821 qui
745 3760 899 3808 Ciceronem
918 3758 1062 3808 detondere
1081 3758 1207 3815 conatus,
1234 3757 1337 3808 Attaios
1361 3772 1414 3806 non
1433 3757 1522 3805 seium

299 3834 360 3894 ipso
378 3834 429 3881 boc
447 3834 554 3881 nomine
566 3831 711 3893 praeditos,
730 3842 824 3877 uerum
837 3844 1052 3891 unumquemque
1062 3843 1095 3878 ex
1110 3828 1189 3877 Attali
1207 3830 1284 3891 primi
1297 3829 1413 3891 posteris
1429 3828 1522 3890 appet-

300 3902 371 3949 istos
390 3914 455 3951 esse
472 3902 572 3949 statuit.
609 3900 647 3949 ci.
671 3900 925 3965 ‘Pergameniscires
949 3900 1031 3947 rcicb'
1055 3900 1082 3947 in
1101 3898 1186 3947 Erech
1209 3900 1236 3949 et
1254 3900 1358 3948 Grober
1379 3900 1520 3962 encyciop.

299 3984 327 4032 p.
345 3963 407 4021 iiio.
442 3968 499 4019 lam
519 3983 582 4019 ocro
600 3968 734 4017 Eumenes
752 3968 811 4025 iiie,
836 3970 881 4033 qni
900 3970 1042 4030 acceperat
1060 3970 1161 4027 Asiam,
1181 3984 1293 4037 regnum
1318 3970 1423 4030 reliquit
1448 3968 1522 4017 fratri

300 4038 390 4087 Attalo
408 4038 432 4087 il
450 4040 478 4087 et
494 4040 603 4088 tutelam
622 4037 668 4087 iiiii
688 4037 778 4086 Attali.
815 4036 864 4086 iiio
879 4039 993 4101 denique
1010 4039 1124 4097 Attaios,
1143 4040 1236 4089 tertius
1255 4041 1313 4089 eins
1331 4040 1456 4095 nominis.
1475 4054 1521 4101 po·

299 4108 389 4171 poium
408 4108 556 4157 Romanum
574 4108 701 4158 heredem
720 4106 836 4169 scripsit.
874 4106 913 4156 ct.
925 4105 1023 4157 Strabo
1042 4110 1069 4157 ct
1080 4110 1174 4174 Polyb.
1187 4110 1216 4162 11.
1232 4124 1270 4159 cc.
1302 4111 1422 4173 Apparet
1441 4109 1522 4175 igitur

299 4178 435 4229 Valerium
458 4177 510 4225 boc
534 4177 593 4225 ioco
617 4178 697 4226 alium
721 4178 831 4238 iusuper
854 4177 992 4226 addidisse
1019 4192 1150 4238 errorem,
1182 4194 1242 4229 com
1273 4183 1386 4230 eundem
1415 4182 1524 4243 putaret

297 4250 416 4301 Attalum
440 4248 481 4295 oui
504 4248 604 4295 donata
628 4250 704 4297 esset
728 4245 807 4305 Asia,
830 4248 945 4297 eundem
968 4248 1012 4312 qui
1036 4262 1097 4298 eam
1117 4251 1241 4317 legasset
1257 4250 1394 4306 Romanis.
1415 4253 1443 4300 ot
1461 4264 1523 4298 con·

298 4320 401 4370 indisso
424 4318 543 4369 ultimum
572 4317 642 4367 hune
668 4317 794 4385 Pergami
817 4330 910 4385 regem
933 4331 993 4366 curn
1020 4321 1115 4382 patruo
1145 4334 1208 4377 sum
1238 4321 1324 4371 fuisos
1348 4334 1415 4370 uero
1441 4321 1523 4369 etiam

298 4404 362 4443 esse
385 4388 540 4439 Tomentum
564 4389 591 4438 et
614 4388 658 4452 qui
680 4402 742 4439 eum
769 4388 920 4451 expilaront
941 4388 1042 4439 Valerii
1063 4394 1249 4449 enarratores.
1279 4406 1339 4440 cum
1363 4391 1526 4441 adnotarent

297 4461 424 4519 Attalum,
443 4461 487 4521 qui
505 4458 656 4523 accepisset
674 4458 781 4518 Asiam,
806 4473 886 4508 auom
912 4458 998 4509 tuisse
1020 4460 1094 4519 eius,
1120 4462 1164 4527 qui
1188 4462 1260 4511 banc
1283 4460 1449 4525 prouinciam
1471 4462 1524 4513 iio·

296 4532 384 4583 manis
403 4530 566 4593 reliquisset.

366 4597 498 4669 Beneficio
516 4598 583 4651 ωἰηι
599 4597 733 4667 Scipionis
751 4603 776 4651 st
788 4604 930 4666 peresam
948 4600 1007 4651 Non
1024 4602 1115 4651 tantas
1134 4602 1204 4651 haec
1222 4604 1306 4653 uerba
1319 4601 1419 4652 valerii
1438 4604 1526 4653 edito·

296 4674 370 4723 ribus
387 4672 575 4735 praebuissent
591 4669 770 4730 difficultates,
790 4672 815 4720 si
834 4670 945 4721 Goierus
963 4673 998 4721 de
1015 4674 1127 4737 antiqua
1145 4673 1205 4722 iibri
1224 4672 1370 4723 Beroensis
1389 4673 1528 4737 scriptura

297 4758 377 4807 qoam
395 4744 428 4795 do
446 4743 593 4796 recentiore
611 4744 669 4795 eius
686 4742 893 4807 interpolatione
910 4743 1011 4795 reteue
1035 4743 1184 4795 mouisset.
1231 4744 1349 4803 Etenim
1375 4757 1436 4794 oum
1460 4745 1527 4796 oiim
