3409 5400
515 566 599 633 uls.
622 567 696 646 Vll,
720 570 756 638 0.
780 571 812 649 3,
834 572 905 639 uxr.
929 581 959 650 ς.
984 572 1103 641 3-6.
1355 582 1418 651 bill

180 726 278 790 citas
302 728 497 813 sagacitatis
521 728 832 814 oppiduur'uetusta
855 732 1020 799 nobilitate
1048 732 1192 801 inclitum
1222 738 1335 815 exitio,
1365 742 1419 806 ¹eui

182 830 394 897 destinatum
419 844 498 908 erat,
522 834 689 900 subtraxit.

284 938 520 1005 Demosthenis
544 964 675 1027 quoque
698 945 819 1009 astutia
846 946 981 1011 mirifice
1014 945 1143 1011 cuidam
1168 947 1317 1013 aniculae
1342 949 1458 1016 sue-5.

94 1085 95 1090 .
184 1066 330 1109 cursum
355 1060 416 1121 est,
440 1068 524 1132 quae
541 1050 715 1132 pecuniam
731 1050 872 1136 depositi
890 1054 1023 1135 nomine
1045 1075 1070 1117 a
1082 1052 1210 1119 duobus
1233 1052 1417 1140 hospitibus

94 1178 95 1198 .
157 1148 371 1236 susceperat
387 1174 428 1217 ea
442 1154 637 1218 condicione
649 1168 684 1219 ut
697 1156 786 1221 illam
803 1159 900 1223 simul
913 1161 1058 1245 utrisque
1074 1159 1234 1225 redderet.
1271 1160 1417 1240 Quorum

94 1289 95 1325 i
185 1256 277 1320 alter
300 1258 466 1323 interiecto
492 1271 636 1345 tempore
659 1270 826 1348 tamquam
850 1278 978 1329 mortuo
1002 1268 1093 1330 socio
1118 1266 1272 1352 squalore
1289 1268 1415 1333 obsitus

94 1407 95 1414 .
186 1362 353 1449 deceptae
382 1367 490 1431 omnis
519 1388 671 1431 nummos
701 1370 843 1433 abstulit.
902 1373 1100 1457 Superuenit
1130 1372 1247 1437 deiude
1279 1372 1358 1437 alter
1387 1386 1419 1437 et

94 1507 95 1514 .
186 1467 380 1553 depositum
404 1485 514 1557 petere
537 1476 651 1559 eoepit.
697 1474 864 1540 Haerebat
885 1480 1009 1543 misera
1031 1490 1062 1541 et
1084 1478 1117 1541 in
1132 1480 1274 1543 maxima
1298 1481 1418 1564 pariter

94 1623 95 1638 .
187 1587 223 1636 et
249 1577 410 1659 pecuniae
434 1590 466 1641 et
487 1578 690 1645 defensionis
713 1586 867 1667 penuria.
896 1585 1055 1669 iam[qae]
1080 1583 1121 1647 de
1143 1582 1262 1669 laqueo
1286 1598 1317 1647 et
1343 1606 1417 1649 sus·

94 1719 95 1758 i
145 1682 316 1765 aspendio
340 1684 516 1771 cogitabat.
562 1686 630 1750 Sed
654 1700 836 1772 opportune
859 1688 1101 1753 Demosthenes
1126 1691 1156 1753 ei
1178 1701 1336 1776 patronus
1360 1690 1418 1753 ad·

94 1829 96 1860 r
187 1787 294 1853 iulsit.
342 1789 407 1869 Qui
429 1802 465 1853 ut
487 1792 521 1855 iu
545 1791 797 1858 aduocationem
826 1796 931 1869 uenit,
960 1794 1114 1870 ‘Mulier'‚
1142 1796 1261 1881 inquit,
1291 1806 1418 1880 ‘parata

94 1939 96 1957 .
189 1905 245 1957 est
269 1894 410 1981 depositi
434 1919 471 1961 se
496 1897 559 1961 fide
575 1898 720 1975 soluere;
743 1900 803 1964 sed
819 1902 884 1965 nisi
900 1902 1026 1965 socium
1044 1900 1231 1977 adduxeris,
1254 1902 1288 1966 id
1306 1903 1415 1967 secere

190 2021 263 2063 non
287 2011 402 2085 potest,
427 2004 594 2088 quoniam,
619 2018 653 2069 ut
675 2007 747 2091 ipse
769 2007 975 2083 uociferans,
998 2004 1082 2073 haee
1106 2006 1194 2073 dieta
1217 2018 1267 2073 est
1288 2006 1351 2087 lex,
1375 2030 1416 2073 ne

94 2157 95 2160 ,
190 2107 337 2192 pecunia
361 2108 453 2173 alteri
476 2111 548 2172 sine
573 2110 674 2173 altero
699 2123 930 2179 numeraretur.

94 2307 95 2322 χ
153 2226 183 2269 to
285 2213 335 2278 Ac
366 2236 408 2279 ne
435 2213 514 2278 illud
543 2214 674 2301 quidem
707 2239 824 2302 parum
859 2218 1042 2304 prudenter.
1101 2218 1245 2301 Quidam
1276 2214 1458 2287 Athenisb.

194 2403 220 2461 3.
240 2408 354 2493 ancillae
371 2404 632 2493 ACDEb'l’Toru.
646 2410 658 2477 ΙΙ
673 2414 835 2463 suecueurrit
852 2408 946 2533 Kb*
967 2414 1009 2462 est
1027 2428 1076 2467 om.
1097 2410 1153 2466 CF.
1167 2410 1180 2484 ΙΙ
1195 2414 1318 2479 deposita
1325 2428 1371 2482 pr.
1382 2412 1416 2466 A.

205 2479 220 2547 ΙΙ
231 2481 355 2543 hospitus
372 2476 404 2531 A.
414 2478 428 2546 ΙΙ
441 2476 467 2530 5.
486 2482 621 2546 utriusque
639 2480 668 2535 F.
686 2484 788 2549 utrique
806 2482 869 2534 Par.
915 2480 951 2535 sd.
965 2480 1002 2533 ad
1024 2480 1070 2539 Vl.
1090 2480 1118 2540 b.
1138 2489 1186 2537 est.
1199 2482 1224 2538 3.
1237 2484 1250 2551 ΙΙ
1262 2482 1287 2537 6.
1300 2486 1415 2553 mortuo]

94 2583 96 2596 .
196 2547 259 2601 add.
278 2566 313 2600 uo
328 2565 373 2615 pr.
392 2546 420 2601 0.
439 2547 501 2600 add.
519 2566 569 2601 suo
588 2566 657 2606 corr.
679 2550 769 2618 0117.
789 2556 902 2617 decepta
921 2568 955 2605 ea
972 2551 1038 2607 Dr.
1053 2556 1065 2623 11
1080 2570 1174 2607 omues
1189 2552 1416 2608 CDEFI'Torr.

206 2618 257 2687 118.
277 2624 304 2670 et
322 2620 358 2685 in]
374 2646 386 2672 ι
405 2621 431 2669 in
449 2619 480 2673 A.
504 2622 530 2671 io
549 2622 653 2681 (omaso
672 2626 709 2679 et)
731 2620 874 2675 Dl'l'err.
891 2625 904 2693 ΙΙ
920 2618 945 2676 il.
965 2625 1082 2693 lamque]
1109 2642 1159 2693 que
1178 2642 1227 2679 om.
1247 2624 1336 2678 ΜΡ.
1359 2626 1416 2678 siae

94 2710 95 2725 ¹
195 2690 272 2743 uasis
292 2688 392 2756 Tarni!
408 2688 446 2745 10.
466 2697 612 2757 oportunae
636 2690 694 2754 (sed
710 2692 759 2746 litt.
778 2712 795 2744 a
812 2693 923 2752 induet.)
946 2693 978 2747 Α.
995 2695 1009 2764 Η
1027 2696 1061 2764 ei]
1087 2704 1147 2749 ante
1164 2699 1361 2750 Demosthenes
1379 2696 1415 2750 E.

95 2802 96 2807 ,
197 2779 245 2816 am.
265 2760 295 2816 F.
307 2763 322 2830 ΙΙ
333 2763 416 2812 arllnit
432 2761 476 2813 uel
492 2765 567 2816 afficit
586 2763 733 2818 caspar.
752 2765 766 2836 ss
786 2762 827 2818 ll.
850 2767 888 2833 in]
911 2781 960 2817 om.
980 2782 1024 2834 pr.
1043 2769 1074 2820 Δ.
1098 2771 1133 2818 ad
1157 2767 1193 2821 D.
1222 2767 1256 2819 Vt
1272 2783 1320 2819 aas
1337 2767 1416 2820 etiam

197 2833 258 2886 Par.
273 2832 285 2900 ΙΙ
300 2835 466 2884 uocationem
487 2830 541 2887 CF.
560 2839 742 2887 edocationem
762 2835 796 2888 Ε.
808 2836 822 2906 ΙΙ
837 2833 876 2888 12.
896 2851 927 2888 se
949 2839 1062 2902 depositi
1079 2837 1114 2891 E.
1131 2837 1144 2905 ΙΙ
1161 2839 1239 2889 fldem
1258 2838 1285 2890 Ε
1303 2844 1328 2890 et
1345 2853 1416 2893 sorr.

197 2901 233 2957 D.
245 2903 259 2970 ΙΙ
274 2901 313 2958 ld.
332 2904 371 2970 ut]
391 2901 453 2957 add.
473 2907 499 2955 tu
519 2903 549 2958 F.
562 2905 575 2973 ΙΙ
589 2905 630 2960 lb.
650 2912 802 2958 numeretur
820 2921 889 2959 corr.
902 2906 934 2962 Α,
957 2905 1033 2960 Torr.
1052 2910 1196 2960 minaretur
1211 2908 1238 2962 C.
1251 2910 1264 2978 ΙΙ
1279 2907 1318 2962 15.
1338 2911 1372 2961 At
1383 2908 1416 2963 F.

95 3000 96 3005 =
211 2971 224 3044 ΙΙ
238 2978 282 3028 tlte
300 2973 335 3029 E.
349 2973 362 3046 ΙΙ
377 2975 492 3042 quidem]
508 2981 571 3044 post
588 2995 682 3044 parum
704 2976 780 3031 Torr.
799 2980 860 3045 quid
879 2977 910 3032 F.
929 2993 978 3032 om.
998 2977 1028 3032 Γ.
1044 2977 1056 3048 ΙΙ
1071 2980 1194 3047 Quidam]
1215 2982 1258 3047 qul
1279 2979 1339 3034 Oli.

699 3095 912 3108 ᾖ

268 3152 295 3206 b.
313 3153 443 3214 aniculae)
460 3156 572 3206 Codices
591 3161 618 3207 ct
636 3158 768 3208 editiones
786 3172 891 3209 summo
907 3171 1040 3210 consensu
1054 3156 1167 3209 ascidae
1179 3159 1316 3221 praebent.
1352 3153 1415 3208 dai·

201 3224 272 3276 osias
294 3241 310 3275 e
334 3227 390 3275 luth
414 3226 517 3276 Paridis
541 3229 699 3291 compendio
722 3231 777 3286 est.
800 3232 873 3300 paud
897 3230 921 3279 is
946 3231 1017 3280 certe
1041 3245 1092 3280 uon
1117 3243 1150 3280 ex
1172 3229 1279 3296 iugenio
1306 3242 1351 3290 pre
1370 3227 1416 3276 illo

201 3297 342 3351 substituit,
361 3297 409 3345 sed
428 3297 552 3345 traditum
571 3300 682 3361 aceepit.
701 3301 771 3348 adeo
789 3304 818 3349 ut
835 3301 991 3351 necessario
1004 3302 1039 3348 ab
1057 3299 1141 3350 altero
1155 3299 1188 3348 ad
1208 3299 1319 3348 alterum
1339 3299 1416 3346 aber·

202 3370 284 3417 ratum
303 3379 367 3415 esse
385 3367 490 3416 debeat.
526 3368 561 3415 st
578 3373 678 3428 qttaato
697 3369 801 3418 facilius
825 3373 932 3432 poterat
955 3372 989 3418 ab
1014 3371 1119 3420 anicula
1143 3369 1169 3418 in
1193 3368 1316 3416 ancillam
1337 3381 1416 3432 qrram

203 3437 310 3487 eontra?
340 3437 447 3485 Accedit
465 3437 534 3500 quod
553 3439 657 3495 omnia,
681 3453 752 3499 quae
775 3441 809 3490 ds
831 3441 943 3489 muliere
967 3441 1002 3488 ab
1026 3440 1132 3501 hospite
1155 3439 1334 3486 circumuenta
1357 3451 1418 3485 nar·

203 3515 298 3565 santus,
316 3509 343 3556 in
360 3508 505 3574 ingenuam
523 3509 606 3558 mutto
623 3509 719 3558 melius
738 3511 836 3558 cadunt
855 3523 934 3576 quarn
958 3509 984 3556 in
1008 3523 1125 3558 seruam.
1170 3510 1336 3569 Quapropter
1353 3506 1416 3557 illud

202 3581 318 3642 resipere
335 3593 388 3628 non
407 3578 533 3630 dubitaui.

269 3655 296 3700 et
312 3648 340 3700 is
357 3647 472 3700 maxima
489 3675 524 3686 -
542 3646 666 3716 iura[que]
691 3645 724 3698 de
743 3646 845 3713 laquem
869 3649 985 3700 Retinuit
1008 3648 1147 3712 archetypi
1166 3647 1344 3698 testimonium
1364 3648 1414 3712 pri·

205 3723 284 3771 rossia
307 3721 366 3771 libri
389 3721 521 3771 Danielini
546 3721 691 3782 scriptura,
719 3716 855 3769 Haerebat
875 3717 974 3770 misera
1001 3723 1027 3770 et
1052 3718 1081 3768 ia
1107 3717 1221 3768 maabaa
1244 3745 1278 3754 -
1299 3717 1414 3784 penuria

97 3794 98 3815 ²
204 3791 300 3858 iamque
318 3788 351 3842 de
367 3789 460 3858 laqueo
478 3795 504 3841 et
520 3787 661 3856 suspendio
679 3785 819 3854 aoqitubat.
860 3791 889 3840 lu
907 3792 1004 3853 quibus
1025 3791 1213 3846 emendandis,
1238 3804 1296 3838 eum
1320 3792 1366 3838 ard
1389 3793 1414 3839 et

98 3862 99 3871 ’
206 3867 248 3913 sut
264 3877 311 3929 que
322 3864 348 3913 io
360 3860 464 3929 masque
480 3862 623 3919 redundet,
642 3861 753 3910 alterius
765 3860 882 3910 familiae
900 3863 1006 3914 codices
1025 3862 1050 3911 in
1069 3862 1137 3910 duas
1154 3861 1245 3924 partes
1262 3861 1411 3926 digrediun-

206 3940 244 3985 tur
258 3935 337 3984 modo
354 3935 425 3984 hane
442 3935 522 3983 modo
539 3934 613 3982 illam
636 3932 815 3996 copulatiusm
837 3932 995 3994 particulam
1014 3933 1143 3984 delentes.
1185 3931 1269 3980 Credo
1288 3931 1410 3992 equidem

98 4012 99 4015 ’
207 4006 333 4055 librarium
346 4006 430 4055 altero
443 4006 501 4055 loeo
513 4019 562 4071 pue
573 4005 760 4067 interpolasse.
776 4003 821 4064 qui
833 4003 969 4069 ignoraret
982 4004 1056 4054 rrerbi
1072 4000 1181 4054 haerere
1190 4002 1313 4052 absolute
1331 4002 1411 4065 positi

98 4074 99 4099 ¹
207 4076 428 4144 significationem.
464 4077 541 4125 Paris
559 4078 632 4124 certe
649 4076 676 4123 id
694 4075 789 4136 ipsam.
808 4075 879 4136 quod
892 4087 942 4123 nos
961 4075 1099 4132 edidimus.
1117 4075 1145 4124 iu
1164 4089 1213 4124 suo
1226 4073 1325 4122 Valerii
1344 4075 1409 4122 libro

208 4148 304 4214 legisse
328 4148 443 4204 uidetur.
470 4162 528 4196 curn
552 4148 623 4195 haue
646 4147 806 4194 seutentiam
831 4145 939 4194 breuius
963 4146 1000 4194 lta
1023 4146 1178 4203 reddiderit,
1201 4141 1329 4194 Aniculae
1352 4141 1411 4194 bae·

99 4278 100 4281 Ἴ
208 4217 267 4268 resti
289 4222 365 4284 atque
383 4215 498 4285 pesun'a
521 4213 681 4280 defessionis
703 4213 813 4266 territae
834 4213 1020 4266 Demosthenes
1037 4219 1167 4282 patronus
1195 4212 1291 4279 adsuit.
1339 4215 1412 4262 idem

99 4292 100 4301 ¹
208 4294 288 4338 sutem
312 4289 389 4339 Paris
418 4289 620 4338 usitatissimam
643 4287 818 4342 locationem.
848 4301 902 4350 qua
936 4288 1034 4336 adesse
1057 4288 1161 4349 patroni
1190 4287 1309 4334 dieantur
1333 4284 1434 4331 clien-¹

208 4362 277 4416 tibus.
296 4375 345 4424 pro
363 4361 495 4409 arcessito
512 4361 540 4408 et
557 4359 700 4421 improprio
718 4359 744 4406 in
763 4357 1000 4424 esreadt'ulgeudi
1019 4360 1101 4406 uerbo
1120 4356 1263 4406 substituit.
1294 4354 1368 4414 Quod
1388 4353 1412 4400 si

209 4433 269 4481 idem
287 4431 385 4480 factum
404 4433 446 4480 est
462 4431 490 4479 lu
508 4429 643 4479 codicibus
663 4429 793 4486 familiae,
816 4443 897 4489 qusun
917 4431 952 4476 s¹¹
970 4429 1073 4484 notaui,
1100 4441 1194 4476 uereor
1216 4438 1250 4474 ue
1275 4425 1333 4487 qais
1352 4423 1413 4472 inde

210 4503 360 4552 sdtioitatem
379 4503 512 4566 quandam
530 4501 599 4549 inter
616 4500 684 4549 haec
705 4499 830 4565 exempla
853 4501 880 4548 et
902 4498 1103 4562 epitomatorem
1121 4497 1213 4544 lulium
1232 4494 1353 4542 Paridem
1373 4508 1413 4544 ro·

210 4575 339 4636 petendam
358 4586 423 4622 esse
441 4573 584 4622 existimet.
620 4571 688 4620 Nam
706 4573 733 4621 in
751 4572 865 4622 eandem
884 4571 1061 4620 coniecturam
1077 4567 1202 4616 facillime
1221 4564 1289 4612 alius
1309 4579 1413 4628 qnoque

211 4645 321 4694 librarius
339 4644 455 4694 insidere
472 4645 586 4707 poterat.
628 4644 819 4706 comprobatur
836 4643 926 4692 autem
951 4655 985 4691 ea
1004 4639 1078 4689 uerbi
1096 4633 1251 4702 adtulgendi
1274 4636 1413 4684 translatio

211 4716 233 4766 iu
247 4717 294 4765 boe
311 4729 393 4779 opere
412 4716 492 4765 simili
509 4715 632 4778 exemplo
651 4713 707 4772 Vll,
725 4710 752 4774 b,
770 4715 824 4767 ext.
846 4710 882 4774 1.,
906 4706 1073 4762 Cretensibus
1094 4705 1134 4758 ts'l
1150 4701 1349 4773 subpraestitis·
1367 4703 1414 4758 ad·

204 4783 281 4855 sutu't.
316 4787 355 4838 Ci.
373 4787 432 4838 Liu-
449 4787 538 4849 XXX,
556 4779 601 4846 ³⁰,
619 4780 662 4838 15.
