3409 5400
603 436 688 503 bin.
709 433 765 515 111,
789 436 826 503 0.
849 438 882 515 2,
906 447 936 514 t.
961 440 990 502 7.
1341 436 1407 505 249
1466 456 1468 460 ·

272 598 366 663 Idem
387 599 500 685 Scipio
515 596 730 673 Aemilianus,
753 620 827 662 cum
848 601 883 662 in
905 596 1068 691 Hispania
1090 599 1151 663 sub
1169 598 1303 664 Lucullo
1327 598 1409 665 duce

181 707 338 773 militaret
359 716 456 791 atque
472 703 656 781 Intercatia,
679 704 902 791 praeurdidum
920 706 1085 792 oppidum,
1109 706 1409 780 circumsederetur,

88 899 89 902 Ι
183 816 311 901 primus
345 814 479 877 moenia
512 813 581 877 eius
617 812 817 879 conscendit.
871 812 986 900 Neque
1021 825 1091 879 erat
1124 816 1159 877 in
1193 834 1232 875 eo
1268 813 1410 877 exercitu

88 915 89 930 ¹
184 922 362 1007 quisquam
384 929 442 983 aut
461 917 627 983 nobilitate
650 931 708 983 aut
730 920 829 983 animi
849 920 959 985 indole
984 932 1039 985 aut
1060 920 1176 985 suturis
1200 921 1291 995 actis,
1315 919 1408 983 cuius

159 1028 296 1113 smagis
332 1024 430 1092 saluti
456 1026 547 1111 parci
576 1036 608 1087 et
640 1026 768 1089 consuli
802 1026 943 1091 deberet.
993 1028 1062 1093 Sed
1097 1038 1171 1099 tunc
1206 1024 1408 1093 clarissimus

185 1134 327 1219 qpisque
355 1133 513 1198 iuuenum
540 1153 600 1216 pro
628 1130 861 1218 amplificanda
890 1144 921 1197 et
949 1134 1070 1199 tuenda
1098 1134 1204 1219 patria
1236 1132 1409 1217 plurimum

184 1239 309 1304 laboris
341 1259 380 1301 ae
410 1236 545 1323 periculi
574 1238 774 1313 sustinebat,
811 1239 957 1305 deforme
987 1241 1050 1305 sibi
1085 1242 1290 1313 existimanS,
1326 1258 1408 1323 quos

186 1345 345 1431 dignitate
368 1354 559 1435 praestaret,
583 1344 625 1409 ab
639 1343 694 1408 his
708 1346 827 1409 uirtute
849 1349 1008 1430 superari.
1047 1346 1190 1433 Ideoque
1205 1344 1408 1411 Aemilianus

185 1451 274 1515 hanc
289 1450 437 1515 militiam
451 1450 525 1515 aliis
548 1460 680 1536 propter·
696 1451 918 1517 difficultatem
935 1454 1111 1517 uitantibus
1128 1453 1190 1517 sibi
1206 1452 1409 1537 depoposcit.

149 1578 178 1621 u
277 1556 436 1644 Magnum
462 1558 545 1622 inter
573 1556 655 1621 haec
678 1557 874 1623 fortitudinis
897 1558 1080 1644 exemplum
1104 1560 1279 1644 antiquitas
1304 1556 1407 1621 offert.
1420 1558 1450 1625 7.

184 1664 331 1729 Romani
352 1662 530 1732 Gallorum
559 1666 700 1728 exercitu
727 1664 829 1748 pulsi,
860 1687 936 1733 cum
965 1688 1000 1731 se
1029 1669 1063 1731 in
1093 1664 1287 1751 Capitolium
1315 1673 1348 1725 et
1375 1662 1409 1725 in

186 1792 297 1835 arcem
322 1771 517 1845 conferrent,
539 1772 639 1856 inque
662 1769 715 1835 bis
739 1770 875 1837 collibus
899 1776 1019 1839 morari
1031 1792 1149 1837 omnes
1174 1792 1240 1835 non
1263 1778 1408 1854 possent,

186 1877 414 1941 necessarium
449 1876 622 1941 consilium
655 1878 690 1939 in
729 1876 830 1961 plana
868 1892 959 1963 parte
995 1880 1083 1945 urbis
1122 1874 1409 1963 relinquendorum

189 1984 357 2047 seniorum
372 1994 537 2067 ceperunt,
554 2006 619 2069 quo
634 1984 763 2048 facilius
779 1986 931 2049 iuuentus
947 1986 1102 2071 reliquias
1117 1984 1246 2069 imperii
1260 1990 1409 2045 tueretur.

149 2105 178 2149 rs
190 2087 340 2153 Ceterum
369 2110 411 2151 ne
438 2088 494 2152 illo
523 2091 655 2175 quidem
684 2101 749 2153 tarn
778 2091 900 2154 misero
930 2102 1060 2176 tamque
1088 2089 1236 2153 luctuoso
1266 2098 1409 2172 tempore

189 2195 306 2259 ciuitas
330 2203 445 2257 nostra
468 2196 595 2261 uirtutis
619 2220 701 2263 suas
724 2198 823 2263 oblita
844 2207 904 2259 est.
942 2194 1095 2259 Defuncti
1119 2196 1206 2257 enim
1227 2190 1409 2257 honoribus

190 2302 311 2386 apertis
333 2300 442 2364 ianuis
465 2302 499 2363 in
529 2303 691 2368 curulibus
721 2304 810 2368 sellis
838 2324 913 2365 cum
940 2301 1125 2387 insignibus
1149 2300 1409 2385 magistratuum,

190 2428 272 2493 quos
289 2418 473 2493 gesserant,
490 2409 824 2495 sacerdotiorumque,
841 2430 926 2495 quae
943 2418 1035 2471 erant
1047 2406 1166 2491 adepti,
1182 2402 1409 2473 consederunt,

190 2527 223 2577 nt
246 2524 279 2575 et
304 2514 368 2597 ipsi
396 2513 431 2575 in
459 2535 582 2578 occasu
610 2538 671 2581 suo
700 2515 907 2601 splendorem
938 2526 969 2577 et
996 2522 1189 2578 ornamenta
1216 2508 1408 2594 praeteritae

152 2620 276 2683 sanitae
300 2617 475 2682 retinerent
497 2631 529 2682 et
550 2620 637 2707 plebi
660 2620 702 2686 ad
725 2622 839 2685 fortius
865 2619 1075 2686 sustinendos
1100 2640 1198 2681 casus
1216 2636 1295 2680 suos
1319 2649 1409 2691 m.

191 2725 399 2790 Venerabilis
429 2747 542 2792 eorum
565 2740 718 2814 aspectus
742 2731 846 2814 primo
871 2729 1019 2794 hostibus
1044 2727 1103 2790 suit
1131 2737 1162 2788 ct
1191 2723 1333 2818 nouitate
1364 2724 1412 2785 rei

191 2843 226 2895 et‘
244 2833 489 2922 magnificanda
511 2834 615 2899 cultus
640 2847 671 2897 et
692 2837 765 2920 ipso
786 2835 945 2900 audaciae
970 2838 1090 2923 genere
1114 2831 1296 2895 commotis
1343 2828 1410 2892 Sed

190 2939 265 3026 quis
289 2939 449 3004 dubitaret
471 2943 550 3028 quin
573 2954 605 3005 et
626 2941 710 3006 Galli
733 2955 765 3006 et
787 2945 928 3006 uictores
951 2941 1040 3006 illam
1065 2937 1311 3004 admirationem
1335 2955 1410 2998 mox

188 3049 222 3110 in
248 3047 348 3110 risum
373 3058 405 3108 et
424 3048 458 3110 in
483 3069 580 3112 omne
596 3049 809 3113 contumeliae
826 3069 930 3136 genus
947 3045 1137 3110 conuersuri
1160 3040 1296 3108 essent‘?
1335 3040 1409 3105 Non

191 3223 215 3277 l.
236 3221 299 3272 item
317 3219 404 3276 ΒΟΕ
420 3231 446 3278 ct
461 3240 503 3292 pr.
521 3224 553 3277 Α.
572 3241 621 3279 om.
640 3225 672 3278 Γ.
686 3223 699 3290 ΙΙ
712 3229 739 3276 in
757 3243 804 3278 orn.
826 3224 883 3277 CF.
894 3223 908 3290 ΙΙ
920 3221 944 3277 2.
964 3225 1128 3275 intercatiam
1141 3218 1173 3273 Β.
1193 3221 1354 3271 interratium
1373 3217 1410 3270 D.

198 3297 213 3362 ΙΙ
227 3295 458 3347 circumsideretur
475 3296 537 3348 Par.
557 3303 583 3349 et
599 3311 669 3347 corr.
681 3295 712 3347 A.
723 3294 956 3347 ‘circumsederunt
969 3293 1001 3346 Β.
1017 3289 1067 3420 ΙΙΙ.
1087 3294 1191 3343 actibus
1208 3289 1245 3345 D.
1260 3289 1272 3358 ΙΙ
1286 3286 1312 3342 5.
1332 3290 1411 3339 salini

188 3381 237 3416 ma
259 3365 282 3412 ‘⁸
300 3361 428 3424 (I‘DTorr.
450 3365 456 3434 Ι
476 3363 500 3416 8.
519 3369 635 3431 ideoque
654 3397 687 3404 —
707 3363 755 3432 (9.)
776 3369 932 3432 depoposcit
949 3383 997 3420 om.
1041 3364 1073 3432 ,ΙΙ
1090 3359 1115 3412 il.
1142 3363 1263 3428 deposcit
1280 3355 1313 3412 B.
1333 3357 1346 3432 ΙΙ
1368 3356 1409 3411 10.

188 3437 217 3500 5.
237 3379 331 3484 llam
350 3433 381 3488 Γ.
400 3435 475 3488 Finit
491 3437 540 3488 loc
558 3437 671 3505 exemplo
696 3435 817 3488 Ianuarii
840 3435 982 3506 Nepotiani
1006 3435 1123 3504 epitome.
1143 3431 1155 3502 ΙΙ
1178 3427 1216 3484 13.
1243 3434 1322 3497 plene
1347 3427 1398 3496 0.ΙΙ

188 3507 265 3556 urbis
283 3509 360 3569 parte
379 3510 512 3559 seniorum
531 3511 760 3574 relinquendorum
783 3505 859 3559 Torr.
870 3509 884 3574 ΙΙ
900 3506 939 3558 ii.
963 3510 1086 3558 curilibus
1106 3503 1134 3557 C.
1151 3502 1165 3572 ΙΙ
1182 3499 1224 3554 20.
1245 3505 1315 3553 uitae
1334 3517 1410 3568 prae·

188 3578 286 3628 terius
306 3575 383 3628 Torr.
397 3578 410 3646 ΙΙ
421 3581 499 3642 plebe
519 3579 546 3630 in
565 3594 662 3630 rasura
678 3577 710 3630 A.
735 3581 841 3643 piebem
866 3575 998 3638 (E)'l'orr.
1019 3577 1031 3644 ΙΙ
1051 3578 1156 3628 tortium
1175 3571 1264 3626 ABG.
1290 3575 1410 3624 fortunae

187 3645 253 3713 1111
265 3648 343 3713 suos]
363 3662 412 3700 orn.
431 3647 467 3702 D.
486 3666 536 3702 suo
555 3665 624 3703 corr.
643 3648 675 3708 Α,
696 3647 772 3700 Torr.
791 3644 854 3700 add.
874 3650 1015 3712 splendore
1034 3651 1061 3699 et
1079 3647 1235 3699 ornamenta
1251 3647 1410 3708 praeteritae

189 3720 262 3768 uitae
286 3720 432 3770 retinerent
453 3717 485 3772 A.
510 3718 611 3772 addunt
633 3721 784 3785 exemplum
807 3722 967 3786 praeberent
985 3735 1054 3772 corr.
1081 3717 1115 3777 C,
1147 3717 1297 3782 exemplum
1317 3718 1410 3766 darent

188 3785 230 3844 D.
248 3791 400 3840 animarent
414 3790 450 3851 E,
469 3794 561 3862 uigore
579 3796 756 3858 prouocarent
776 3789 853 3842 Torr.
868 3787 937 3857 1123.
957 3791 1027 3858 quis]
1047 3791 1090 3859 qui
1108 3785 1142 3840 Ε.

189 3965 318 4016 umquam
336 3952 425 4014 spotia
442 3953 533 4017 opima
557 3968 733 4005 consecrasse
758 3954 814 4004 Ioui
838 3953 933 4002 alienis
957 3951 1084 4015 aruspiciis
1109 3949 1266 4000 militantem
1291 3950 1316 3999 ei
1341 3965 1411 4012 quse

188 4023 326 4085 saprade
346 4025 374 4072 C.
395 4025 480 4074 Cosso
499 4026 655 4088 prodiderit,
670 4027 802 4092 magistro
821 4025 938 4088 equitnm
956 4038 1017 4072 cum
1036 4023 1165 4072 bonorem
1183 4022 1319 4070 assecuto.

263 4087 288 4145 7.
308 4093 347 4145 CI.
360 4093 418 4144 Liu.
433 4097 464 4152 V,
477 4091 521 4146 41.
539 4096 606 4148 Plut.
620 4099 693 4146 Cain.
707 4091 749 4146 22).
769 4095 840 4146 Flor.
852 4096 872 4152 l,
886 4087 911 4150 3,
928 4089 967 4145 14.
988 4095 1067 4144 Oros.
1080 4093 1111 4149 ll,
1131 4087 1170 4144 itt.
1190 4093 1285 4142 Zousr.
1299 4090 1355 4147 Vll,
1368 4085 1411 4143 23.

262 4177 341 4214 caras
357 4178 419 4216 ruas
436 4187 451 4216 ι
464 4187 479 4216 n
493 4192 526 4217 ..
543 4162 717 4226 Venerabilis)
734 4168 868 4216 Bonorum
887 4166 1012 4214 librorum
1031 4177 1180 4214 consensus
1200 4163 1411 4222 deterioremque

188 4235 373 4298 discrepantia
391 4236 489 4298 liquido
508 4239 628 4287 declarat
646 4237 779 4287 excidisse
798 4239 824 4286 in
837 4238 985 4300 archetypo
1005 4236 1105 4300 aliquot
1122 4237 1214 4289 uerba,
1233 4235 1268 4282 ab
1288 4230 1410 4278 illIsitern

187 4305 295 4363 abens,
314 4307 343 4354 io
368 4307 410 4356 bis
436 4308 510 4372 traria
533 4310 568 4358 ad
586 4309 722 4359 arbitrium
745 4308 913 4357 librariorum
938 4308 1069 4370 suppletu.
1107 4305 1229 4355 Codicem
1248 4303 1411 4350 Beruensorn

188 4379 235 4439 qui
256 4376 372 4438 scripsit,
391 4380 532 4440 practerea
551 4380 635 4429 oculis
655 4380 758 4441 lapsus,
778 4393 847 4442 quae
866 4379 1073 4440 praecesserunt
1092 4391 1134 4425 uu.
1153 4367 1291 4439 splendore
1304 4397 1337 4406 -
1350 4367 1411 4419 rsti-

187 4450 283 4496 went
306 4447 333 4498 b.
358 4449 375 4497 l.
398 4449 512 4502 itersuit.
556 4449 596 4500 nc
621 4451 754 4515 capienda
777 4449 874 4498 lacuna
898 4449 1020 4509 equidem
1051 4443 1202 4509 desperant.
1247 4441 1411 4490 Sententiam

188 4518 329 4568 Valerium
347 4519 418 4570 banc
436 4520 493 4570 fere
511 4523 636 4584 posuisse
655 4520 820 4575 crediderim.
839 4523 869 4568 ut
882 4515 956 4585 plebi
975 4515 1011 4568 ad
1027 4515 1132 4582 sortiar
1154 4508 1318 4566 manaan
1335 4525 1413 4562 cases

186 4603 253 4640 nos
275 4603 323 4638 sao
349 4587 463 4658 exempto
487 4589 670 4658 ceafirswmt
692 4590 800 4642 animos.
836 4591 946 4641 Videtur
965 4593 1053 4640 autem
1073 4587 1172 4638 lusisse
1189 4585 1287 4634 ,auctor
1317 4582 1344 4632 in
1367 4599 1410 4637 uu.

188 4673 288 4710 mensu
305 4674 353 4712 sao
372 4663 400 4712 et
417 4675 494 4714 carus
510 4675 580 4714 sacr.
