3409 5400
367 539 411 605 20

366 703 517 788 inspecta
539 721 615 764 esee
639 697 885 766 concedendum
908 701 960 764 sit.
1006 698 1121 788 Neque
1145 701 1232 768 enim
1255 709 1305 766 est
1327 719 1383 766 cur
1403 698 1531 765 dubitent

368 811 446 898 quin
468 808 651 874 Munatium
673 809 813 884 Rufum,
845 808 981 872 Catonis
1004 810 1158 895 praetorii
1181 811 1323 875 amicum
1347 810 1531 895 Cypriacaeqr

367 916 581 1004 expeditionis
606 919 772 992 comitem,
796 917 849 980 cui
873 928 905 980 et
926 913 1122 982 Plutarchus
1151 917 1185 980 in
1207 919 1277 982 uita
1300 916 1426 982 Catonis
1447 915 1531 980 multu

366 1047 403 1092 se
427 1025 545 1090 debere
568 1025 700 1100 fatetur,
730 1024 923 1109 primarium
953 1025 1068 1089 ducem
1099 1023 1445 1101 habuerit11ss‚3,t.
1485 1023 1531 1090 Ide

366 1133 540 1199 dicendum
562 1132 689 1198 uidetur
720 1131 760 1194 de
783 1130 967 1219 Pomponio
990 1132 1096 1208 Rufo,
1126 1135 1283 1220 scriptore
1313 1133 1354 1198 ab
1383 1133 1462 1207 aliis,
1490 1154 1531 1217 qn

365 1242 480 1316 sciam,
503 1263 571 1304 non
587 1251 852 1315 commemorato,
878 1241 969 1304 cuius
994 1243 1214 1306 testimonium
1237 1263 1254 1303 e
1277 1239 1474 1306 collectorum
1493 1237 1531 1304 lib

360 1349 495 1436 petitum
527 1347 629 1412 semel
657 1347 860 1434 amplectitur
890 1345 967 1424 llll,
999 1351 1037 1424 4,
1068 1351 1152 1425 init,
1185 1370 1382 1437 quamquam
1408 1348 1445 1411 de
1474 1359 1531 1412 aete

361 1458 432 1522 eius
456 1454 538 1520 nihil
561 1467 760 1542 compertum
784 1454 964 1532 habemus,
995 1457 1084 1522 idem
1114 1458 1154 1521 de
1180 1455 1225 1522 M.
1254 1455 1401 1521 Terentio
1422 1454 1531 1520 Varror

360 1565 396 1628 in
420 1565 513 1628 cuius
536 1565 755 1630 monumentis
783 1563 956 1650 praeclara
977 1564 1034 1629 illa
1056 1566 1182 1629 uirtutis
1213 1566 1362 1652 praemia
1389 1567 1422 1628 in
1442 1562 1484 1627 M.
1506 1564 1529 1628 S

361 1674 448 1738 cium
472 1669 647 1736 Dentatum
672 1683 832 1760 congesta
855 1673 1041 1759 repperisse
1065 1695 1102 1737 se
1126 1675 1171 1737 ait
1193 1669 1269 1738 Val.
1293 1670 1352 1747 lll,
1376 1672 1410 1746 2,
1440 1670 1517 1751 24¹),

361 1799 383 1844 a
414 1801 478 1866 quo
508 1778 597 1845 haud
627 1777 723 1844 dubie
756 1779 822 1844 alia
852 1801 980 1867 quoque
1012 1782 1154 1845 auctoris
1189 1783 1320 1845 nomine
1348 1801 1413 1844 non
1441 1778 1531 1842 indic.¹

361 1887 533 1952 transtulit.
580 1887 701 1952 Refero
726 1886 770 1952 ad
793 1885 956 1953 Varronis
981 1892 1220 1962 auctoritatem,
1249 1899 1284 1951 ut
1311 1910 1417 1974 pauca
1437 1907 1531 1972 exem]

361 2017 494 2082 ponam,
520 2015 604 2082 quae
628 1996 661 2059 in
684 1993 748 2060 hoe
771 1994 852 2061 libro
878 1993 932 2077 (V,
957 1997 988 2072 6,
1012 1998 1046 2078 4)
1071 1997 1111 2060 de
1135 1995 1351 2082 appellatione
1373 2006 1482 2082 portae
1493 1993 1531 2058 Rr

362 2101 561 2168 dusculanae
591 2102 694 2167 indita
721 2115 853 2190 propter
884 2125 1022 2170 aeneam
1054 2104 1190 2168 Genucii
1214 2104 1286 2189 Cipi
1316 2104 1455 2191 effigiem
1483 2103 1515 2166 in

360 2209 523 2276 inclusam
546 2211 725 2286 traduntur,
752 2211 830 2292 item
855 2232 943 2298 quae
962 2209 1002 2287 Π,
1025 2212 1057 2285 4,
1082 2211 1101 2276 5
1127 2211 1167 2273 de
1190 2211 1318 2298 origine
1341 2210 1487 2275 ludorum
1511 2232 1531 2273 s.

361 2317 519 2386 eularium
542 2330 715 2384 narrantur
738 2317 868 2407 aliaque
900 2318 1066 2384 nonnulla.
1112 2319 1313 2384 Nominatim
1344 2318 1480 2404 denique
1509 2315 1531 2380 A

360 2427 449 2492 nium
473 2424 656 2491 Pollionem
684 2437 851 2514 tamquam
882 2437 959 2491 ‘non
986 2428 1156 2493 minimam
1183 2425 1327 2491 Romani
1347 2425 1420 2489 ⁴stili
1450 2436 1531 2511 partt

360 2531 516 2598 laudauit.
568 2533 596 2596 Ε
625 2535 717 2597 cuius
748 2533 960 2600 historiarum
993 2536 1084 2600 tertio
1109 2534 1292 2620 desumpsit
1315 2554 1397 2620 quae
1422 2532 1462 2596 de
1484 2532 1530 2597 lor

361 2637 580 2727 Arganthonii
610 2639 763 2705 Gaditani
801 2642 868 2705 uita
905 2640 1036 2707 tradidit
1072 2640 1164 2716 Vlll,
1203 2641 1243 2707 13
1283 2652 1344 2706 ext.
1383 2642 1414 2708 4.
1482 2639 1531 2703 Aa

360 2747 469 2811 Asinii
492 2745 621 2832 quidem
650 2745 742 2812 libris
773 2769 846 2812 cum
869 2750 904 2813 in
934 2750 1007 2814 aliis
1035 2750 1082 2812 uti
1110 2751 1212 2835 potuit
1240 2761 1308 2829 tum
1337 2752 1531 2836 praesertim

360 2852 553 2918 enarrandis
581 2854 679 2918 rebus
709 2855 755 2950 ad
779 2855 888 2920 ciuilia
912 2855 1003 2921 bella
1024 2858 1106 2921 inter
1129 2856 1323 2943 Pompeium
1353 2869 1386 2919 et
1410 2856 1531 2922 Caesar

360 2959 592 3049 spectantibus,
617 2972 648 3023 et
669 2962 810 3027 l'ortasse
834 2984 914 3029 usus
934 2975 984 3028 est
999 2966 1087 3029 iuxta
1100 2963 1254 3030 Caesaris
1266 2961 1418 3051 Liuiique
1443 2964 1531 3029 eiusr'

359 3070 513 3157 temporis
532 3069 794 3154 descriptionem.
837 3071 905 3135 Sed
930 3095 993 3159 quo
1016 3074 1125 3138 minus
1149 3074 1184 3137 in
1200 3071 1340 3161 singulis
1357 3074 1430 3137 eius
1447 3074 1531 3137 nesti

358 3177 393 3241 in
424 3174 603 3242 Valeriano
635 3196 733 3263 opere
762 3191 1004 3263 perscrutemur
1026 3182 1140 3268 iniqua
1163 3181 1294 3247 fortuna
1324 3180 1473 3267 impedit,
1508 3202 1531 3266 q

358 3282 440 3351 nihil
464 3306 504 3347 ex
525 3284 593 3349 illis
617 3284 777 3371 reliquum
800 3286 896 3351 nobis
921 3306 995 3351 esse
1018 3287 1129 3354 uoluit.

446 3391 574 3457 Eadem
605 3392 687 3458 ratio
716 3393 751 3456 in
776 3391 877 3481 longe
904 3396 1048 3461 maximo
1080 3416 1193 3461 eorum
1222 3399 1419 3482 scriptorum
1452 3417 1531 3459 num

358 3498 480 3575 incidit,
506 3521 644 3588 quorum
667 3511 698 3563 et
721 3520 822 3587 opera
844 3504 1009 3588 perierunt
1021 3516 1053 3567 et
1064 3501 1378 3571 nominaaValerio
1400 3506 1531 3569 reticen

357 3606 445 3674 Nam
475 3607 553 3673 dum
585 3628 625 3675 ex
652 3608 728 3685 illis,
760 3630 843 3696 quos
867 3608 1037 3698 hucusque
1061 3613 1297 3686 recensuimus,
1322 3612 1451 3701 aliquot
1476 3613 1531 3678 sal

356 3712 439 3779 locis
465 3736 548 3801 quae
571 3718 730 3803 receperit
752 3726 783 3779 et
805 3718 839 3781 in
861 3740 958 3783 usum
982 3740 1076 3784 suum
1106 3719 1300 3785 conuerterit
1328 3730 1384 3784 aut
1413 3723 1531 3806 perspi

356 3819 497 3885 indicari
526 3830 581 3885 aut
612 3824 799 3889 coniectura
820 3847 889 3890 non
910 3824 1118 3912 improbabili
1148 3826 1290 3891 diuinari
1319 3826 1430 3902 licuit,
1466 3828 1511 3892 de

358 3929 446 4017 quod
474 3950 544 3995 rem
579 3950 678 4016 quam
705 3940 883 3995 tractamus
910 3934 1020 4020 magis
1050 3933 1211 4019 expediat,
1240 3936 1329 4000 omni
1359 3937 1531 4023 inuestigz

355 4034 508 4101 facidtate
532 4036 761 4125 iudicandique
785 4037 977 4104 condicione
1002 4040 1153 4117 destituti,
1182 4040 1264 4107 nihil
1285 4044 1355 4107 fere
1378 4044 1417 4107 in
1445 4043 1531 4108 med

355 4142 501 4227 proferre
529 4165 717 4229 pessumus.
777 4142 815 4207 Id
843 4166 943 4211 unum
972 4150 1155 4214 certissime
1177 4148 1259 4215 mihi
1282 4153 1420 4237 quidem
1452 4174 1531 4215 cont

356 4250 573 4337 antiquiorum
597 4253 790 4339 scriptorum
814 4273 855 4319 ex
877 4252 940 4320 hae
953 4257 1145 4342 quaestione
1168 4258 1388 4324 remouendos
1417 4279 1504 4323 esse

354 4376 414 4422 nes
446 4356 556 4443 Syllae
586 4358 741 4447 aequales
774 4371 806 4423 et
833 4373 973 4427 aetatem
1004 4363 1074 4427 eius
1106 4365 1357 4451 praecedentes,
1391 4366 1457 4452 qui
1491 4386 1531 4428 ne

353 4462 410 4530 ubi
433 4466 640 4531 nominantur
662 4468 799 4554 inspecti
824 4481 909 4546 sunt,
931 4479 967 4534 ut
989 4491 1091 4556 supra
1107 4470 1349 4548 admonuimus,
1373 4492 1497 4559 neque
1525 4497 1531 4535 ε

419 4659 444 4727 ¹)
463 4664 548 4713 Credo
573 4662 708 4715 Valerium
732 4664 800 4717 haee
823 4665 851 4720 iu
876 4668 1063 4737 antiqultatnm
1078 4668 1155 4721 libris
1174 4668 1292 4739 legisse,
1317 4668 1483 4724 Varronem
1513 4688 1531 4721 a

353 4732 467 4782 eundem
485 4728 585 4785 iontem
603 4737 723 4785 secutum
742 4750 805 4788 esse
825 4751 904 4803 quem
921 4741 952 4793 A.
972 4742 1073 4793 Gellius
1092 4740 1117 4791 11
1134 4742 1166 4793 N.
1186 4744 1217 4793 Α.
1239 4738 1279 4803 ll,
1300 4743 1343 4810 qni
1355 4744 1434 4795 haee
1458 4756 1499 4794 ex
1521 4758 1531 4793 r

351 4800 416 4853 lium
433 4803 508 4857 libris
528 4806 664 4871 descripta
681 4820 746 4859 esse
763 4810 885 4862 testatur.
