3409 5400
206 768 378 856 saetarum
400 785 440 832 ot
460 766 616 832 &tentat
632 766 750 833 Valerii
772 769 913 833 mueimi.
958 766 1106 851 Sequitur
1127 767 1205 833 liter
1217 768 1289 835 Xer
1312 770 1450 859 dmdem

219 877 403 942 aeneum
420 896 483 960 per
496 878 607 942 iulium
623 876 771 960 perideo
784 876 863 940 dieti
888 876 1001 940 Valerii
1016 876 1251 942 abrmiotorem.
1296 878 1450 965 Sequitur

219 984 279 1051 l'ol.
305 984 369 1051 188
393 992 426 1048 et
449 983 513 1051 lte
535 982 678 1071 legenda
701 982 865 1071 quaedam
888 982 931 1046 de
951 994 1093 1070 martyro
1116 982 1263 1060 Albano,
1294 986 1454 1070 inscripta

219 1093 375 1158 Murtirir
397 1092 502 1157 utboni
522 1091 711 1157 mercede
732 1110 803 1157 ecee
824 1090 950 1175 tepentia
979 1090 1070 1157 Vtilis
1097 1093 1216 1157 armti
1239 1094 1314 1176 puio
1324 1092 1452 1175 sortitio

220 1206 271 1265 ert
291 1200 462 1285 edocenda
843 1271 846 1276 ,
1015 1244 1016 1247 =

311 1308 349 1373 F.
393 1305 492 1374 001).
517 1302 664 1372 AL'IIIR
691 1304 1124 1385 etennensium
1159 1308 1247 1398 apud
1273 1308 1382 1375 Ebert.
1419 1330 1452 1373 n.

221 1414 293 1482 892
318 1414 418 1497 (Gud.
441 1414 509 1497 89),
537 1415 826 1491 membranaceus,
862 1416 970 1483 forma
996 1419 1155 1493 maxima,
1191 1416 1313 1483 saeculi
1349 1415 1452 1482 XIIII.

224 1522 364 1588 Constet
385 1543 473 1587 nunc
497 1521 630 1609 quidem
651 1522 740 1588 foliis
763 1520 903 1599 Lxssll,
927 1522 986 1589 sed
1008 1525 1139 1590 mutilus
1163 1527 1269 1590 estin
1292 1527 1398 1591 fronte
1422 1534 1454 1588 ct

221 1632 259 1695 in
282 1629 389 1705 culce,
418 1651 493 1695 cum
523 1630 700 1718 deperditis
728 1631 844 1718 primis
867 1628 1012 1697 XXXIII
1034 1630 1121 1697 foliis
1144 1632 1280 1719 incipiat
1301 1654 1356 1699 uu.
1385 1629 1453 1714 (III,

225 1740 258 1814 7,
281 1737 328 1821 8.)
349 1737 549 1803 madidum
568 1746 691 1822 purtem
716 1742 942 1824 exemptores,
972 1750 1004 1804 et
1032 1739 1161 1805 desinat
1182 1740 1265 1807 libro
1288 1738 1352 1815 lx,
1377 1740 1407 1812 3,
1432 1738 1453 1801 2

222 1868 281 1910 uu.
317 1864 470 1910 aecem
495 1866 531 1910 eo
565 1848 689 1929 quidem
719 1848 821 1931 mugit
851 1849 942 1931 qaod.
1000 1848 1169 1935 Scriptura
1203 1850 1284 1914 satis
1322 1844 1454 1934 quidem

224 1952 364 2040 elegans
387 1965 439 2018 cst
460 1952 523 2018 sed
544 1975 662 2041 parum
685 1956 864 2041 castigata,
891 1955 1016 2021 litterae
1044 1956 1185 2021 initiales
1212 1958 1330 2042 plctae.
1376 1954 1452 2019 Sin·

224 2059 313 2148 gulis
335 2059 428 2125 libris
451 2062 698 2147 praemittuntur
720 2063 863 2147 capitum
886 2060 1031 2128 indiculi.

314 2169 353 2235 Γ.
386 2164 703 2233 ABBREVIATVS
727 2166 1157 2247 GVIILFERBYTANVS,
1189 2170 1277 2257 apud
1299 2170 1454 2235 libertum

224 2297 258 2339 n
282 2274 349 2341 303
372 2284 404 2337 et
425 2274 491 2341 888
515 2276 610 2357 (inter
633 2268 804 2341 Gudianus
827 2298 860 2340 n.
892 2276 974 2359 168)
1005 2287 1146 2352 notatus,
1169 2278 1453 2351 membranaceus,

225 2378 354 2447 saeculi
374 2378 448 2455 XII,
470 2382 578 2447 forma
601 2386 819 2471 quaternaria,
841 2383 994 2449 foliorum
1015 2381 1202 2459 LXXXVI,
1227 2406 1363 2471 qnorum
1377 2380 1455 2447 LVI

224 2490 395 2555 continent
415 2490 593 2576 epitomem
613 2489 742 2556 Valerii
761 2489 900 2557 Maximi
922 2491 958 2555 in
980 2500 1053 2555 octo
1075 2488 1178 2554 libros
1202 2490 1454 2571 distributam),

224 2596 356 2684 reliqua
377 2595 565 2661 Cornelium
587 2595 759 2684 Nepotem,
782 2598 976 2683 inscriptum
998 2597 1052 2661 Ee
1074 2597 1154 2662 libro
1178 2598 1312 2661 Cornelii
1333 2598 1455 2679 nepotis

224 2705 265 2769 de
292 2705 403 2768 tdinie
435 2705 599 2770 Maricio
630 2705 745 2789 incipit
774 2707 844 2772 etita
869 2707 971 2771 Attici
1004 2717 1036 2770 ct
1071 2729 1103 2794 q.
1136 2725 1209 2793 sqq.
1265 2706 1316 2770 of.
1344 2702 1457 2768 Rothii
1502 2723 1505 2730 ·

226 2809 405 2877 Aemilium
433 2809 580 2878 Probum
607 2834 641 2899 p.
673 2813 749 2879 219.
795 2813 869 2880 est
897 2813 984 2878 enirn
1011 2809 1099 2878 idem
1126 2812 1179 2878 ille
1208 2811 1455 2898 antiquissimus

226 2931 261 2983 et
292 2919 600 3005 praestantissimus
633 2920 779 2985 omnium
808 2921 864 3008 qui
897 2918 996 2986 hodie
1032 2929 1141 2986 extant
1169 2918 1312 2984 Cornelii
1342 2914 1456 2982 codex.

226 3025 419 3112 Scripturae
446 3025 574 3092 duobus
603 3025 764 3092 columnis
794 3027 967 3092 distinctae
995 3037 1027 3092 et
1054 3025 1322 3114 compendiorum
1350 3043 1457 3112 genus

227 3154 323 3206 sanc,
345 3142 382 3198 ut
404 3132 635 3198 animaduertit
655 3132 812 3212 Rothius‚
840 3134 947 3200 simile
976 3145 1026 3198 est
1053 3134 1226 3221 specimini
1250 3130 1458 3198 ciceroniani

227 3238 374 3316 codicis,
405 3241 646 3306 communicato
675 3263 697 3305 a
724 3239 886 3306 Freundio
909 3241 944 3306 in
972 3240 1114 3305 editione
1144 3239 1362 3314 Milonianee‚
1396 3236 1458 3302 sed

225 3346 354 3412 litterae
375 3347 476 3414 multo
507 3347 711 3412 minutiores.
761 3345 931 3413 Valerium
960 3359 1069 3412 antem
1098 3367 1166 3411 non
1192 3345 1356 3434 integrum
1383 3343 1457 3407 red·

227 3453 315 3518 didit
348 3453 410 3519 sed
441 3455 478 3520 in
511 3453 699 3541 compendii
732 3455 874 3521 formam
901 3453 1070 3519 redactum
1103 3455 1237 3520 omissis
1273 3473 1348 3518 cum
1381 3451 1457 3515 totis

227 3559 430 3648 quibusdam
452 3560 615 3648 capitibus
643 3571 711 3629 tum
732 3563 844 3628 nimiis
872 3559 1266 3648 illis'uituperetionibus‚
1297 3557 1457 3624 laudatio·

227 3665 329 3732 nibus
341 3666 482 3756 dieque
494 3667 775 3757 degressionibus,
799 3689 938 3757 querum
955 3669 985 3733 si
996 3666 1140 3733 taedium
1155 3663 1293 3730 mouerit
1304 3661 1458 3730 Valerius

226 3771 322 3840 baud
343 3775 463 3840 inscito
484 3775 617 3842 librario
643 3797 711 3841 non
736 3774 835 3840 ualde
863 3776 974 3842 miror.
1032 3773 1238 3861 Quapropter
1259 3771 1401 3840 mattime
1424 3772 1460 3836 in

228 3881 445 3947 conectendis
468 3883 625 3972 exemplis
650 3881 887 3949 abbrouiatoris
903 3901 1023 3948 manus
1043 3881 1193 3956 cernitur,
1215 3878 1282 3955 ubi,
1305 3879 1383 3944 dum
1405 3877 1459 3944 ille

229 3997 281 4054 ‘se
312 3989 414 4054 iactat
445 3989 663 4067 excessibus,
694 3989 749 4056 bic
778 3989 970 4078 simpliciter
998 3991 1145 4076 ipsorum
1170 3987 1331 4053 factorum
1358 3986 1459 4051 dicto·

227 4115 371 4183 rumque
391 4094 585 4164 relationem
607 4097 809 4186 aggreditur.
856 4095 977 4164 Turbat
998 4105 1171 4183 praeterea
1193 4093 1326 4181 saepius
1350 4113 1459 4161 exem·

228 4203 362 4292 plorum
391 4203 558 4282 ordinem,
594 4206 728 4292 corrigit
758 4225 843 4292 quae
874 4205 1055 4292 deprauata
1090 4202 1319 4269 animaduertit
1329 4206 1371 4285 ²),
1405 4221 1458 4266 ex·

228 4309 299 4398 plat
332 4309 471 4377 lacunas
505 4332 547 4379 ex
579 4312 770 4399 ingenio¹)‚
804 4311 896 4378 addit
930 4313 1028 4380 etiem
1063 4331 1103 4376 ex
1138 4311 1212 4376 aliis
1247 4307 1459 4396 scriptoribus

302 4508 327 4576 ¹)
344 4509 405 4561 Non
424 4510 547 4580 congruit
563 4509 644 4580 igitur
661 4510 788 4561 libroruin
813 4508 962 4560 distributio
986 4525 1047 4560 cum
1069 4507 1176 4578 uulgari
1198 4505 1360 4572 reliquorum
1383 4499 1459 4552 codd.

227 4583 330 4649 Incipit
347 4583 420 4634 cuim
436 4583 506 4633 liber
529 4583 553 4632 II
576 4599 595 4632 a
619 4583 706 4647 capite
731 4579 764 4632 de
787 4577 930 4650 dieot'plina
953 4577 1066 4631 militari
1088 4580 1182 4647 (uulgo
1199 4579 1238 4638 11,
1258 4575 1295 4642 i),
1319 4575 1365 4624 lib.
1388 4571 1460 4622 Illa

228 4656 324 4721 capim
342 4649 376 4705 de
384 4648 492 4721 fidncia
508 4651 552 4706 rui
568 4654 716 4722 (uulgum,
727 4651 764 4721 t),
782 4654 878 4721 reliqui
896 4651 1279 4722 quomadmodumnotunbnus
1294 4644 1461 4696 muurIetete

299 4761 736 4938 :iiiii'ffi'imffl'
756 4785 1396 4861 tae‚uoeuutuauo0poma.

440 4903 450 4932 I
486 4904 495 4934 I
1187 4899 1193 4910 .

1202 4950 1249 5018 68
