3409 5400
400 491 443 560 28

393 657 496 722 nihilo
519 657 629 721 minus
651 651 813 720 interdum
837 675 905 720 non
933 657 1006 720 sine
1036 653 1147 743 aliqua
1174 655 1365 744 diligentiae
1392 667 1420 722 et
1441 657 1532 722 doctri·

393 768 569 832 iactatione
601 765 696 829 altius
728 763 772 828 ad
801 765 975 851 primarios
1003 761 1112 828 fontes
1140 766 1392 850 perscrutandos
1418 767 1532 832 ascendi

394 875 499 938 uideri
522 872 599 938 uult.
652 871 760 960 Atque
791 872 876 936 adeo
909 881 1043 959 excepto
1068 871 1155 960 quod
1183 873 1320 938 nimium
1351 874 1533 938 coertirutsr

393 1005 452 1070 per
482 1005 519 1048 se
542 984 611 1050 iam
634 993 805 1069 angustos,
828 983 915 1045 intra
936 999 1020 1067 quos
1043 977 1396 1046 uersabanturValerii
1417 1003 1533 1055 cureat

393 1091 547 1156 iniuriam
570 1091 600 1153 ei
622 1086 944 1154 incolumium
968 1085 1092 1168 (Revuc
1116 1087 1157 1151 de
1180 1087 1292 1173 philol.
1315 1085 1340 1163 l,
1362 1109 1392 1174 p.
1413 1087 1492 1170 262),
1514 1114 1533 1176 q

394 1196 515 1262 diceret
539 1207 688 1284 quattuor
712 1197 889 1282 scriptores
907 1195 1109 1268 Ciceronem,
1132 1194 1274 1271 Liuium,
1297 1192 1485 1271 Sallustium,
1504 1195 1533 1261 P.

393 1306 502 1393 peiuru
526 1302 669 1391 Trogum
693 1326 824 1369 omnem
850 1304 926 1369 huic
949 1305 1040 1390 operi
1060 1304 1234 1369 materiam
1257 1303 1490 1390 suppeditasse,
1517 1327 1534 1369 c

394 1415 423 1478 si
448 1433 530 1499 quae
556 1412 597 1476 ab
622 1412 695 1476 aliis
721 1423 832 1476 essent
855 1424 1001 1498 accepta,
1026 1433 1067 1475 ea
1081 1433 1147 1476 uuo
1170 1411 1243 1478 leco
1265 1424 1423 1500 congesta
1442 1415 1493 1476 uix
1513 1438 1532 1500 q

394 1531 465 1585 tuor
489 1521 630 1607 capitum
655 1522 796 1606 spatium
821 1519 995 1606 explerent,

482 1625 576 1708 Quae
600 1649 675 1692 cunr
698 1607 744 1692 ita
765 1629 841 1701 sint,
866 1649 909 1690 ne
931 1627 1132 1692 mediocrem
1156 1626 1287 1715 quidem
1315 1629 1351 1692 in
1381 1628 1533 1694 audiere

392 1747 539 1802 ueterum
562 1735 731 1800 utilitatem
752 1757 791 1799 ex
806 1733 860 1798 his
878 1734 1095 1800 uoluminibus
1109 1755 1313 1821 caperemus,
1337 1737 1367 1801 si
1389 1756 1503 1810 eorum,
1526 1758 1535 1801 t

394 1842 529 1908 Valerio
542 1843 753 1910 historiarum
767 1853 918 1907 auctores
932 1844 1076 1907 extitisse
1089 1843 1241 1917 diximus,
1257 1843 1386 1930 integra
1401 1866 1497 1930 opera
1514 1866 1535 1908 u

394 1970 570 2037 superesse
593 1951 724 2017 fortrma
745 1949 916 2014 uoluisset.
962 1948 1067 2023 Nunc,
1087 1951 1241 2036 quoniam
1260 1950 1317 2014 illa
1335 1952 1455 2016 maiore
1473 1974 1535 2036 exp

393 2058 600 2132 interierunt,
637 2059 801 2145 quaeritur
832 2058 867 2120 in
898 2068 1071 2144 quantum,
1106 2057 1163 2121 ubi
1186 2058 1259 2122 sola
1281 2057 1406 2122 Valerii
1428 2070 1534 2124 auctor

394 2166 552 2238 nitamur,
577 2166 702 2233 traditis
728 2163 820 2229 fides
835 2163 992 2230 habenda
1012 2165 1065 2228 sit.
1121 2162 1214 2244 Quae
1243 2186 1316 2229 cum
1347 2176 1414 2231 tola
1434 2166 1535 2252 pende

374 2272 538 2337 ¹ueritatis
562 2293 674 2338 amore
698 2282 795 2359 atque
818 2271 938 2346 studio,
963 2293 1026 2359 quo
1046 2265 1155 2336 efficio
1173 2294 1233 2336 suo
1250 2272 1380 2338 limatus
1397 2276 1448 2346 sit,
1472 2285 1502 2336 et
1524 2294 1536 2335 e

390 2380 528 2468 ligantia
539 2404 578 2448 ac
590 2379 760 2468 religione,
785 2401 851 2467 qua
870 2390 1007 2466 accepta
1023 2379 1209 2454 reddiderit,
1233 2379 1366 2467 singula
1381 2378 1462 2444 haec
1477 2380 1536 2468 prii

393 2489 577 2554 accuratius
601 2488 699 2575 paulo
724 2488 945 2576 perquirenda
967 2499 1064 2575 atque
1089 2487 1309 2552 examinanda
1330 2487 1532 2554 uidebantur.

389 3154 449 3220 DE
465 3151 648 3221 VALERII
666 3154 832 3221 MAXlMl
852 3154 1161 3222 AVCTORITATE
1180 3154 1237 3221 ET
1253 3154 1353 3221 FIDE
1370 3155 1537 3222 HISTOR

366 3375 371 3381 ·
402 3400 406 3407 ,
478 3334 695 3403 Iamdudum
714 3347 826 3402 notum
843 3346 913 3400 erat
934 3333 1103 3401 Valerium
1128 3339 1163 3402 in
1182 3336 1537 3423 enarrandisrebusp

390 3445 574 3514 notabiliter
603 3443 765 3511 interdum
790 3464 811 3507 a
833 3464 912 3509 uero
937 3442 1122 3511 aberrasse.
1170 3442 1267 3525 Quod
1283 3446 1313 3511 si
1334 3447 1470 3532 passim
1486 3446 1524 3509 in

389 3554 559 3623 mentariis
584 3562 817 3619 concesseruut
848 3552 1057 3640 grammatici
1080 3562 1208 3637 praeter
1231 3551 1387 3640 Pighium
1418 3564 1452 3616 et
1477 3553 1535 3616 eiu

389 3674 548 3729 statorem
573 3661 725 3727 Celerum
748 3660 816 3749 lere
841 3678 975 3733 omnes,
1006 3659 1102 3723 uobis
1133 3670 1242 3725 tamen
1274 3662 1398 3725 tristem
1424 3660 1537 3747 reliqu

391 3767 703 3833 demonstras'onem
727 3790 801 3833 eum
824 3769 859 3832 in
879 3766 1095 3852 deprauanda
1110 3778 1206 3854 atque
1219 3768 1467 3853 corrumpenda
1490 3769 1537 3832 hi:

390 3894 430 3939 σο
454 3875 659 3957 processisse
689 3896 753 3958 quo
777 3876 832 3939 uix
855 3874 956 3939 alium
978 3874 1061 3937 inter
1085 3895 1143 3938 eos
1168 3876 1224 3960 qui
1245 3874 1344 3940 hodie
1369 3899 1412 3941 ex
1433 3878 1535 3962 antiq

391 3988 567 4065 supersunt
598 3981 785 4064 scriptores.
845 3980 898 4043 Ad
935 3980 1215 4067 comprobandam
1242 3982 1329 4047 hane
1359 3985 1536 4049 criminati

391 4106 432 4150 ne
445 4095 566 4151 temere
582 4085 850 4173 qualemcumque
870 4089 1043 4151 materiam
1063 4088 1240 4154 contulisse
1260 4091 1490 4177 iniuriamque
1512 4093 1536 4154 fc

390 4192 561 4259 uidearnur
585 4195 734 4280 scriptori
765 4214 833 4275 nou
861 4192 957 4279 plane
979 4196 1148 4271 meritam,
1177 4195 1219 4261 ab
1250 4198 1341 4263 initio
1373 4200 1499 4263 statim
1530 4221 1537 4261 r

390 4322 528 4367 ueamus
554 4324 595 4365 ea
616 4302 805 4375 mendacia,
830 4322 969 4387 quorum
991 4314 1048 4367 aut
1070 4315 1220 4391 corrupto
1244 4307 1312 4371 iam
1334 4307 1428 4371 fonte
1455 4327 1537 4369 usui

390 4412 462 4497 ipse
485 4410 610 4495 primus
633 4410 735 4475 extitit
749 4419 872 4483 auctor,
889 4419 945 4473 aut
961 4409 1077 4495 quibus
1098 4412 1301 4498 probabilem
1319 4412 1478 4499 aliquam
1498 4435 1537 4476 co

390 4516 604 4604 praetendere
627 4517 726 4583 licuit.
781 4514 880 4597 Quod
901 4514 959 4578 ubi
980 4516 1052 4583 fieri
1073 4529 1191 4604 potest,
1215 4521 1339 4606 primus
1364 4519 1537 4607 equidem

392 4623 535 4690 scribam
564 4626 633 4690 eius
663 4625 858 4691 defensioni.
909 4625 1047 4692 Tantum
1075 4628 1163 4692 enim
1194 4626 1287 4693 abest
1316 4637 1350 4692 ut
1378 4625 1537 4713 reprche

391 4729 426 4793 in
436 4729 577 4809 rhetore,-
592 4744 623 4797 et
637 4733 667 4801 is
681 4744 731 4801 est
742 4732 909 4812 Valerius,
922 4732 1174 4804 declinationem
1186 4757 1208 4801 a
1218 4736 1364 4813 ueritate,
1383 4756 1458 4824 quo
1473 4756 1537 4802 ma
