3409 5400
293 423 359 490 512
700 415 760 483 DE
782 412 884 481 sins
905 408 1108 480 PVBLICA.

291 579 486 647 Hannibalis
509 580 611 644 armis
639 580 725 643 intra
751 578 885 643 moenia
909 574 1002 639 urbis
1031 594 1114 637 snae
1142 570 1314 657 conpulsi,
1344 594 1440 638 cnm
1479 572 1554 635 nim

222 734 228 740 ·
291 688 451 753 Punicam
472 686 607 751 ulterius
630 686 802 772 nequirent
824 704 954 757 arcere,
982 680 1110 745 collatis
1138 682 1172 745 in
1202 679 1312 745 iorum
1338 700 1443 767 quac
1472 680 1551 741 uni·

284 796 408 882 cuique
432 805 525 859 erant
547 793 722 858 carissima
753 802 851 877 atque
878 787 1024 875 undique
1055 785 1265 851 circumdatis
1295 787 1547 872 accensisque

291 902 380 989 ignis
404 900 624 973 nutrimentis,
648 918 690 961 ne
715 920 734 962 a
757 898 914 963 societate
936 904 1051 959 nestra
1079 894 1292 966 desisterent,
1322 892 1482 980 publico
1514 905 1545 953 et

292 1009 457 1073 communi
478 1026 562 1091 rogo
586 1014 691 1071 semet
705 1005 771 1090 ipsi
786 1004 1040 1089 superiecerunt.
1088 1000 1290 1064 Crediderim
1305 1011 1392 1064 tunc
1420 1002 1563 1085 ipsams

291 1113 405 1178 Fidem
434 1112 579 1177 humana
607 1110 740 1197 negotia
762 1109 986 1196 speculantem
1015 1118 1177 1173 maestum
1206 1108 1360 1193 gessisse
1390 1106 1539 1177 uultum,

292 1219 654 1306 perseuerantissimum
691 1219 742 1283 sui
778 1214 900 1280 cultum
940 1218 1080 1303 iniquae¹
1107 1215 1258 1279 fortunae
1291 1212 1430 1277 iudicio
1470 1226 1537 1275 tam

293 1326 412 1391 acerbo
435 1326 522 1389 exitu
543 1324 734 1390 damnatum
758 1334 956 1389 cernentem.

249 1432 280 1497 2.
379 1432 471 1498 idem
500 1431 698 1519 praestando
722 1428 860 1495 Petelini
889 1431 1029 1495 eundem
1059 1427 1167 1495 laudis
1194 1428 1356 1494 bonorem
1391 1450 1536 1492 merue-

292 1553 376 1607 runt.
421 1540 473 1605 Ab
496 1538 689 1614 Hannibale,
713 1538 791 1623 quia
812 1532 952 1600 delicere
975 1560 996 1600 c
1024 1548 1140 1602 nostra
1168 1536 1309 1602 anridtia
1331 1533 1563 1605 nolueranes

292 1649 424 1714 obsessi
443 1644 574 1733 legatos
598 1642 641 1708 ad
657 1654 807 1708 senatum
824 1643 979 1708 auxilium
993 1642 1196 1730 inplorantes
1218 1646 1389 1709 miserunt.
1443 1644 1533 1724 Qni-

290 1757 353 1821 bus
381 1764 514 1839 propter
542 1761 706 1814 recentem
735 1749 944 1815 Cannensem
972 1750 1101 1817 cladem
1131 1751 1277 1817 succurri
1304 1773 1373 1815 nou
1403 1749 1530 1837 'potuit

292 1861 443 1924 Ceterum
458 1857 654 1945 permissum
670 1868 720 1922 est
735 1858 780 1921 uti
795 1858 941 1922 facerent
963 1858 1052 1945 quod
1067 1858 1280 1922 utilissimum
1300 1856 1530 1922 incolomitati

290 1968 437 2054 ipsorum
464 1964 638 2029 uideretur.
689 1963 844 2030 Liberum
873 1984 954 2051 ergo
986 1976 1056 2030 erat
1082 1962 1412 2051 Karthaginiensium
1443 1986 1527 2052 gra·

286 2104 317 2163 ’1.
336 2110 442 2161 moenis
458 2122 509 2160 ort.
529 2106 558 2161 0.
572 2104 585 2180 ΙΙ
597 2104 624 2161 2.
644 2108 776 2173 publicant
790 2122 836 2175 pr.
855 2106 891 2161 Ε.
901 2104 919 2232 p
938 2123 1031 2160 arcere
1049 2108 1188 2171 nequirent
1205 2108 1232 2157 in
1253 2108 1338 2158 iorum
1357 2107 1470 2157 collatis
1490 2104 1523 2159 F.

301 2179 315 2249 ΙΙ
327 2183 501 2244 uuicuiusquc
519 2177 551 2233 F.
563 2184 576 2252 ΙΙ
588 2178 615 2234 3.
635 2181 809 2244 accessisque
828 2175 860 2231 F.
874 2176 887 2249 ΙΙ
945 2182 1128 2231 desciscerent
1148 2175 1225 2230 Torr.
1244 2177 1258 2245 ΙΙ
1277 2175 1304 2230 5.
1321 2180 1399 2243 ipsos
1419 2176 1485 2230 ΕΡ
1497 2184 1524 2228 ct

290 2249 341 2306 litt.
359 2268 391 2305 os
409 2251 437 2303 is
455 2266 552 2303 rasura
569 2251 606 2307 D.
621 2249 633 2315 ΙΙ
653 2247 678 2305 ti.
698 2252 884 2315 speculantem
901 2253 1012 2319 negotia
1029 2249 1061 2303 Γ.
1077 2250 1091 2319 ΙΙ
1108 2253 1212 2301 nestum
1225 2262 1272 2317 pr.
1290 2244 1395 2317 4118.
1417 2264 1521 2300 aceruo
1590 2281 1591 2302 ι

286 2338 332 2391 pr.
351 2322 384 2377 A.
395 2321 409 2391 ΙΙ
421 2326 554 2375 cernendo
573 2320 611 2376 D.
623 2318 673 2390 110.
692 2323 791 2387 petilini
809 2318 930 2375 ACEF.
952 2322 1072 2387 petiliani
1088 2318 1155 2374 ΒΓ.
1178 2321 1298 2372 Petellini
1318 2317 1395 2371 Torr.
1409 2318 1425 2387 ΙΙ
1439 2318 1482 2371 10.
1501 2337 1520 2368 a
1590 2311 1591 2368 l

290 2395 394 2461 nostrai
413 2399 507 2446 nostra
520 2410 565 2463 pr.
583 2393 615 2447 A.
636 2396 670 2443 ab
690 2397 782 2445 nostra
800 2388 831 2443 Γ.
850 2398 971 2444 nostram
992 2390 1080 2445 esi'.
1092 2391 1106 2460 ΙΙ
1122 2393 1266 2443 amicitiam
1285 2388 1373 2444 OEF.
1386 2392 1400 2457 ΙΙ
1417 2387 1460 2444 ll.
1481 2394 1519 2441 le-

310 2470 383 2517 ntum
401 2463 466 2519 Dr.
481 2463 493 2535 ΙΙ
511 2464 551 2519 12.
570 2464 716 2533 recentem]
736 2460 798 2516 odd.
817 2478 985 2515 communem
1003 2460 1034 2515 Γ.
1051 2462 1065 2532 ΙΙ
1082 2463 1262 2527 Cannensem]
1284 2467 1346 2531 poet
1363 2464 1472 2513 cladem
1491 2460 1520 2512 Β

289 2480 370 2589 lbrr.
389 2550 568 2588 emonensem
587 2533 618 2589 F.
636 2535 649 2604 ΙΙ
668 2530 707 2588 13.
727 2536 774 2604 uti]
796 2534 823 2584 ut
842 2536 867 2583 el
885 2532 947 2588 AC.
966 2540 995 2585 ut
1011 2532 1048 2588 D.
1068 2536 1108 2585 eis
1127 2538 1156 2585 ut
1173 2530 1267 2587 ΕΠ.
1298 2530 1333 2584 Vt
1347 2548 1396 2584 sor
1413 2530 1480 2585 Per.
1490 2533 1506 2600 11
1590 2547 1591 2586 ;

290 2606 470 2748 ΙῙῖιιὶιὲιιιιιίίιιΗ1
487 2622 578 2729 aasabim
597 2608 766 2730 stipissimum
784 2604 819 2660 Ε.
834 2599 846 2678 ΙΙ
861 2607 1034 2657 incolumitati
1051 2618 1121 2657 corr.
1140 2603 1164 2658 A
1182 2620 1240 2657 cem
1256 2602 1366 2671 reliq-ir
1389 2610 1417 2657 et
1436 2602 1514 2656 Torr.

367 2717 374 2730 .
393 2692 459 2746 ergo
546 2717 553 2732 .
572 2680 612 2730 eis
655 2717 662 2733 .

360 2817 394 2854 nc
410 2818 428 2854 c
445 2801 570 2855 melote
587 2806 678 2854 nostra
696 2801 873 2868 mactent.)
890 2805 959 2856 Fieri
972 2804 1061 2869 potest
1075 2803 1104 2853 ut
1115 2802 1241 2854 Valerius
1253 2803 1401 2867 scripserit,
1420 2818 1508 2866 qnem-

290 2877 433 2926 admodum
451 2876 513 2925 lnde
531 2890 550 2925 a
566 2875 660 2942 Piglrlo
680 2877 761 2943 uulgo
780 2877 918 2936 edebatur,
937 2872 1117 2926 dedecerent.
1153 2872 1245 2938 Saepe
1261 2875 1331 2924 enim
1349 2888 1369 2923 a
1386 2875 1507 2930 librariis,

291 2950 320 2998 rt
338 2947 364 2996 lu
382 2947 573 2996 recentioribus
592 2946 748 3012 plerumque
766 2948 917 3005 codicibus,
942 2947 1055 2997 alterum
1080 2947 1191 2996 uerbum
1215 2960 1275 2995 curn
1298 2947 1383 2995 altero
1405 2961 1506 3010 permu-

291 3019 368 3068 tatur.
405 3017 476 3082 (Vid.
494 3017 575 3068 Drak.
594 3019 628 3066 ad
648 3017 706 3070 Liu.
726 3017 812 3078 XXX,
832 3012 916 3084 3,.1.)
952 3017 1007 3069 Sed
1026 3031 1086 3067 cum
1104 3017 1236 3066 desistere
1254 3018 1375 3066 dicantur
1387 3017 1506 3067 homines

290 3105 308 3139 a
326 3089 471 3146 sententia,
491 3090 526 3138 ab
544 3089 664 3152 incepto,
688 3101 758 3152 qnae
782 3091 918 3147 omittunt,
942 3089 1032 3154 quidni
1054 3103 1073 3138 a
1096 3087 1246 3138 recrearer
1273 3088 1363 3154 ltaque
1388 3093 1460 3138 recte
1480 3089 1504 3137 in

290 3159 338 3210 llll
357 3159 412 3228 dig.
430 3158 456 3219 5,
474 3156 492 3212 5
511 3160 592 3209 scribi
611 3160 704 3223 opinor
726 3157 769 3210 De
788 3173 847 3212 cere
872 3163 957 3211 utero
978 3156 1102 3209 dicutur·
1122 3157 1169 3225 psi
1193 3154 1226 3208 cb
1249 3156 1304 3212 ie.
1328 3171 1439 3226 qscm
1461 3155 1503 3210 ut

289 3229 400 3298 imperio
417 3234 486 3285 unt.
507 3227 635 3281 desistant
656 3235 682 3282 et
704 3229 733 3281 r'rt
803 3230 867 3282 ders
889 3244 1023 3282 ammas
1045 3244 1074 3280 re
1096 3228 1240 3296 consmst.
1282 3229 1442 3287 Tenentur,
1466 3231 1503 3296 qni

291 3306 318 3354 et
336 3305 395 3367 lpse
412 3304 509 3366 probat
527 3299 696 3356 doebterest.
722 3303 838 3354 deiicere
857 3303 884 3352 et
902 3303 1054 3352 desciscere
1072 3301 1272 3351 conuenientius
1294 3302 1356 3351 illos
1378 3303 1429 3351 (lici
1447 3317 1502 3351 ωιι-

289 3375 384 3432 tendit,
409 3373 454 3436 qul
478 3375 545 3425 ultro
564 3373 643 3423 tidem
669 3373 777 3429 taliani:
801 3371 929 3424 desistere
951 3375 985 3424 ‹le
1008 3374 1041 3423 iis
1064 3373 1154 3440 magis
1172 3375 1264 3436 aptum
1282 3385 1355 3430 esse,
1374 3372 1419 3438 qui
1436 3373 1502 3423 illan

290 3448 380 3497 colere
397 3445 528 3504 desinent,
548 3445 663 3510 citatque
676 3446 735 3497 Val.
746 3445 804 3504 Vll,
823 3441 848 3504 11.
868 3441 895 3496 2.
922 3443 976 3494 Sed
988 3445 1033 3503 ibi,
1052 3444 1182 3509 etquidem
1201 3445 1298 3496 sinceri
1316 3459 1375 3493 cum
1394 3445 1502 3494 maxine

288 3517 373 3569 testes
395 3517 518 3568 audiendi
540 3518 615 3576 sunt,
640 3516 764 3567 Valerius
786 3516 813 3566 in
835 3516 918 3566 simili
935 3528 1098 3580 prorsnsre
1121 3514 1280 3578 exponenda
1298 3515 1464 3566 desciscendi
1479 3519 1502 3565 et
1590 3504 1591 3517 ¹

288 3587 316 3639 ln
334 3587 456 3651 sequenti
474 3588 598 3651 exemplo
617 3588 651 3636 de
668 3586 795 3638 Petelinis
814 3587 953 3638 deficiendi
972 3588 1055 3637 uerbo
1073 3597 1140 3635 usus
1159 3587 1209 3637 est.

358 3655 385 3710 2.
404 3658 442 3710 ot
461 3659 518 3710 Llu.
537 3657 636 3716 xxiii,
654 3654 690 3708 20
707 3659 734 3708 ot
751 3653 795 3709 30.
813 3657 909 3723 Polyb.
928 3658 987 3719 Vll,
1007 3654 1030 3709 1.
1049 3656 1116 3721 App.
1135 3657 1222 3709 liam.
1240 3653 1284 3711 20.
1304 3656 1352 3711 Sil.
1370 3657 1430 3710 Ital
1446 3657 1499 3714 1111.
1590 3686 1591 3689 “

287 3725 348 3782 tsi.
373 3729 470 3779 Athen.
487 3729 607 3792 deipnos.
626 3727 683 3786 xil,
702 3723 738 3780 011
755 3745 781 3792 p.
800 3723 862 3780 528.
1110 3735 1115 3741 '

358 3797 479 3861 Petelia)
500 3799 541 3850 lta
564 3799 616 3848 hoc
633 3799 704 3850 loco·
714 3802 742 3850 et
753 3799 829 3849 'inira
847 3801 988 3850 emendcui
1009 3801 1137 3852 librorum
1159 3800 1319 3865 scripturam
1332 3798 1445 3868 petilini,
1458 3815 1500 3868 pe

288 3865 356 3938 titia,
372 3867 493 3935 peritiae.
514 3869 617 3920 Paridis
635 3870 751 3921 maxime
770 3869 955 3921 auctcrltstem
973 3875 1092 3931 secutus,
1110 3887 1224 3934 quocum
1237 3873 1497 3936 consentiuntoptinl

288 3941 395 3990 codices
414 3939 482 3988 Liuii
499 3939 517 3991 l.
536 3955 567 4000 c..
588 3941 725 3991 Mediceus
743 3941 855 4008 Vergilii
872 3941 922 4006 (lii
940 3941 1006 3993 Aen.
1025 3939 1089 4007 402)
1109 3945 1137 3993 et
1154 3945 1251 3994 Graeci
1268 3944 1427 4008 scriptores,
1449 3945 1498 4006 qui·

288 4013 339 4061 bus
358 4013 512 4061 constanter
531 4010 587 4062 iere
604 4011 739 4076 Πετηλῖνοι
763 4014 900 4064 uocantur.
937 4013 976 4065 ct.
999 4012 1096 4078 Polyb.
1120 4015 1139 4066 1.
1162 4030 1185 4066 c.
1215 4013 1304 4067 Strab.
1325 4015 1372 4072 vi,
1392 4012 1420 4072 l,
1441 4011 1496 4078 sp.

287 4077 341 4135 tsi
365 4083 426 4134 Cas.
456 4081 553 4131 Dubito
578 4083 685 4132 omnino
709 4084 743 4133 de
766 4083 852 4133 ultera
875 4083 922 4133 tila
938 4084 1026 4133 torma
1050 4099 1098 4148 per
1121 4086 1228 4139 tertiam
1252 4086 1374 4136 nomlem
1397 4086 1495 4150 scripta,

307 4155 430 4222 estquam
448 4153 474 4204 ln
492 4152 663 4216 inscriptione
682 4168 726 4217 up.
746 4153 819 4206 Grut.
839 4168 864 4217 p.
882 4149 945 4211 215.
964 4151 981 4206 5
999 4169 1052 4205 non
1071 4154 1321 4215 Pii'l'lLiNOiiVM,
1339 4155 1389 4207 sed
1404 4157 1495 4208 Pers·

287 4171 448 4278 lineavit
467 4223 522 4292 legi
541 4224 629 4274 docuit
646 4223 765 4277 Fabrett.
781 4225 862 4276 inser.
881 4239 908 4288 p.
926 4221 992 4286 iot,
1013 4226 1062 4291 (et.
1080 4229 1161 4278 etiam
1180 4227 1263 4280 Oroll.
1281 4229 1361 4279 ioscr.
1378 4242 1406 4280 n.
1421 4221 1495 4291 titis)

287 4312 401 4421 pampinis
420 4295 551 4419 cpppprpni
562 4295 735 4419 ἰ1111ιιιῖι1οιιιιιι
754 4297 837 4346 errori
854 4296 942 4346 tribuo
965 4297 992 4346 in
1016 4298 1069 4348 boe
1086 4313 1168 4363 opere
1186 4301 1258 4351 etin
1276 4299 1352 4350 PlInii
1370 4299 1397 4350 b.
1414 4314 1438 4352 u.
1454 4299 1494 4357 lll,

339 4384 355 4422 e
393 4385 410 4420 n
450 4383 486 4418 ιιι
527 4379 610 4417 unes
665 4382 688 4418 e.

357 4438 397 4492 ati
406 4436 542 4506 facerem
562 4437 629 4488 boni
654 4439 761 4489 codices
782 4441 812 4488 at
834 4433 860 4489 εἰ
875 4436 1014 4505 secem.
1049 4441 1185 4492 Probabst
1212 4443 1375 4506 pronominis
1399 4443 1494 4493 leucu·

286 4513 390 4562 stratiui
409 4511 600 4562 abundantiam
619 4511 648 4567 si,
661 4523 714 4560 nou
732 4509 873 4571 uideram,
892 4525 952 4560 cnm
971 4514 1129 4574 praesertim
1146 4513 1270 4564 Valerius
1295 4516 1340 4566 uel
1363 4523 1422 4566 curn
1438 4531 1494 4567 ms·

286 4583 404 4638 coluthia
422 4583 537 4646 quadam
556 4581 654 4632 similla
670 4582 697 4632 ln
716 4581 768 4632 boc
786 4593 887 4650 genere
904 4583 958 4632 sibl
974 4583 1126 4643 indulserit,
1151 4585 1198 4648 (et'.
1215 4585 1236 4643 1,
1255 4582 1281 4644 i,
1300 4583 1401 4638 berte
1413 4585 1494 4654 palm

286 4649 326 4704 M.
353 4649 458 4713 cicera
482 4665 540 4702 carr
562 4650 592 4704 is
614 4649 680 4704 uitta
701 4648 815 4720 wadum
838 4651 927 4723 cernpt'
943 4650 1071 4706 -Atisntr’s
1091 4651 1291 4717 martur,
1319 4654 1345 4709 ir
1368 4654 1492 4710 moos
