3409 5400
545 566 627 636 111Β.
650 558 705 636 lll.
729 571 766 636 G.
791 569 971 648 111111.
995 571 1104 638 5-7.
1383 572 1449 641 ait

279 732 282 737 '
311 728 403 796 llaec
428 753 445 795 e
468 732 655 818 pectoribus
686 732 759 798 altis
790 746 821 798 et
850 732 985 808 eruditis
1014 746 1086 797 orta
1114 742 1204 806 sunt,
1232 731 1313 795 illud
1340 736 1491 803 tamen'l.

223 858 289 903 non
312 839 421 902 minus
447 837 639 903 admirabile
670 840 798 905 seruilis
828 843 957 905 animus
990 838 1082 925 cepit.
1134 838 1261 901 Seruus
1288 838 1449 906 barbarus

223 944 479 1021 Hasdrubidem,
508 945 596 1032 quod
625 947 792 1013 dominum
821 970 919 1013 suum
950 946 1126 1011 occidisset
1155 946 1300 1031 grauiter
1330 946 1449 1022 ferens,

223 1053 330 1117 subito
362 1051 546 1140 adgressus
575 1054 750 1129 interemit,
789 1076 928 1143 eumque
958 1051 1205 1139 conprehensus
1235 1052 1326 1116 omni
1352 1052 1451 1117 modo

201 1160 430 1235 ecruciaretur,
453 1148 610 1225 laetitiam
634 1172 760 1237 tamen,
789 1186 889 1249 quam
913 1184 952 1225 ex
979 1159 1124 1224 uindicta
1152 1170 1300 1246 ceperat,
1329 1158 1364 1223 in
1392 1179 1449 1222 ore

224 1268 488 1333 constantissime
502 1270 650 1333 retinuit.
698 1268 773 1334 Non
792 1291 871 1357 ergo
894 1268 1068 1334 fastidioso
1088 1267 1176 1330 aditu
1191 1268 1296 1332 uirtus
1314 1267 1454 1332 excitata

223 1374 361 1453 [uiuida]
385 1375 522 1462 ingenia
545 1374 588 1439 ad
612 1398 648 1440 se
665 1386 837 1462 penetrare
856 1378 986 1461 patitur,
1009 1396 1116 1461 neque
1137 1373 1292 1439 haustum
1308 1374 1362 1439 sui
1376 1394 1454 1439 eum

223 1482 330 1569 aliquo
354 1504 569 1569 personarum
593 1482 781 1547 discrimine
805 1481 936 1569 largum
959 1482 1183 1567 malignumue
1211 1481 1360 1567 praebet,
1390 1480 1453 1546 sed

224 1590 375 1655 omnibus
400 1589 579 1676 aequaliter
602 1591 760 1675 exposita,
790 1589 868 1675 quid
892 1588 1077 1674 cupiditatis
1105 1590 1214 1673 potius
1245 1610 1344 1673 quam
1373 1586 1453 1674 quid

188 1706 214 1749 ¹⁰
224 1697 391 1785 dignitatis
416 1696 561 1763 attuleris
589 1698 753 1770 aestimat,
784 1698 884 1783 inque
915 1706 1012 1782 captu
1039 1694 1201 1760 bonorum
1232 1716 1367 1759 suorum
1394 1692 1452 1755 tibi

223 1806 287 1892 ipsi
309 1804 440 1889 pondus
466 1804 719 1869 examinandum
750 1803 918 1889 relinquit,
948 1815 983 1865 ut
1014 1816 1171 1889 quantum
1200 1803 1309 1869 subire
1341 1801 1450 1867 anime

224 1913 428 1989 sustinueris,
452 1920 575 1976 tantum
599 1922 706 1976 tecum
730 1910 872 1975 auferas

314 2552 387 2637 Quo
412 2556 520 2618 euenit
542 2566 577 2618 ut
601 2564 631 2617 et
653 2552 767 2618 hunrih
790 2552 864 2619 loeo
896 2552 964 2618 nati
993 2552 1037 2617 ed
1066 2546 1230 2617 summam
1259 2544 1528 2641 dignitatemllll.

224 2672 427 2750 consurgant
450 2671 481 2726 et
504 2662 837 2750 generosissimarum
860 2660 1044 2748 imaginum
1071 2660 1155 2725 fetus
1184 2661 1219 2726 in
1243 2657 1377 2746 aliquod
1398 2681 1449 2726 re·

188 2769 324 2840 reuoluti
347 2767 491 2834 dedecus
516 2781 684 2856 acceptam
708 2792 729 2834 a
751 2768 931 2834 maioribus
955 2766 1061 2834 lucem
1084 2770 1119 2833 in
1143 2768 1295 2834 tenebras
1312 2789 1449 2834 conuer-

225 2979 251 3036 2.
270 2983 438 3049 admirabile]
458 2979 520 3034 edd.
540 2985 609 3050 quod
628 2980 742 3035 D'l'oir.
754 2980 767 3050 Η
781 2985 873 3035 seruili
889 2980 927 3036 D.
942 2986 955 3049 ΙΙ
969 2978 995 3032 4.
1014 2998 1177 3048 conpressus
1195 2979 1248 3036 ΑΒ
1257 2981 1285 3036 C.
1305 2979 1367 3037 edd.
1379 2984 1400 3036 i.
1419 2984 1448 3036 P.

226 3055 353 3106 laetitiam
373 3057 504 3106 uindictae
523 3057 578 3105 risu
598 3057 714 3106 testatus
733 3057 776 3106 est
793 3069 884 3121 murco
902 3052 933 3106 A.
946 3054 959 3121 ΙΙ
971 3051 997 3105 5.
1016 3057 1117 3105 laetitia
1140 3050 1235 3121 011111
1254 3055 1311 3121 ore]
1330 3056 1398 3106 mori
1419 3053 1448 3109 0.

227 3122 697 3246 ψαιίιιὶᾱοιείηοιιησὴροκ1113111111
706 3121 1054 3196 Torr.llsuaeD.ll9.potiue
1067 3152 1101 3162 -
1110 3124 1177 3191 (10.)
1191 3127 1381 3194 dignitatisom.
1394 3123 1446 3195 Ei}

243 3193 694 3266 0.ει111111111ΕΓ.ΙΙ1111111111
717 3195 746 3248 D
770 3201 795 3248 ct
818 3195 845 3248 ie
865 3211 961 3248 resera
979 3193 1010 3248 Α.
1027 3195 1041 3262 ΙΙ
1062 3193 1101 3246 12.
1125 3197 1225 3248 afferas
1243 3194 1276 3248 Β.
1301 3199 1391 3248 aleres
1410 3194 1449 3249 D.

226 3264 287 3321 edd.
296 3268 359 3319 noui
368 3267 465 3335 cepitis
474 3266 678 3335 trascriptioecm,
702 3269 742 3318 De
752 3271 844 3319 humili
855 3269 913 3319 loeo
923 3269 993 3318 natis
1004 3269 1048 3333 qui
1058 3268 1123 3317 cleri
1133 3270 1277 3318 euaserunt
1288 3265 1364 3320 Torr.
1379 3263 1391 3333 ΙΙ
1408 3261 1449 3318 13.

226 3343 283 3400 Quo
302 3339 403 3404 euenit]
429 3355 480 3402 quo
505 3341 576 3388 creuit
598 3337 625 3390 E
650 3344 676 3390 ct
688 3337 774 3408 prr-A
801 3345 827 3392 ct
844 3354 914 3391 corr.
933 3337 961 3390 C.
987 3353 1056 3405 quae
1079 3340 1153 3388 uenit
1172 3352 1214 3405 pr.
1236 3336 1265 3389 C.
1289 3343 1346 3400 Quo
1365 3352 1450 3400 saepe

225 3411 315 3460 euenit
334 3406 410 3460 Tere.
425 3408 437 3471 ΙΙ
456 3405 494 3458 ti.
512 3409 594 3474 fetus]
614 3408 654 3460 eic
671 3409 704 3462 Α.
726 3407 786 3461 Vid.
810 3409 919 3462 Lecdm.
938 3406 975 3462 ed
992 3407 1074 3462 beer.
1089 3424 1118 3477 p.
1138 3403 1200 3460 271.
1217 3406 1231 3476 ll
1247 3407 1372 3475 reuoluti]
1387 3412 1450 3474 poet

225 3481 344 3532 dedecus
362 3476 395 3529 Γ.
413 3477 530 3530 deuotuti
548 3493 618 3532 corr.
637 3477 668 3532 A.

732 3605 944 3620 m

224 3675 334 3728 barian.
347 3675 382 3796 ἐξ
402 3667 491 3795 ‘tiuhi
511 3677 537 3725 et
556 3675 588 3726 de
608 3677 691 3726 morte
710 3675 847 3746 Peregrin.
861 3673 906 3736 25,
925 3677 970 3738 111,
989 3693 1014 3743 p.
1027 3671 1080 3729 369
1093 3679 1120 3728 et
1131 3669 1184 3728 348
1197 3675 1239 3726 cd.
1251 3674 1334 3727 Reitz.
1353 3672 1450 3726 Strabo

226 3748 284 3808 XV,
302 3765 328 3812 p.
401 3747 481 3805 ,a'i.

297 3813 321 3870 i.
341 3820 379 3868 ct.
398 3817 456 3870 Liu.
475 3817 548 3876 xxi,
567 3813 593 3868 2.
618 3817 682 3868 lust.
702 3819 810 3878 XLiiii,
830 3813 856 3871 5.

296 3888 408 3940 cecitate
419 3887 534 3956 [uiuida]
545 3886 659 3955 inponis)
677 3891 764 3958 Vulgo
775 3892 833 3940 sine
844 3905 927 3941 sensu
938 3891 1066 3941 edebatur
1082 3888 1140 3943 Noe
1150 3906 1211 3958 erpo
1217 3882 1366 3958 fastidioso
1376 3887 1450 3943 adite

225 3957 311 4012 uirtus
321 3959 445 4014 cecitate,
456 3957 562 4027 inpceie
571 3957 663 4012 eieide
674 3955 711 4010 ad
721 3965 897 4029 rcpcectiurc
903 3961 1013 4030 petitur.
1033 3963 1108 4012 Vnde
1123 3963 1233 4026 Lipsius
1243 3965 1348 4026 plenius
1358 3965 1449 4014 distin·

226 4045 314 4100 garns
328 4036 391 4096 post
399 4032 484 4084 uirtus
499 4031 561 4082 iecit
570 4029 698 4083 Eccitete
707 4030 810 4098 iepeeie
821 4047 852 4083 ec
866 4030 969 4086 eieide.
980 4033 1104 4084 Veratius
1113 4032 1226 4086 cecitate
1237 4048 1269 4084 ec
1278 4031 1371 4085 eieide
1380 4034 1450 4102 inpe-

225 4099 278 4153 eie.
310 4101 449 4153 Librorum
465 4105 622 4167 scripturam
638 4101 751 4153 cecitate
760 4101 855 4154 uiuida
863 4108 939 4154 crunt
949 4106 1065 4154 tortasse
1076 4105 1119 4167 qui
1136 4104 1273 4155 serendam
1290 4107 1449 4166 existiment,

227 4171 340 4224 cecitate
350 4175 439 4244 magis
450 4175 578 4238 participii
592 4189 671 4239 quam
680 4175 801 4224 edicetiui
814 4177 868 4225 uim
878 4177 979 4226 habere
992 4177 1018 4225 et
1029 4191 1077 4240 pro
1089 4189 1146 4226 cem
1156 4175 1270 4227 cecitate
1280 4182 1341 4227 eant
1351 4179 1451 4227 dictum

226 4257 290 4294 esse
317 4247 474 4297 statuentes.
520 4247 621 4305 Quibus
648 4261 702 4296 non
727 4248 872 4299 assentior.
906 4247 975 4296 Nam
1001 4263 1060 4296 curn
1086 4260 1119 4297 ea
1150 4249 1210 4297 eota
1238 4249 1348 4316 ingenia
1379 4249 1449 4297 exci-

225 4316 321 4373 tentur,
341 4332 410 4382 quae
429 4317 518 4366 uiuida
536 4317 606 4372 erint,
625 4331 674 4365 nec
693 4317 783 4366 uiuida
802 4320 855 4366 sint
873 4318 924 4367 nisi
944 4333 1013 4383 quac
1032 4319 1193 4376 excitantur,
1218 4320 1305 4382 inepte
1325 4319 1450 4367 i'uierius

226 4399 260 4436 ea
269 4388 371 4436 tantum
380 4387 469 4437 uiuida
481 4387 598 4455 ingenia,
612 4401 682 4448 quae
695 4389 851 4446 excitantur,
865 4390 899 4437 ad
913 4390 1034 4438 uirtutem
1047 4391 1188 4452 penetrare
1204 4389 1324 4438 dixisset.
1355 4387 1450 4452 ltaque

226 4470 293 4507 eane
313 4459 359 4507 aut
376 4457 445 4507 inter
461 4459 599 4522 utrumque
619 4459 779 4508 adiectiuurn
799 4459 895 4523 copula
913 4459 1056 4510 inscrenda
1075 4465 1130 4518 aut,
1150 4459 1219 4524 quod
1238 4463 1265 4507 et
1282 4459 1450 4522 probabilius

224 4527 255 4577 tit
278 4531 305 4578 et
329 4529 439 4588 meiius,
471 4529 624 4579 alterutrum
650 4531 790 4580 delendum
814 4532 885 4587 erat,
912 4531 980 4580 sicut
1004 4531 1092 4579 uisum
1117 4531 1159 4579 est
1184 4529 1279 4581 Tettio.
1321 4529 1450 4592 Suspicor

223 4593 317 4649 uiuida
336 4613 370 4649 ex
388 4599 604 4662 interpretatione
622 4602 809 4664 praecedentis
829 4603 952 4651 uocabuii
972 4604 1057 4652 ortmn
1076 4615 1149 4650 esse.
1191 4599 1314 4648 Pessime
1333 4601 1450 4648 omnium

223 4669 354 4735 Kappius‚
380 4671 448 4732 qtrod
468 4670 586 4720 nonnulli
605 4671 711 4721 codices
731 4668 831 4732 incide,
858 4673 903 4722 alii
930 4670 1035 4723 inuidia
1060 4671 1226 4727 exhiberent,
1246 4669 1339 4736 legere
1358 4669 1451 4719 meluit

224 4739 338 4791 cecitate
356 4735 459 4791 incidie
481 4737 600 4806 incenia.
628 4744 716 4804 ‘quale
735 4743 860 4795 habuerit
878 4757 975 4796 seruus
992 4742 1150 4800 barbarus',
1178 4743 1315 4806 tamquam
1333 4741 1450 4792 inuidiae

223 4813 385 4882 praecipuas
403 4813 439 4862 ad
453 4813 580 4864 uirtutem
599 4813 687 4865 editus
706 4816 790 4867 esset.

1195 4901 1260 4972 te·
