3409 5400
313 490 379 558 450
492 486 551 553 nu
575 484 851 553 savusunru
875 480 1062 553 parurn
1084 482 1130 552 m
1152 459 1353 553 cieuses

314 649 545 737 Cappadociae
568 672 672 739 regno
697 649 799 715 cessit
820 650 855 713 iu
879 658 1059 733 conspectu
1075 646 1136 715 Cn.
1151 647 1300 733 Pompei.
1335 647 1537 711 Guius’cum
1612 723 1613 730 ἵ

312 757 454 823 tribunal
468 756 719 823 conscendisset
739 756 961 840 inuitatusque
977 754 1020 818 ab
1041 775 1080 817 eo
1098 755 1132 819 in
1154 752 1257 817 curuli
1279 753 1362 819 sella
1382 753 1535 820 sedisset.

310 875 486 952 postquam
511 862 611 929 filium
635 865 670 927 in
692 885 794 927 cornu
818 863 947 929 scribae
971 861 1176 927 humiliorem
1195 862 1327 925 fortuna
1342 882 1405 925 sua
1426 860 1535 925 locum

311 974 508 1037 obtinentem
537 972 780 1056 conspexisset,
809 990 877 1033 nen
900 970 1054 1033 sustinuit
1082 971 1168 1033 infra
1194 992 1232 1033 sc
1255 966 1462 1033 conlocatum
1484 970 1534 1031 in·

237 1098 243 1107 ·
306 1081 408 1153 tucri,
444 1078 504 1141 sed
533 1079 680 1163 protinus
713 1076 797 1149 sella
824 1076 995 1141 descendit
1023 1088 1053 1139 et
1088 1075 1243 1141 diadema
1271 1077 1304 1139 in
1336 1085 1434 1161 caput
1461 1075 1558 1140 ciuss

310 1188 472 1253 transtulit
494 1185 680 1271 hortarique
704 1185 811 1269 coepit
834 1196 869 1247 ut
890 1204 933 1246 eo
947 1183 1109 1258 transiret,
1132 1182 1219 1247 unde
1242 1185 1315 1268 ipse
1338 1194 1533 1248 surrexerat

307 1296 508 1370 Exciderunt
530 1291 686 1357 lacrimae
709 1292 829 1365 iuueni,
854 1288 1020 1355 cohorruit
1036 1312 1166 1377 corpus,
1190 1290 1362 1374 delapsum
1380 1287 1535 1353 diadema

311 1414 442 1467 estnec
468 1422 531 1487 quo
555 1400 667 1463 iussus
690 1410 759 1463 erat
782 1396 938 1485 progredi
958 1399 1070 1483 potuit,
1094 1396 1247 1484 quodque
1263 1418 1370 1483 paene
1386 1396 1532 1461 ueritatis

309 1511 408 1575 iidem
433 1507 568 1581 excedit,
591 1506 696 1569 luctus
722 1516 791 1581 erat
814 1504 870 1590 qui
893 1525 1032 1590 regnum
1057 1504 1252 1589 deponebat,
1275 1504 1375 1569 tristis
1399 1504 1453 1566 cui
1476 1501 1533 1565 da·

309 1619 414 1683 batur.
460 1614 529 1679 Nec
553 1612 653 1677 ullum
677 1614 773 1675 tinem
799 1623 866 1676 tam
891 1612 1062 1697 egregium
1079 1623 1245 1675 certamen
1264 1610 1446 1683 habuisset,
1471 1611 1533 1673 nisi
1544 1630 1567 1673 ιο

308 1724 434 1809 patriae
462 1720 621 1785 uoluntati
650 1718 826 1783 auctoritas
855 1716 992 1802 Pompei
1021 1717 1193 1785 adibissct.
1251 1716 1367 1782 Filium
1391 1719 1479 1781 enim
1503 1733 1533 1779 et

308 1851 424 1917 regem
454 1826 630 1913 appellauit
658 1836 689 1889 et
717 1824 870 1888 diadema
898 1844 1029 1889 sumere
1057 1825 1157 1890 iussit
1189 1836 1221 1889 et
1254 1825 1288 1890 in
1317 1822 1422 1889 curuli
1449 1823 1534 1889 sella

309 1933 482 2001 considero
506 1933 622 2019 coegit.

175 2472 261 2543 VIII⁸
276 2480 304 2547 1,
399 2469 553 2533 Comicae
577 2466 717 2531 lenitatis
742 2464 775 2529 lri
799 2476 921 2551 patres,
946 2467 1091 2553 tragicae
1116 2468 1301 2553 asperitatis
1325 2466 1380 2534 illi.

486 2644 555 2728 DE,
569 2640 847 2710 suvnulmtu
871 2641 1058 2710 PATRVM
1079 2642 1127 2710 IN
1147 2642 1348 2712 LIBEROS.
1542 2664 1568 2707 ts

396 2787 433 2854 L.
457 2787 589 2863 Brutus,
613 2788 720 2874 gloria
744 2811 802 2874 par
825 2785 986 2861 Romule,
1008 2779 1087 2875 quia
1114 2788 1167 2854 illc
1198 2789 1327 2862 urbem,
1357 2788 1410 2853 liic
1432 2787 1531 2852 libcr-

307 2907 405 2961 tctenr
425 2897 611 2960 Ronmuam
635 2894 795 2970 condidit,
826 2893 909 2958 tilios
934 2917 1014 2958 suos
1043 2895 1301 2960 dominationem
1317 2895 1486 2982 Tarquinii
1511 2917 1532 2958 a

308 3025 345 3066 se
368 2999 538 3087 expulsam
561 2999 752 3066 reducentes
778 3023 942 3066 summum
962 3001 1132 3088 imperium
1154 3001 1304 3067 obtinens
1325 3001 1531 3088 conprehen-

307 3129 364 3173 sos
388 3129 513 3195 proque
537 3108 690 3172 tribunali
713 3109 817 3196 uirgis
842 3129 961 3172 caesos
986 3120 1017 3171 et
1040 3108 1082 3173 ad
1106 3106 1216 3195 palum
1239 3107 1394 3196 religatos
1419 3111 1531 3173 securi

308 3216 431 3300 percuti
458 3215 562 3280 iussit.
621 3213 717 3278 Exuit
747 3226 892 3300 patrem,
926 3197 960 3279 ut
992 3211 1161 3280 consulem
1198 3227 1327 3302 ageret,
1362 3215 1567 3303 orbusqueri

307 3327 417 3388 uiuere
443 3345 542 3410 quum
566 3321 716 3406 publicae
742 3319 905 3385 uindictae
930 3321 1049 3385 deesse
1072 3321 1196 3385 maluit.

309 3501 331 3556 l.
351 3517 463 3571 regnum
481 3497 573 3552 l'l'er.
585 3493 635 3567 112.
655 3497 698 3564 co]
719 3495 781 3551 add.
801 3495 1062 3568 ιι11).11ουι·υΙΙὶΑ.
1082 3500 1166 3552 euritii
1185 3498 1213 3550 ia
1231 3513 1328 3551 rasura
1346 3497 1383 3552 D.
1397 3496 1411 3571 ΙΙ
1424 3499 1450 3556 i.
1467 3519 1531 3554 cen·

306 3577 395 3638 spexit
413 3572 437 3624 Γ
444 3569 521 3622 Τονν.
533 3571 546 3639 Η
558 3565 582 3620 5.
603 3569 682 3636 seila]
703 3572 735 3621 rie
755 3571 824 3620 sella
842 3567 873 3624 F.
885 3572 899 3639 ss
911 3567 936 3624 11.
955 3569 1119 3638 surrexerat]
1133 3571 1311 3623 descenderat
1322 3569 1353 3624 F.
1366 3572 1417 3641 111.
1430 3576 1531 3625 corrrut

304 3644 332 3696 Ε
338 3643 369 3697 Γ.
381 3643 393 3709 ΙΙ
406 3645 537 3706 dilapsum
551 3639 635 3694 ΑΟΙ)
643 3639 669 3692 Ε
675 3639 700 3691 F
701 3637 725 3692 Γ
731 3638 808 3694 Torr.
825 3639 947 3694 Correxit
955 3641 1116 3699 Perizonius.
1128 3639 1142 3708 Η
1154 3645 1196 3694 est
1206 3643 1331 3694 diadema
1343 3641 1530 3714 1'.}18.lldcm

306 3716 425 3766 ueritatis
447 3712 469 3763 F
471 3711 494 3763 Γ
499 3710 576 3765 Torr.
588 3711 601 3780 11
615 3709 656 3764 li).
675 3713 832 3780 aegregium
847 3727 893 3780 pr.
911 3711 943 3766 Α.
954 3711 968 3780 ΙΙ
983 3711 1022 3766 11.
1041 3715 1157 3778 pompeii
1175 3716 1320 3764 auctoritas
1337 3712 1397 3784 mn
1413 3712 1452 3768 13.
1467 3733 1531 3766 con·

305 3789 399 3836 sedere
424 3781 455 3836 Γ.
472 3783 484 3848 ΙΙ
505 3779 545 3835 ll.
569 3781 704 3848 Comicus]
725 3781 868 3850 premisit
889 3783 1084 3852 inscriptionem
1114 3785 1172 3843 QVI
1195 3784 1319 3835 sevum
1344 3787 1531 3839 ADVERSVS

304 3853 452 3906 LIBEROS
474 3853 550 3904 terr.
563 3853 687 3922 111πιιίοειο
705 3853 736 3906 A.
751 3849 764 3922 11
779 3853 826 3919 1111]
851 3855 897 3915 qui
921 3856 974 3904 iam
993 3857 1153 3906 referrentur
1176 3856 1336 3918 (referentur
1355 3872 1425 3910 corr.
1442 3855 1480 3919 Ι)
1497 3857 1531 3910 Γ.

317 3926 329 3990 lt
348 3923 387 3978 15.
407 3923 560 3990 PATRVM]
581 3929 719 3988 pareutum
732 3921 758 3975 E
769 3929 794 3978 et
813 3929 872 3974 ante
881 3927 1025 3977 seueritate
1040 3923 1131 3980 FPcr.
1144 3925 1158 3993 ΙΙ
1169 3927 1205 3976 IN
1221 3927 1381 3996 insenos]
1402 3945 1449 3980 om.
1464 3928 1531 3981 Per.

303 3999 330 4046 in
350 3998 417 4046 fliius
436 3995 505 4048 DE.
517 3996 530 4063 11
544 3991 585 4046 lt.
605 3995 635 4064 L.
654 3995 761 4061 Brutus]
782 3995 813 4047 l..
832 4010 882 4048 om.
905 3993 1025 4049 CDFI'.
1041 3996 1055 4065 ΙΙ
1071 3999 1124 4048 Par
1143 3999 1254 4048 Romulo
1273 4001 1361 4066 glorta
1378 3999 1410 4054 L.
1428 4003 1531 4050 Brutus

305 4065 381 4121 Terta
394 4066 407 4136 Η
421 4065 461 4122 ll.
480 4067 616 4132 'irrequinii
635 4068 840 4148 deminutionem
857 4063 899 4128 (l)
907 4064 984 4119 Torr.
995 4067 1010 4136 ΙΙ
1024 4065 1065 4119 111.
1085 4069 1218 4139 deligatps
1237 4083 1307 4122 corr.
1326 4068 1359 4123 Α.

809 4172 1020 4186 -ν-

373 4225 558 4294 conspexisset)
579 4224 638 4274 Nou
657 4225 791 4276 debebant
810 4229 969 4291 attemptare
993 4229 1161 4296 grammatici
1185 4230 1439 4296 plusquamperieeti
1464 4249 1533 4284 ceu·

301 4301 445 4350 innetinum
468 4297 626 4361 pendentem
651 4311 668 4344 a
686 4299 841 4363 postquam.
872 4313 952 4360 qriem
977 4301 1020 4350 uei
1049 4301 1139 4350 inuitis
1163 4301 1238 4351 tibris
1262 4303 1401 4369 hucusque
1425 4306 1532 4354 editum

301 4372 466 4420 admiserunt
486 4370 504 4422 1.
525 4362 548 4424 i,
569 4369 622 4418 ext.
640 4363 666 4424 2,
690 4370 835 4433 (postquem
852 4367 882 4418 in
899 4375 1064 4436 conspectum
1086 4368 1220 4433 emicet).
1260 4373 1407 4439 Exempla,
1432 4391 1533 4439 qum.

300 4457 381 4502 qrram
406 4454 517 4503 percura
541 4439 616 4495 sunt,
643 4438 810 4488 inueniuntur
834 4441 925 4490 tamen
948 4442 991 4492 cci
1021 4443 1092 4506 apud
1116 4444 1184 4493 ccs'
1205 4444 1344 4496 artissimos
1367 4446 1532 4509 scriptores.

299 4513 429 4574 liquidem
448 4525 517 4559 nunc
535 4524 588 4558 non
607 4509 694 4560 liabeo
720 4511 811 4574 ptura,
835 4527 917 4577 quam
940 4527 1010 4577 queo
1033 4515 1172 4582 congessit
1215 4516 1368 4580 ipperdeiue
1384 4531 1472 4568 meus
1491 4521 1533 4568 ad

299 4584 361 4634 bett.
381 4582 461 4632 Afric.
480 4576 523 4640 tl,
542 4575 568 4636 1,
589 4580 641 4634 Cic.
661 4581 693 4630 de
712 4583 776 4644 imp.
796 4583 842 4635 Cn.
861 4583 955 4647 Pomp.
973 4580 1006 4644 4,
1024 4578 1049 4638 9.
1075 4586 1175 4638 Vitruu.
1189 4580 1231 4648 11,
1250 4583 1282 4648 9,
1301 4590 1328 4639 et
1346 4603 1407 4638 cum
1424 4589 1533 4654 imper·

300 4652 363 4703 sceti
382 4653 547 4701 coniunctius
567 4651 620 4704 Cic.
638 4667 687 4715 pro
706 4653 807 4704 cuent.
826 4649 868 4712 64,
891 4651 950 4706 181.

373 4722 442 4772 vui.
464 4719 487 4775 1.
507 4721 545 4772 ct.
556 4721 615 4774 Liu.
628 4722 660 4783 11,
679 4716 705 4776 5.
723 4722 801 4777 Dion.
812 4724 872 4776 ilat.
883 4726 914 4786 V,
924 4724 950 4786 8,
960 4720 985 4782 9.
1004 4726 1075 4781 Fier.
1086 4727 1107 4789 l,
1118 4722 1143 4780 t.
1161 4726 1237 4784 Auct.
1249 4731 1282 4784 de
1292 4731 1340 4785 uir.
1349 4731 1386 4786 itt
1398 4727 1446 4792 tor
1468 4734 1533 4785 clii.
