3409 5400
552 513 635 582 LlB.
657 515 746 596 vm,
770 520 808 586 (i.
833 524 863 599 1,
887 530 917 601 s.
943 521 1060 595 1-3.
1357 530 1422 599 bot

287 674 554 743 Consentaneum
584 679 671 767 quod
700 684 856 769 sequitur.
910 686 938 751 A
963 687 1123 753 Gabinius
1152 688 1186 754 in
1208 691 1350 757 maximo
1374 694 1423 757 in·
1433 691 1463 761 3.

191 780 318 847 famiae
351 802 433 847 suae
468 782 587 849 ardore
621 786 793 875 suffragiis
826 792 939 878 populi
974 792 1009 860 o.
1039 792 1195 859 Memmio
1230 810 1421 865 accusatore

192 888 364 953 subiectus
392 888 551 976 abruptae
578 913 655 959 esse
682 896 756 981 spei
785 898 973 976 uidebatur,
1007 896 1162 987 quoniam
1192 913 1222 965 et
1253 906 1421 969 accusatio

192 1006 308 1080 partes
331 1015 412 1061 suas
434 997 532 1084 plene
547 997 721 1065 exhibebat
736 1012 768 1066 et
786 1002 988 1072 defensionis
1004 1006 1172 1093 praesidia
1186 1008 1334 1074 inualida
1356 1008 1420 1073 tide

165 1099 382 1167 enitebantur
405 1114 437 1166 et
451 1106 508 1191 qui
522 1105 713 1173 iudicabant
732 1109 783 1175 ira
796 1113 968 1199 praecipiti
985 1134 1126 1199 poenam
1142 1112 1285 1178 hominis
1302 1114 1420 1200 cupide

191 1206 399 1295 expetebant.
443 1210 547 1297 Igitur
573 1213 679 1278 uiator
708 1226 741 1279 et
762 1239 876 1283 carcer
904 1230 979 1284 ante
1008 1218 1121 1284 oculos
1149 1219 1418 1295 obuersabantur‚

191 1336 271 1381 cum
298 1316 427 1382 interim
454 1320 567 1384 omnia
593 1321 658 1387 ista
686 1323 846 1409 propitiae
875 1326 1025 1391 fortunae
1053 1328 1234 1391 interuentu
1269 1326 1419 1413 dispulsa

191 1434 281 1488 sunt.
327 1421 429 1488 Filius
445 1444 587 1513 namque
603 1425 734 1493 Gabinii
752 1430 898 1498 Sisenna
921 1432 1195 1498 consternationis
1219 1433 1351 1518 inpulsu
1377 1434 1418 1499 ud

189 1529 298 1615 pedes
326 1547 372 1604 se
391 1528 538 1597 Memmii
574 1533 711 1621 supplex
739 1537 932 1622 prostrauit,
968 1539 1045 1604 inde
1074 1538 1208 1625 aliquod
1238 1541 1415 1606 fomentum

148 1652 180 1697 so
189 1636 358 1723 procellae
372 1649 500 1723 patens,
521 1640 610 1705 unde
626 1650 710 1707 totus
725 1644 866 1729 impetus
883 1646 1085 1733 tempestatis
1103 1655 1261 1731 eruperat.
1309 1645 1415 1727 Quem

189 1744 275 1807 truci
297 1740 387 1808 uultu
410 1764 432 1809 a
453 1763 491 1809 se
514 1746 616 1812 uictor
637 1748 786 1814 insolens
809 1751 977 1837 repulsum
994 1772 1170 1818 excussos
1192 1774 1292 1817 manu
1317 1753 1414 1817 anulo
1448 1746 1470 1788 ¹‘
1495 1752 1498 1759 ’

188 1846 284 1913 humi
306 1851 414 1915 iacere
437 1850 625 1937 aliquandiu
647 1876 770 1939 passus
794 1866 853 1923 est.
907 1858 1005 1939 Quod
1032 1858 1254 1946 spectaculum
1286 1860 1359 1924 sccit
1383 1870 1417 1923 ut

188 1954 325 2021 Laelius
349 1957 496 2023 tribunus
525 1958 629 2046 plebis
661 1961 919 2048 adprobantibus
948 1968 1072 2031 cunctis
1097 1964 1272 2031 Gabinium
1301 1964 1415 2033 dimitti

188 2061 316 2129 iuberet
337 2084 378 2128 ac
404 2061 636 2131 documentum
658 2066 791 2133 daretur
818 2090 925 2157 neque
954 2072 1172 2137 secundarum
1203 2093 1309 2137 rerum
1339 2094 1415 2158 pro·

150 2185 179 2230 15
189 2178 290 2233 uentu
312 2168 490 2235 insolenter
513 2170 601 2236 abuti
625 2194 730 2259 noque
755 2174 905 2241 aduersis
923 2198 1060 2263 propcrc
1077 2176 1236 2243 debilitari
1253 2188 1414 2263 oportere.

188 2272 293 2364 quue
315 2276 462 2362 proximo
487 2277 635 2364 exemplo
658 2302 764 2366 aeque
787 2294 885 2367 patet.

191 2451 216 2505 i.
233 2454 350 2505 intimius
364 2467 409 2521 pr.
427 2450 459 2507 A.
471 2450 526 2520 112,
546 2457 573 2506 c.
591 2457 728 2524 Memmio]
748 2458 909 2512 Pramnos
926 2476 975 2514 om.
995 2458 1145 2515 cDEFt'.
1168 2456 1272 2513 minoio
1293 2459 1321 2513 0.
1341 2456 1410 2513 mrito

189 2522 219 2577 F.
239 2540 257 2575 a
275 2528 303 2578 G.
322 2525 449 2584 Memmio
466 2523 592 2593 Pontii.
610 2530 737 2581 exhibeat
758 2528 790 2583 F.
807 2527 863 2598 115.
881 2534 971 2600 pcipiti
985 2547 1031 2600 pr.
1051 2530 1083 2585 A.
1108 2534 1194 2597 pertiti
1213 2529 1240 2585 C.
1265 2534 1356 2595 perciti
1374 2530 1410 2585 E.

184 2597 282 2658 perlati
300 2592 332 2647 F.
343 2593 358 2661 li
368 2595 495 2662 bominis]
516 2598 559 2648 bis
576 2595 609 2650 F.
619 2597 633 2665 ΙΙ
645 2600 740 2666 cupide
759 2600 880 2669 ..4.116.
899 2605 1078 2667 expectabant
1098 2601 1150 2655 GE
1157 2602 1187 2655 F.
1199 2600 1212 2669 ΙΙ
1225 2602 1321 2667 uiator}
1336 2604 1410 2654 lictor

189 2662 328 2720 DFTorr.
348 2666 432 2719 uieter
450 2663 481 2720 Γ.
492 2664 622 2736 ltcarccr}
641 2672 730 2722 cairus
748 2669 780 2725 F.
792 2670 806 2740 ΙΙ
819 2671 843 2723 7.
862 2675 976 2737 depulsa
994 2672 1058 2728 stt.
1070 2672 1083 2741 ΙΙ
1095 2670 1121 2727 8.
1140 2675 1237 2725 tulatus
1256 2672 1288 2726 tt.
1299 2672 1312 2741 ΙΙ
1324 2676 1409 2726 sisen-

187 2753 251 2789 nam
269 2736 305 2792 Ε.
319 2737 332 2802 ΙΙ
346 2739 560 2791 consumationis
578 2738 610 2792 F.
621 2741 636 2808 ΙΙ
647 2737 673 2792 t.
691 2746 799 2794 memnii
817 2742 912 2796 GDl'.
927 2743 939 2812 ΙΙ
954 2746 1049 2809 suplex
1070 2744 1102 2798 A.
1114 2743 1127 2810 ΙΙ
1140 2747 1281 2796 tomentum
1301 2745 1408 2807 rationed

188 2806 246 2874 ΕΗ
261 2805 300 2863 to.
318 2809 403 2860 toeirrs
422 2807 490 2862 Dl'.
503 2808 517 2878 ΙΙ
530 2826 611 2873 quam
630 2809 661 2865 F.
678 2811 692 2879 ΙΙ
711 2810 750 2866 ΙΙ.
768 2815 845 2881 truci]
862 2821 923 2882 post
947 2818 1020 2866 nrdtu
1038 2813 1073 2868 Ε.
1098 2813 1160 2867 odd.
1184 2817 1226 2866 diu
1246 2829 1316 2866 corr.
1334 2813 1371 2866 D.
1384 2815 1398 2880 ΙΙ

188 2881 329 2944 expulsum
346 2879 383 2932 it.
394 2880 436 2948 ΙΙο
454 2881 545 2948 mauu]
564 2885 666 2934 amauit
682 2881 712 2936 F.
723 2884 737 2951 ΙΙ
752 2881 792 2936 12
809 2891 854 2936 cst
871 2901 920 2938 ors.
938 2884 970 2939 F.
987 2887 1001 2954 ΙΙ
1020 2883 1061 2938 1³.
1080 2887 1157 2936 lelius
1175 2885 1207 2939 A.
1231 2888 1317 2936 lollius
1339 2883 1372 2937 it.
1384 2887 1398 2948 ΙΙ

189 2953 316 3019 gabinum
334 2949 390 3016 tt!
418 2946 460 3004 14.
482 2952 582 3020 nsque]
607 2968 641 3004 ne
664 2951 696 3007 F.
711 2955 725 3020 ΙΙ
745 2953 786 3009 15.
808 2955 934 3022 propero]
959 2955 987 3007 ia
1009 2971 1106 3008 rasura
1127 2953 1159 3008 A.
1184 2971 1346 3021 perpropere
1369 2954 1407 3010 D.

188 3025 295 3086 proprie
312 3018 342 3076 Γ.
396 3019 423 3075 d.
440 3038 601 3086 quemquam
620 3022 757 3094 Hermu
775 3028 906 3078 debilitari
925 3055 960 3066 -·
985 3025 1056 3092 (iti.)
1076 3031 1150 3091 patet
1167 3043 1216 3078 om.
1230 3043 1275 3095 pr.
1294 3025 1337 3082 Α..
1361 3024 1409 3080 ted

186 3091 338 3162 suppleatur
355 3091 384 3144 ia
401 3092 473 3146 culce
490 3093 613 3162 popinae.

228 3247 498 3374 ιτδὶήάόθιθόἰπίυο)
519 3255 559 3306 Gi.
584 3255 618 3305 de
641 3255 693 3305 lroc
715 3257 812 3307 iudicio
835 3259 888 3310 Cle.
912 3259 946 3308 od
966 3259 1018 3310 litt.
1039 3257 1099 3316 1111,
1126 3255 1172 3316 itt,
1199 3254 1239 3309 11.
1262 3257 1295 3305 ad
1321 3257 1407 3316 Quint.

188 3325 227 3373 ira
253 3358 260 3372 .
316 3357 324 3380 ‚
360 3358 367 3378 .
406 3359 413 3374 .

97 3400 98 3421 1
258 3391 302 3442 ira
315 3391 473 3460 praecipiti)
495 3393 535 3442 lix
553 3396 693 3460 archetypi
711 3397 810 3446 codicis
831 3399 928 3447 mendo
943 3395 1079 3464 percipiti.
1099 3397 1248 3464 propagato
1267 3397 1293 3444 ln
1311 3394 1407 3443 librum

97 3464 98 3495 1
188 3465 360 3520 Berncnssm,
379 3465 490 3514 alterius
507 3465 626 3515 temiltae
644 3467 730 3516 attera
746 3481 812 3529 pars
830 3482 883 3515 non
902 3469 973 3516 mele
992 3465 1174 3534 ernitperciti.
1194 3468 1279 3516 altera
1299 3467 1406 3516 mittetis

97 3544 98 3563 1
189 3537 326 3584 darmtexet
343 3535 507 3598 compendiis
526 3531 557 3600 (pi
574 3537 603 3585 et
619 3535 650 3603 p)
668 3536 834 3600 probabilius
853 3537 989 3602 aliquanto
1005 3534 1159 3603 praecipiti.
1178 3551 1230 3597 qno
1244 3539 1326 3586 ncrno
1346 3551 1406 3586 sne·

97 3610 98 3637 1
189 3607 246 3668 pius
264 3607 359 3656 eodem
378 3606 530 3673 significatu
548 3617 616 3654 usus
633 3611 677 3656 cst
695 3605 827 3656 Valerios.
855 3607 894 3658 Cf.
913 3607 938 3665 1,
963 3604 989 3666 o.
1014 3605 1039 3666 1,
1059 3604 1233 3674 praecipitent
1258 3603 1405 3656 audaciora.

188 3671 645 3742 intumescentium
667 3673 703 3727 'ti.

97 3776 98 3779 =
255 3761 337 3814 sepse
355 3743 478 3798 adum
490 3759 606 3814 propere
628 3691 766 3797 Altum
788 3751 919 3812 oportere)
942 3748 1141 3799 Desiderabant
1163 3749 1330 3816 grammnticl
1353 3749 1404 3797 hoc

189 3819 245 3867 loeo
263 3819 389 3869 indefiniti
408 3819 521 3868 subiecti
538 3819 734 3868 denotationem
753 3819 900 3882 qrtandnm.
920 3820 1026 3880 natalem
1046 3820 1181 3870 adiecerat
1199 3820 1325 3887 Pighius.
1345 3835 1404 3868 corn

187 3892 247 3952 post
260 3901 377 3956 propere
393 3891 524 3939 insereret
541 3901 700 3956 quemquem.
742 3889 817 3948 ercd
837 3905 885 3938 cnr
905 3907 923 3939 a
941 3891 1047 3941 librario
1066 3891 1195 3940 omissum
1220 3891 1255 3938 sit
1273 3891 1316 3939 nci
1335 3891 1406 3939 exci-

188 3961 253 4010 derit
270 3961 296 4009 in
314 3961 407 4010 cortice
424 3961 572 4024 archetypo
591 3962 680 4010 dicere
696 3973 750 4009 nen
768 3961 897 4016 bombis,
925 3975 1011 4026 noque
1038 3975 1105 4011 sane
1124 3961 1261 4026 probabile
1285 3963 1327 4010 cst
1350 3963 1405 4010 talc

189 4031 406 4095 supplementum.
448 4031 489 4081 De
510 4031 600 4094 priore
622 4031 750 4081 tntinttino
768 4026 842 4080 obsti
867 4033 989 4082 absolute
1006 4033 1095 4095 posito
1114 4032 1226 4081 dubitari
1244 4046 1297 4081 non
1316 4034 1404 4094 potest

188 4107 291 4165 propter
309 4101 424 4152 aetitiam
443 4102 569 4151 abutendi
587 4103 735 4158 notionem.
758 4115 817 4150 cum
835 4104 920 4151 narbo
939 4107 1041 4170 oportet
1057 4104 1217 4166 saepissime
1236 4103 1262 4151 ln
1282 4102 1403 4169 generali

189 4174 318 4223 sententia
341 4174 368 4222 et
390 4173 524 4224 indefinito
548 4173 669 4222 sribiecto
693 4173 807 4237 simplex
829 4172 974 4222 intinitiuns
998 4174 1142 4223 actluornm
1174 4175 1315 4222 uerborum
1341 4174 1403 4219 snb·

189 4245 287 4296 iciatnr.
323 4245 362 4296 ct.
382 4243 472 4296 Mada.
491 4257 605 4312 gramm.
623 4239 686 4300 3118,
708 4259 733 4295 a.
752 4248 806 4295 not.
824 4239 851 4298 2.
871 4258 896 4306 p.
915 4237 975 4295 ³58.
1004 4245 1174 4294 Passinornrn
1195 4257 1262 4292 snne
1281 4242 1401 4305 equidem

189 4317 292 4378 praetor
310 4316 361 4364 boc
379 4329 459 4365 nnum
477 4316 549 4365 allud
569 4316 729 4379 exemplum,
748 4316 792 4363 ubl
811 4315 837 4363 ln
856 4315 975 4382 generati
988 4315 1121 4364 sententia
1133 4314 1267 4364 indefinita
1286 4323 1403 4374 persona

189 4386 551 4443 sententiaesubiciendasit,
569 4400 657 4451 neque
669 4387 757 4435 babeo
769 4399 857 4447 neque
876 4385 1008 4434 inuentum
1027 4386 1058 4436 iri
1077 4387 1166 4441 eredo,
1185 4383 1307 4448 aproniani
1329 4381 1402 4429 incil-

189 4458 246 4508 lime
269 4458 296 4506 in
314 4457 367 4507 bac
385 4457 581 4507 constnrctlone
604 4457 775 4506 aecusatinus
799 4455 911 4506 subiecti
935 4456 1062 4506 inilnltlno
1086 4457 1240 4505 sociabatur.
1286 4453 1402 4500 Cnnsnm

190 4544 262 4587 uero,
288 4542 336 4578 cur
357 4527 464 4577 omnino
486 4527 525 4577 ita
547 4541 601 4578 non
619 4529 770 4595 significato
788 4527 908 4576 subiecto
927 4527 1044 4590 patiendi
1062 4529 1146 4575 uerba
1165 4524 1263 4572 infinite
1282 4522 1404 4572 arllribcri

189 4615 237 4650 mn
254 4600 395 4662 potuerint,
414 4599 538 4648 idoneam
557 4599 678 4664 squidem
689 4599 824 4661 perspicio
835 4597 946 4650 nullam.
984 4599 1068 4662 Atque
1087 4597 1113 4645 ln
1126 4597 1177 4643 bne
1196 4595 1300 4660 qrrldcm
1321 4607 1403 4661 genc-

190 4671 235 4721 ralt
262 4669 398 4720 sententia
425 4669 541 4734 simplex
568 4669 712 4720 iniinltluus
739 4665 877 4718 debitum
901 4683 934 4719 co
960 4669 1088 4718 minorem
1113 4667 1287 4716 offensionem
1310 4665 1402 4718 nabet.

191 4742 254 4812 quod
273 4741 410 4809 praecedit
427 4741 508 4794 actiui
520 4741 646 4794 abutendi
664 4740 818 4802 induitione,
836 4741 877 4793 cni
890 4740 958 4794 niter
970 4739 1014 4792 ilic
1032 4751 1066 4788 cx
1084 4751 1171 4802 aeqno
1183 4737 1321 4808 poncndus
1334 4740 1403 4791 erat.
