3409 5400
1398 515 1440 582 31

206 665 384 730 dinoscere
408 667 578 732 nesciebat
608 663 644 732 T.
668 665 827 735 Manlium
849 668 1066 754 Imperiosum
1098 693 1119 734 a
1141 673 1321 756 posteriore
1342 674 1439 741 Man·

205 772 251 836 lio
279 770 454 860 Torquato,
479 775 563 841 adeo
587 775 758 844 historiam
786 779 918 842 uexauit
946 787 977 840 et
1006 776 1177 862 impediuit
1203 793 1238 843 ut
1266 783 1369 848 exitus
1401 806 1441 849 ex

205 877 273 947 hac
297 884 442 947 omnium
466 905 576 950 rerum
599 885 841 970 perturbatione
864 886 933 949 fere
957 905 1024 949 non
1047 886 1241 952 iuueniatur.
1296 891 1438 958 Facilius

205 992 238 1054 ei
262 991 504 1058 condonaoeris
530 992 618 1079 quod
642 989 736 1066 VIII,
768 993 807 1066 8,
841 995 859 1057 1
884 1003 915 1055 et
946 992 1032 1072 2Q.
1063 992 1208 1060 Mucium
1230 997 1439 1074 Scaeuolam,

202 1095 313 1162 Laelii
338 1121 513 1186 generum,
546 1101 685 1164 eundem
713 1102 838 1188 putauit
869 1112 966 1187 atque
996 1099 1034 1163 P.
1064 1100 1210 1166 Mucium
1240 1105 1439 1172 Scaeuolam

204 1206 395 1289 pontificem
426 1209 623 1283 maximtun,
654 1210 746 1274 cuius
769 1209 964 1276 laudabatur
988 1209 1162 1276 dexteritas
1186 1213 1219 1275 in
1243 1212 1329 1298 pilae
1353 1213 1437 1278 lusu.

204 1309 251 1375 Vt
275 1313 509 1398 praediximur,
533 1313 618 1380 Liuii
641 1315 752 1381 uerbis
777 1317 931 1404 deceptus
955 1316 994 1391 II,
1019 1319 1050 1392 5,
1078 1318 1174 1384 IM'.
1197 1320 1340 1385 Acilium
1360 1321 1436 1387 Gla·

204 1421 357 1486 brionem
397 1421 524 1486 deuicto
559 1424 647 1508 apud
679 1423 915 1512 Thermopylas
954 1424 1117 1490 Antiocho
1156 1439 1339 1512 compotem
1370 1431 1437 1513 uoti

203 1528 330 1594 factum
356 1529 479 1594 aedem
495 1528 632 1596 Pietatis
662 1531 835 1597 dedicasse
868 1533 967 1619 inque
999 1554 1041 1596 ea
1071 1534 1152 1598 aede
1181 1545 1323 1599 statuam
1352 1538 1437 1621 patri

204 1649 392 1723 equestrem
416 1639 571 1722 posuisse
596 1639 741 1724 scripsit,
772 1661 845 1705 cnm
869 1639 1023 1726 templum
1047 1640 1126 1705 illud
1149 1643 1220 1726 ipse
1244 1654 1336 1728 pater
1360 1642 1436 1709 Gla—

202 1745 276 1808 brio
299 1746 466 1820 uouisset,
496 1746 551 1832 qui
574 1758 605 1808 et
628 1747 876 1832 depugnauerat
899 1747 987 1833 apud
1011 1745 1246 1836 Thermopylas
1271 1773 1344 1814 eum
1368 1751 1436 1816 An·

204 1849 328 1916 tiocho.
374 1851 415 1918 Et
437 1873 479 1916 ne
503 1853 536 1918 in
559 1853 721 1920 Romanis
747 1865 870 1919 tantum
892 1856 940 1919 ita
962 1868 1131 1940 peecatum
1158 1859 1333 1934 existimes,
1357 1881 1435 1924 eon·

207 1961 290 2024 fudit
315 1957 371 2034 lII,
397 1960 426 2033 3,
452 1971 513 2025 ext.
539 1939 741 2026 3Zenonem
757 1960 891 2026 Elealeh
925 1985 998 2026 eum
1031 1961 1095 2026 aliu
1120 1965 1267 2030 eiusdem
1292 1967 1434 2032 nominis

202 2066 415 2154 philosopho,
439 2079 473 2130 ut
496 2090 571 2134 mea
595 2069 726 2156 quidem
750 2070 811 2134 sert
834 2070 965 2154 opinio,
990 2091 1062 2134 eum
1087 2071 1218 2147 Cittieo,
1249 2073 1435 2138 Stoicorum

201 2176 351 2262 principe
376 2187 406 2238 et
430 2187 572 2241 auctore.
618 2177 745 2242 Attalus
771 2178 853 2250 duos
877 2178 912 2242 in
934 2197 1035 2241 unum
1059 2180 1217 2242 contraxit
1239 2177 1282 2253 V,
1311 2181 1341 2254 2,
1372 2191 1433 2244 ext.

203 2283 235 2348 3.
282 2283 429 2349 Dareum
444 2283 621 2371 Hystaspis
639 2284 749 2358 tilium,
774 2305 870 2371 quem
887 2303 1043 2370 peruerse
1063 2299 1161 2349 autea
1177 2283 1305 2352 Ochum
1323 2287 1433 2373 appel·

201 2389 306 2456 latum
331 2393 437 2463 finxit,
462 2413 536 2454 cnm
560 2391 659 2456 altero
683 2391 812 2465 Dareo,
844 2393 896 2454 eui
920 2411 1001 2455 sane
1026 2413 1210 2478 cognomen
1236 2389 1329 2455 Ocho
1353 2404 1433 2466 erat,

201 2500 248 2564 ita
270 2499 464 2584 permiscuit
486 2511 520 2561 nt
542 2519 595 2562 res
621 2497 662 2561 ab
686 2496 749 2560 hoc
774 2508 888 2584 gestas
914 2500 957 2562 ad
979 2498 1069 2563 illum
1093 2498 1292 2573 transferret,
1316 2499 1432 2572 inscite

200 2617 376 2692 praeterea
399 2605 440 2670 de
465 2616 590 2690 septem
612 2607 722 2692 magis
740 2607 852 2670 nescio
876 2605 953 2692 quid
976 2605 1150 2680 fabulatus
1175 2627 1249 2670 cum
1273 2607 1337 2671 duo
1361 2617 1431 2671 tan-

202 2730 269 2779 tum
294 2716 366 2779 eius
391 2714 594 2779 condicionis
618 2712 768 2779 homines
792 2711 970 2778 Persarum
993 2714 1165 2798 imperium
1187 2726 1313 2779 mortuo
1335 2714 1432 2779 Gam-

199 2823 284 2907 byse
309 2823 490 2887 obtinuisse
515 2830 626 2887 notum
652 2823 704 2885 sit.

291 2928 420 2995 Vellem
449 2952 501 2993 me
533 2928 585 2993 his
619 2926 774 3012 exemplis
815 2928 1026 3013 acquiescere
1065 2930 1227 3016 finemque
1263 2931 1431 3014 imponere
1460 2932 1464 2938 '

199 3058 301 3125 posse
326 3036 487 3103 molestae
517 3048 548 3099 et
578 3038 729 3121 ingratae
760 3035 973 3121 inquisitioni.
1031 3035 1100 3099 Sed
1132 3047 1163 3099 et
1192 3048 1317 3101 restant
1346 3060 1430 3123 quae

201 3146 349 3209 criminis
381 3140 608 3232 magnituditte
643 3144 755 3207 omnia
785 3140 955 3228 hucusque
993 3156 1249 3209 commemorata
1276 3157 1432 3230 superant

201 3267 234 3317 et
256 3274 397 3317 necesse
422 3262 562 3319 estnon
585 3248 691 3317 solum
724 3249 764 3313 de
787 3250 948 3336 prauitate
971 3270 1084 3315 uerum
1109 3252 1206 3317 etiam
1231 3250 1271 3315 de
1295 3274 1430 3317 numero

201 3382 349 3425 errorum
373 3360 518 3427 iudicate
534 3357 719 3425 uolentibus
736 3358 858 3423 faciam
874 3367 1079 3443 potestatem.
1126 3354 1332 3445 Quapropter
1352 3380 1430 3424 eno·

199 3470 277 3535 tatis
302 3466 376 3532 aliis
401 3464 597 3553 quibusdam
621 3464 774 3532 notabilis
798 3465 939 3529 maxime
962 3463 1127 3528 foeditatis
1149 3477 1257 3529 cetera
1272 3466 1428 3531 festinan·

199 3577 264 3639 tius
289 3576 388 3639 etiam
412 3596 511 3661 quam
533 3576 568 3639 in
591 3570 862 3660 praecedentibus
885 3572 1007 3635 factum
1031 3582 1081 3633 est
1104 3591 1341 3654 percurremus.

288 3682 396 3749 Nemo
419 3684 486 3746 fere
510 3684 721 3768 interpretum
745 3680 891 3744 aninum
905 3678 1008 3763 potuit
1026 3676 1181 3741 inducere
1205 3688 1329 3745 tantum
1352 3700 1429 3766 pec·

200 3804 310 3857 catum
333 3792 367 3855 iu
391 3787 525 3855 Valerio
549 3788 718 3855 admittere
743 3798 777 3851 ut
799 3785 831 3859 I,
858 3786 893 3859 6,
927 3786 944 3851 l
974 3782 1202 3870 Tanaquilem,
1233 3808 1317 3872 quae
1349 3786 1427 3853 Tar·

197 3900 303 3987 quinii
326 3895 434 3962 Prisci
456 3884 543 3971 erat,
575 3896 661 3963 Anci
682 3895 801 3961 Marcii
831 3893 946 3959 dixerit
975 3914 1126 3968 uxorem,
1157 3892 1297 3979 ideoque
1327 3895 1428 3983 uulgo

197 4004 356 4073 mendum
387 4006 421 4069 in
451 4002 619 4069 codicibus
650 4026 727 4069 esse
760 4003 994 4067 existimarunt.
1048 4000 1092 4063 ht
1120 4003 1149 4065 si
1180 4001 1259 4066 talia
1285 4000 1427 4068 librariis

199 4114 354 4200 imputari
376 4124 525 4198 possunt,
550 4123 616 4177 unu
639 4132 721 4177 sane
746 4130 830 4199 qnae
854 4132 921 4175 non
943 4110 1073 4195 possint
1091 4130 1144 4171 me
1161 4108 1265 4173 fateor
1289 4111 1427 4185 nescire,

199 4240 305 4307 neque
329 4218 397 4285 ulla
420 4218 560 4304 amplius
574 4220 644 4300 -erit
666 4218 818 4285 codicum
840 4218 1028 4283 auctoritas.
1076 4212 1164 4295 Quin
1184 4214 1335 4302 equidem
1350 4216 1429 4283 illud

197 4326 419 4401 mendacium,
444 4328 522 4411 quia
543 4346 608 4400 ree,
634 4328 763 4390 etiamsi
786 4327 975 4400 notissima,
1008 4336 1118 4387 tamen
1142 4334 1174 4386 et
1197 4324 1429 4411 antiquissima

198 4448 284 4507 erat,
316 4434 427 4499 minus
441 4452 587 4521 ,semper
622 4429 760 4505 mitattts
788 4452 862 4497 sum
893 4454 992 4517 quam
1024 4430 1112 4519 quod
1141 4452 1182 4495 nc
1212 4432 1255 4497 iis
1285 4430 1426 4517 quidem,

197 4560 284 4628 quae
307 4540 380 4625 ipse
403 4560 466 4605 sua
489 4552 605 4614 aetate,
629 4542 700 4607 suis
716 4540 820 4607 oculis
838 4539 962 4603 uidisse
980 4559 1016 4603 sc
1033 4550 1178 4610 testatur,
1202 4558 1332 4622 semper
1341 4535 1426 4601 fides

195 4646 313 4713 haberi
336 4657 453 4733 potest.
501 4646 588 4729 Quid
603 4648 690 4713 euim
707 4647 794 4735 quod
816 4646 842 4723 I,
858 4646 889 4721 8,
905 4646 937 4721 3,
961 4655 1135 4732 postquam
1152 4654 1266 4709 contra
1282 4643 1428 4710 omnium

194 4754 396 4845 teliqreorum
432 4772 631 4823 consensum
667 4758 808 4842 primum
841 4751 999 4819 Iunonem
1035 4750 1204 4818 Monetam
1237 4772 1259 4814 a
1289 4749 1427 4818 Camillo
