3409 5400
1378 494 1422 562 25

193 677 216 721 a
237 651 348 720 Plinio
376 655 412 720 iu
440 675 542 741 supra
573 655 658 722 dicto
686 655 839 746 catalogo
863 665 1154 731 commemoratu,
1183 658 1277 724 ouius
1301 649 1422 740 ἆναμε·

190 753 329 852 τρήσας
350 761 416 828 τῶν
440 757 528 852 ὀρῶν
551 765 628 830 citat
650 763 764 852 Steph.
788 762 869 852 Byr,
891 787 925 829 u.
945 755 1144 851 Ὠρωπόςῐ).

282 870 337 938 De
352 869 623 959 pbilosophorum
641 883 672 936 et
689 885 857 939 oratorum
872 873 1002 958 scriptis
1017 872 1108 939 iden
1125 873 1194 938 fere
1210 873 1422 943 iudicandum

192 991 254 1054 est,
285 979 374 1068 quod
398 979 438 1044 de
466 979 630 1068 plerisque
654 979 739 1048 aliis.
792 979 879 1046 Nam
906 979 1094 1056 Platonem,
1124 981 1320 1068 ubicunque
1350 981 1421 1046 eius

192 1089 419 1154 auctoritatem
447 1089 542 1176 sequi
570 1099 712 1175 poterat,
742 1089 827 1154 adeo
858 1089 1002 1177 neglexit
1028 1089 1064 1154 in
1089 1088 1325 1156 recentioribus
1352 1087 1421 1175 ple·

191 1217 331 1284 rumque
355 1195 566 1283 scriptoribus
580 1198 806 1285 acquiescens,
830 1208 866 1261 ut
887 1218 993 1284 neque
1015 1194 1073 1262 ubi
1082 1197 1309 1284 interpositum
1332 1198 1422 1264 testi·

189 1306 341 1371 monium
363 1306 512 1392 ignotum
534 1306 577 1369 sit
599 1326 705 1392 neque
729 1303 785 1373 tbi
807 1306 915 1391 ipsum
942 1305 1075 1370 nomine
1097 1304 1241 1372 indicato
1264 1305 1421 1383 citauerit,

192 1413 236 1480 ad
260 1433 337 1478 eum
358 1412 499 1478 rediisse
522 1413 630 1477 uideri
650 1410 807 1490 debesth.

280 1519 410 1586 Eadem
433 1520 474 1584 de
487 1542 590 1586 causa
612 1521 733 1596 dubito,
756 1519 810 1586 uel
831 1521 940 1606 potius
963 1521 1018 1586 uix
1035 1520 1230 1586 crediderim
1252 1523 1420 1608 exipsius

190 1625 380 1692 Aristotelis
403 1628 519 1693 notitia
541 1628 722 1715 profectam
745 1648 819 1692 esse
843 1607 1132 1707 narratiuncdam,
1155 1651 1221 1716 qua
1242 1628 1296 1694 ille
1317 1629 1419 1695 libros

191 1734 358 1823 quosdam
380 1737 557 1802 oratoriam
581 1749 683 1803 artem
714 1737 916 1802 continentes
941 1733 1117 1800 Thoonem
1145 1735 1305 1824 disprulo
1337 1758 1419 1825 quos

191 1843 303 1910 ederet
327 1841 487 1919 donasse,
509 1855 691 1932 posteaque
721 1843 763 1909 ab
793 1862 831 1907 eo
856 1839 961 1908 editoe
985 1842 1049 1908 ulio
1073 1839 1241 1913 uolumine
1262 1845 1326 1910 sibi
1347 1847 1419 1910 uin·

191 1948 327 2016 dicasse
349 1950 449 2016 fertrn
460 1948 548 2026 VIII,
575 1953 626 2026 14,
651 1962 712 2016 ext.
738 1952 769 2026 3,
792 1952 986 2038 praesertim
999 1973 1072 2017 cum
1090 1953 1226 2028 famam,
1251 1970 1316 2041 qna
1339 1953 1418 2019 artie

190 2055 385 2131 rhetoricae,
410 2079 494 2144 quae
518 2059 579 2123 sub
599 2057 792 2123 Theodectis
817 2059 949 2123 nomine
972 2059 1269 2136 circumferebatur,
1291 2058 1420 2126 Aristo·

189 2163 273 2230 teles
297 2175 410 2228 auctor
428 2164 629 2240 credebatur,
654 2187 861 2233 communem
883 2178 915 2230 et
935 2166 1105 2254 uulgatam
1123 2167 1229 2237 firisse
1251 2168 1418 2239 discamus

190 2270 346 2353 eQuint.
368 2271 444 2336 inst.
468 2283 550 2338 orata
574 2271 618 2350 II,
645 2274 701 2348 15,
728 2275 779 2339 10.
826 2273 1033 2360 Quapropter
1064 2295 1131 2340 non
1160 2273 1269 2340 minus
1300 2275 1335 2338 in
1363 2272 1417 2338 his

191 2379 424 2444 secundarium
453 2380 633 2466 quendam,
667 2391 703 2446 ut
730 2382 776 2446 ita
805 2381 929 2455 dicam,
958 2380 1082 2445 fontem
1110 2391 1290 2448 statuemus
1319 2401 1419 2468 quam

189 2486 286 2563 VIII,
317 2489 374 2562 13,
398 2496 461 2552 ext.
485 2487 523 2562 3,
546 2489 602 2554 ubi
623 2487 811 2554 Aristoxeni
839 2489 959 2554 musici
982 2487 1204 2563 testimonium
1230 2489 1271 2553 de
1293 2509 1418 2554 memo·

187 2593 286 2661 rabili
314 2592 492 2682 Xenophili
514 2594 728 2686 Pythagorici
759 2607 924 2660 senectute
954 2595 1171 2684 amplectitur,
1200 2607 1232 2660 et
1260 2593 1354 2671 VIII,
1387 2599 1417 2673 ,7,

190 2715 253 2769 ext.
277 2704 317 2778 4,
348 2702 404 2769 ubi
425 2703 605 2769 Democriti
629 2704 795 2792 quoddam
817 2704 971 2770 uolumen
1000 2724 1262 2771 commemorans
1293 2707 1417 2773 incerta

188 2810 254 2877 hac
293 2809 417 2876 citandi
446 2814 572 2877 ratione
604 2834 641 2877 se
671 2813 779 2899 ipsum
810 2811 891 2877 illud
920 2811 1073 2877 uolumen
1103 2834 1172 2877 non
1199 2814 1416 2889 consuluisse,

186 2920 332 2984 fortasse
355 2938 397 2983 ne
421 2920 555 2983 nouisse
579 2918 710 3008 quidem
735 2922 816 2985 satis
842 2930 951 3007 aperte
975 2919 1194 2996 demonstrat,
1222 2932 1254 2985 et
1275 2918 1364 2996 VIII,
1386 2923 1415 2995 7,

188 3038 252 3089 ext.
285 3024 321 3101 9,
344 3025 401 3091 ubi
423 3026 465 3090 de
487 3036 633 3114 tempore
657 3026 834 3101 disserens,
864 3050 929 3116 quo
951 3026 1114 3094 Isocrates
1142 3023 1417 3115 Παναθηναικὸν

188 3152 287 3201 suum
310 3136 538 3219 composuerit,
560 3136 595 3200 in
619 3134 692 3201 sola
715 3134 883 3200 Ciceronis
908 3138 1096 3203 auctoritate
1118 3136 1250 3204 inslstlt.

279 3240 348 3306 Sed
371 3242 470 3306 tinem
493 3241 669 3330 aliquando
682 3243 843 3307 faciamus
869 3242 1049 3309 dubitandi.
1093 3244 1228 3318 Eorum,
1244 3263 1329 3330 quae
1345 3263 1415 3307 cer·

187 3349 318 3413 tissime
350 3345 429 3411 hac·
447 3348 656 3435 inquisitione
688 3350 922 3435 comprobasse
952 3370 1007 3416 me
1040 3352 1181 3427 confido,
1211 3362 1246 3416 ut
1274 3350 1416 3419 uenter

187 3474 353 3519 summam
375 3466 537 3541 repetam,
568 3478 642 3522 cum
666 3459 700 3522 in
723 3458 917 3523 enarrandis
947 3460 1045 3525 factis
1074 3472 1108 3523 et
1133 3456 1229 3527 dictis
1250 3478 1414 3525 memora·

185 3558 306 3625 bilibus
329 3562 438 3649 magis
462 3562 495 3627 id
512 3565 713 3650 prospiceret
734 3575 769 3629 ut
784 3568 968 3635 animorum
984 3568 1122 3633 affectus
1138 3569 1292 3633 excitaret
1314 3582 1415 3653 quam

186 3680 221 3731 nt
249 3686 336 3755 quae
372 3668 530 3735 relatione
567 3692 630 3735 sua
658 3670 923 3759 complecteretur
954 3686 1057 3751 antea,
1086 3683 1237 3739 scemate
1266 3683 1424 3738 ueterum

186 3784 357 3841 auctorum
379 3778 574 3843 testimoniis
604 3780 812 3867 inuestigatis
845 3781 944 3868 atque
972 3783 1056 3846 inter
1083 3802 1123 3849 se
1152 3781 1344 3870 ponderatis
1365 3781 1414 3845 ita

184 3882 368 3969 posteritati
396 3884 551 3959 traderet,
581 3886 902 3974 quemadmodum
928 3890 1070 3956 maxime
1101 3901 1158 3955 aut
1179 3908 1255 3955 cum
1275 3888 1414 3955 ueritate

185 4000 404 4077 congruerent
427 4000 482 4056 aut
511 4014 585 4057 cum
614 3994 823 4061 slmilitudine
854 3998 942 4072 ueri,
972 3996 1177 4084 simplicitate
1207 3996 1352 4086 quadam
1383 3998 1413 4061 si

183 4118 251 4161 nou
273 4095 431 4163 laudabili
460 4108 601 4165 atcerte
625 4102 660 4167 iu
690 4100 753 4167 hoc
777 4105 847 4169 eius
875 4106 1045 4193 proposito
1074 4105 1264 4173 «cusandc
1284 4123 1410 4192 paucos

183 4216 310 4269 tantum
334 4214 365 4267 et
387 4224 445 4271 eos
459 4206 560 4272 duces
574 4208 637 4273 sibi
651 4206 782 4297 delegit,
805 4232 945 4299 quornm
956 4235 1059 4302 opera
1079 4223 1113 4277 et
1133 4210 1265 4282 facilem
1287 4213 1413 4309 aditum

182 4320 214 4373 ct
236 4308 373 4377 uberem
396 4314 593 4401 excerpendi
614 4317 787 4383 materiam
808 4320 1019 4405 praeberent;
1052 4319 1095 4386 ab
1120 4318 1175 4387 his
1205 4340 1276 4389 non
1304 4318 1421 4389 solum

181 4438 237 4483 res
262 4418 475 4517 esponendas
499 4420 629 4487 credule
652 4424 832 4512 sedsaepe
856 4427 956 4495 etlam
977 4428 1083 4499 uerba
1101 4438 1224 4497 temere
1245 4438 1409 4497 muman·

247 4668 273 4734 ¹)
294 4670 332 4721 ct.
350 4668 454 4724 resec
474 4672 536 4725 bibi.
555 4674 651 4725 Graec.
670 4672 699 4725 Τ.
719 4674 755 4726 III
770 4691 797 4742 p.
818 4669 851 4729 19
870 4679 911 4729 ed.
930 4676 1037 4732 Bartae

245 4738 274 4806 ¹)
294 4738 489 4809 th„8,exi.
510 4740 539 4805 Ι,
562 4741 663 4807 vm,
683 4742 903 4811 uttetvm,
923 4747 1063 4811 hm&
