3409 5400
336 533 383 603 82

338 694 464 764 saeculi
491 691 573 771 XV,
605 692 759 759 soliorum
786 688 923 756 CXXX.
979 688 1120 755 Litteras
1155 688 1297 755 initiales
1332 688 1426 757 babet
1451 692 1533 758 minio

338 809 455 893 pictas.
500 802 642 890 Reliqua
663 804 827 888 scriptura
848 800 1005 864 continua
1031 820 1089 885 per
1117 819 1155 863 se
1184 800 1265 863 satis
1294 800 1398 866 nitida
1421 824 1471 867 nec
1494 804 1535 866 in·

338 917 462 981 decora
482 924 544 987 cst,
566 910 629 975 sed
650 908 796 973 turbatur
817 906 998 971 innumeris
1014 906 1307 981 emendationibus,
1331 908 1455 975 scholiis
1475 934 1537 976 cum

337 1021 577 1110 marginalibus
607 1028 676 1081 urm
709 1014 988 1089 interlinearibns,
1030 1016 1131 1079 uariis
1167 1014 1362 1082 lectionibus
1397 1020 1540 1104 p'artima

337 1131 508 1219 primaria,
529 1126 650 1213 partim
673 1146 696 1189 a
716 1122 896 1187 recentiore
909 1142 1010 1187 manu
1032 1122 1198 1209 profectis,
1222 1146 1307 1211 quae
1330 1128 1445 1201 omnia,
1465 1140 1492 1191 et
1511 1128 1541 1191 in

339 1234 547 1303 emendando
576 1244 609 1296 et
637 1232 672 1295 in
699 1228 941 1315 interpretando
964 1230 1122 1317 scriptore
1153 1252 1271 1317 parum
1300 1232 1400 1309 utilia,
1431 1234 1542 1298 silentio

338 1340 578 1432 praetereunda
605 1339 769 1405 dommus.
791 1336 798 1345 ’
823 1338 899 1403 Duo
928 1338 971 1403 ab
1001 1340 1092 1403 initio
1120 1337 1201 1405 folia
1228 1341 1394 1404 continent
1420 1341 1545 1407 iudicem

339 1454 493 1541 capitum,
515 1448 708 1534 inscriptum
730 1447 796 1511 lete
810 1452 884 1510 eutr!
898 1446 1024 1511 mirice
1040 1446 1142 1528 penit
1152 1446 1235 1509 libri.
1280 1446 1318 1511 ln
1337 1449 1400 1511 iine
1415 1448 1546 1513 eiusdem

338 1562 483 1650 paginae
504 1557 658 1645 leguntur
680 1577 735 1619 uu.
747 1556 885 1637 pertinet
906 1555 949 1617 etl
963 1554 1200 1619 Certissima
1220 1575 1320 1637 prope
1341 1558 1493 1620 traiectum
1513 1578 1550 1620 ec

338 1674 516 1737 tentamento
540 1667 640 1749 palera
673 1684 758 1746 coep.
786 1664 874 1743 (sic).
926 1662 987 1726 Est
1009 1662 1122 1749 igitur,
1151 1673 1187 1725 ut
1207 1663 1442 1748 praediximus,
1470 1664 1550 1729 idem

339 1780 438 1851 liber,
468 1774 524 1863 qni
547 1771 704 1836 Torrenio
731 1780 869 1834 uocatur
891 1765 1124 1835 Vltraiectinus
1147 1770 1291 1857 primus,
1319 1768 1450 1835 Vorstio
1480 1771 1555 1835 alter

338 1879 683 1966 Braudcnburgensis‚
705 1877 793 1943 baud
818 1877 915 1943 dubio
931 1899 1016 1941 unus
1039 1900 1080 1943 cx
1094 1876 1328 1951 Vltraicctinis,
1351 1878 1464 1965 quibus
1483 1878 1555 1943 olim

339 2013 422 2057 usus
445 1998 516 2053 crat
532 1986 679 2071 Lipsius.
724 1985 867 2051 Tertium
879 1994 987 2050 autem
998 1984 1112 2049 lolium
1129 1986 1164 2049 in
1181 1986 1285 2050 fiuntc
1297 1987 1410 2073 incipit
1420 2008 1471 2052 uu.
1483 1988 1559 2050 Pro-

340 2102 430 2182 lopae
451 2097 575 2161 meai.
626 2094 720 2157 Vrbis
741 2094 839 2156 Rome
862 2104 894 2156 et
917 2115 948 2179 q.
972 2116 1045 2180 sqq.
1091 2090 1218 2181 Viginti
1235 2104 1385 2181 quattuor
1399 2092 1562 2179 deperdita

340 2206 415 2273 libri
437 2204 536 2292 primi
563 2200 714 2288 exempla
744 2212 776 2264 et
805 2201 919 2287 spuria
942 2199 1060 2265 decimi
1089 2199 1162 2265 libri
1191 2202 1331 2287 epitome
1359 2200 1400 2265 dc
1427 2222 1563 2287 praeno-

340 2314 484 2381 minibus
522 2332 542 2374 e
570 2308 746 2375 Paridensi
775 2306 971 2394 compendio
1006 2306 1157 2393 suppleta
1190 2320 1222 2372 ct
1251 2332 1313 2374 suo
1341 2308 1414 2373 loco
1444 2309 1568 2373 inserta

340 2432 426 2497 sunt,
448 2440 564 2485 uerum
586 2438 655 2483 non
676 2418 840 2503 integrum
868 2413 947 2481 illud
974 2414 1194 2500 fragmentum
1223 2417 1284 2482 sed
1314 2438 1356 2481 ea
1382 2414 1457 2483 sola
1477 2437 1568 2501 pare,

343 2552 428 2617 quae
450 2526 615 2612 hodieque
637 2526 673 2588 in
695 2522 858 2589 Beruensi
880 2522 994 2589 codice
1018 2533 1118 2599 extat,
1150 2524 1285 2589 omissis
1312 2522 1423 2589 uerbis
1447 2524 1525 2589 inde
1549 2548 1572 2587 a

340 2636 507 2702 Aetnaea
521 2634 654 2700 Heluam
669 2638 713 2714 (t.
725 2632 760 2713 2)
783 2650 889 2718 usqne
905 2628 949 2694 ad
963 2648 1059 2714 super
1072 2650 1177 2694 umes
1191 2631 1344 2696 celebrata
1358 2637 1415 2695 eat.
1461 2631 1571 2720 Atque

341 2743 440 2808 etiam
463 2741 660 2827 subscriptio
683 2751 759 2825 post
784 2761 839 2804 uu.
873 2737 972 2807 Getae
1000 2757 1068 2802 esec
1097 2759 1131 2802 ee
1158 2740 1297 2806 dicem
1322 2739 1421 2826 plane
1453 2740 1575 2804 cadem

341 2860 402 2924 est,
430 2867 517 2936 quae
546 2848 580 2912 io
608 2845 779 2920 Berneusi
816 2847 965 2910 Felicitcr
998 2845 1159 2910 catcadoui
1190 2847 1381 2932 descriptum
1414 2867 1578 2911 ruueauae

341 2957 484 3022 rusticae
505 2953 650 3036 tetptdu
670 2953 838 3018 mailoc
860 2975 891 3016 e.
915 2951 982 3034 (uel
1002 2960 1047 3032 a).
1070 2973 1098 3020 c.
1147 2953 1270 3019 Titulus
1292 2955 1526 3022 minanam
1544 2958 1579 3020 C.

341 3065 392 3128 titi
408 3061 505 3146 prodi
517 3062 595 3145 finit
616 3061 751 3144 epitonia
771 3061 977 3126 banasam
1004 3063 1203 3128 diuersorum
1229 3065 1440 3146 ccemptomm
1470 3085 1579 3128 romu-

341 3191 462 3235 norem.
508 3167 660 3234 Ceterum
682 3179 714 3232 et
734 3167 811 3232 huic
834 3167 941 3233 codici
970 3179 1001 3232 et
1028 3169 1239 3256 sequentibus
1269 3170 1397 3236 dnobus
1423 3171 1579 3236 Guelfer-

339 3277 484 3366 bytanis,
498 3275 618 3363 ubique
630 3275 755 3342 scilicet
765 3275 1031 3362 interpolatorum
1041 3298 1160 3341 manus
1172 3279 1350 3364 perpessis,
1364 3287 1422 3344 ant
1432 3299 1579 3364 paruam

341 3397 398 3454 aut
418 3383 543 3452 nullam
560 3385 783 3450 auctoritatem
802 3382 983 3458 tribuimus,
1007 3383 1154 3470 satisque
1178 3395 1328 3470 quattuor
1339 3385 1481 3473 reliquis
1508 3408 1579 3449 mu·

339 3494 400 3560 niti
425 3493 462 3560 in
487 3491 542 3558 his
571 3491 870 3579 acquieuissemus,
906 3489 970 3554 nisi
1006 3492 1177 3556 interesset
1209 3502 1241 3554 et
1274 3491 1502 3568 familiarum,
1543 3492 1579 3554 dt

341 3601 459 3689 quibus
481 3620 560 3667 mox
582 3599 740 3675 dicemus,
763 3598 953 3664 affinitatem
970 3608 1026 3662 aut
1041 3596 1295 3685 discrepantiam
1310 3599 1464 3687 pluribus
1492 3601 1579 3663 testi

339 3708 461 3772 moniis
490 3709 683 3773 confirmare
711 3717 743 3770 et
765 3705 865 3772 simul
886 3704 1030 3772 indolem
1053 3728 1092 3770 ac
1120 3715 1269 3773 naturam
1296 3708 1532 3772 recentiorum
1560 3729 1579 3769 e

340 3811 537 3878 deteriorum
558 3813 726 3889 librorum,
750 3815 805 3901 qui
827 3824 952 3879 tantum
963 3834 1030 3878 non
1054 3831 1170 3879 omnes
1194 3812 1238 3877 ad
1252 3811 1340 3878 idem
1364 3835 1481 3902 genus
1510 3835 1579 3901 per

340 3917 453 3991 tinent,
475 3917 662 4005 insignibus
686 3919 843 4006 exemplis
868 3921 1105 3986 demonstrare.

427 4021 469 4088 Ε.
504 4023 1050 4102 COD.GV1‹]LFERBYTANV8,
1079 4024 1168 4112 apud
1182 4025 1336 4095 libertum
1362 4027 1577 4116 significatu

339 4148 373 4196 n.
401 4129 485 4205 889,
513 4131 596 4196 inter
625 4131 796 4198 Gudianus
826 4153 861 4197 n.
884 4134 943 4210 ul,
965 4133 1249 4208 membranaceus,
1277 4135 1386 4202 forma
1414 4137 1579 4200 maxime

339 4235 464 4304 saeculi
495 4235 604 4316 Xllll,
638 4239 791 4306 foliorum
827 4238 1017 4318 CXXXIX,
1058 4241 1221 4327 scriptura
1252 4241 1357 4306 nitida
1389 4243 1579 4330 litterisqu

338 4343 517 4412 initialibus
540 4347 668 4430 pictura
690 4348 825 4412 ornatis.
870 4345 985 4412 Insunt
1006 4347 1109 4413 multa
1134 4345 1263 4412 scholia
1290 4348 1542 4414 interlinearis
1571 4375 1579 4410 t

337 4451 538 4541 marginalia
570 4452 690 4520 nullius
724 4455 793 4519 fere
825 4453 982 4523 utilitatis.
1044 4453 1293 4540 inscriptionum
1331 4453 1439 4522 habet
1485 4455 1579 4520 han·

346 4562 461 4625 Vama·
492 4561 624 4624 mame
646 4545 745 4644 encta
771 4562 822 4629 tu.
852 4563 930 4625 rae
952 4563 1099 4645 rotatae
1122 4563 1190 4628 uae
1213 4565 1297 4628 atta
1319 4562 1469 4627 amns
1528 4561 1579 4628 L:

339 4689 426 4732 cuna
446 4669 580 4755 saepius
600 4667 670 4735 iam
692 4681 950 4737 commemorata
973 4690 1014 4734 ne
1025 4670 1059 4734 in
1082 4668 1145 4734 hoc
1170 4670 1301 4758 quidem
1324 4669 1500 4754 expletur.
1561 4673 1579 4732 l

338 4771 374 4840 in
402 4777 466 4840 fine
493 4773 568 4842 iibri
587 4776 676 4855 ,noui
703 4776 822 4866 legitur
858 4777 1045 4860 Ecpliciuut
1076 4777 1149 4842 libri
1181 4797 1291 4844 nouem
1323 4777 1578 4844 machaia
