3409 5400
374 498 440 567 148
847 484 908 551 DE
931 480 1123 550 SOMNIIS.

372 668 479 732 nocte,
503 672 603 741 quam
626 650 696 714 dies
719 649 888 713 insecutus
913 655 980 720 est,
1012 666 1075 731 quo
1104 645 1139 708 in
1172 643 1298 729 eampis
1325 638 1465 728 Philippiis
1486 640 1504 705 E

372 765 464 830 mani
486 763 570 827 inter
593 780 630 823 se
654 756 813 822 exereitus
843 764 1090 825 concurrerunt,
1123 750 1292 815 Mineruae
1321 751 1427 837 speeies
1451 748 1502 813 obo

372 870 539 957 praecepit
560 876 596 929 ut
617 864 707 929 illum
731 862 827 949 graui
849 860 965 925 morbo
997 858 1190 945 implicitum
1217 868 1358 925 moneret
1380 876 1413 921 ne
1438 878 1504 942 prop

372 977 550 1042 aduersam
576 970 790 1037 ualitudinem
823 968 972 1053 proximo
1006 965 1131 1052 proelio
1166 987 1233 1029 non
1259 966 1421 1029 interesset.
1468 962 1504 1044 Qr

372 1104 447 1147 cum
463 1081 588 1145 Caesar
612 1078 768 1149 audisset,
791 1074 908 1138 lectica
931 1096 967 1137 se
991 1074 1025 1137 in
1042 1074 1147 1137 aciem
1163 1072 1283 1136 deferri
1306 1073 1401 1147 iussit;
1421 1071 1467 1134 ubi
1486 1071 1504 1133 d

372 1213 474 1277 supra
500 1189 589 1252 uires
619 1184 766 1269 corporis
795 1204 855 1267 pro
889 1180 1106 1267 adipiscenda
1134 1181 1271 1245 uictoria
1303 1179 1435 1255 excubat,
1461 1202 1504 1243 eas

372 1300 444 1362 eius
469 1318 491 1359 a
510 1294 612 1357 Bruto
636 1299 734 1376 capta
757 1301 840 1353 sunt.
888 1286 976 1369 Quid
1000 1308 1079 1374 ergo
1105 1286 1193 1350 uliud
1227 1296 1371 1373 putamus
1402 1308 1485 1373 quam

372 1406 450 1468 uino
478 1402 611 1467 numine
648 1398 800 1461 effectum
836 1417 878 1459 ne
910 1394 1106 1459 destinatum
1137 1396 1204 1459 iam
1234 1392 1449 1459 immortalitati
1476 1416 1504 1456 ee

371 1512 545 1598 indignam
568 1506 702 1573 caelesti
726 1504 842 1588 spiritu
864 1502 1013 1565 fortunae
1038 1500 1226 1566 uiolentiam
1249 1500 1388 1567 sentiret!

330 1614 362 1680 2.
460 1616 647 1702 Augustum
668 1634 747 1676 uero
771 1620 902 1696 praeter
925 1606 1106 1672 naturalem
1131 1610 1233 1673 animi
1261 1610 1294 1673 in
1321 1608 1457 1673 omnibus
1478 1628 1504 1669 re

372 1724 530 1789 subtiliter
566 1718 805 1807 perspiciendis
840 1718 990 1802 uigorem
1027 1716 1125 1779 etiam
1158 1734 1274 1781 reeens
1313 1727 1343 1780 et
1374 1715 1504 1779 domesti

373 1831 555 1917 exemplum
584 1839 620 1891 ut
640 1826 749 1891 Artori
772 1824 901 1889 somnio
923 1822 1163 1908 obtemperaret
1190 1823 1365 1888 admonuit
1407 1820 1504 1885 Audio

373 1940 460 2001 enim
489 1936 568 2000 Diui
594 1933 655 1998 Iuli
683 1935 786 2018 patris
816 1932 868 1995 sui
898 1950 1032 1994 uxorem
1057 1929 1269 2015 Calpurniam
1300 1941 1404 2005 noete,
1434 1949 1504 2015 quar

371 2044 518 2129 rdtimam
540 2041 576 2103 in
598 2041 693 2103 terris
718 2040 800 2126 ogit,
824 2040 858 2101 in
883 2038 989 2123 quiete
1020 2037 1146 2101 uidisse
1169 2038 1278 2102 multis
1308 2058 1379 2101 eum
1406 2036 1504 2099 conset

370 2147 557 2214 uulneribus
581 2148 616 2209 in
640 2168 699 2209 suo
724 2147 799 2209 sinn
814 2146 986 2217 iacentem,
1011 2148 1181 2231 somnique
1202 2146 1368 2211 atrocitate
1382 2142 1504 2207 uehenu

372 2257 555 2321 exterritam
582 2272 702 2338 rogare
733 2274 800 2315 non
829 2252 996 2315 destitisse
1027 2262 1061 2313 ut
1091 2253 1238 2337 proximo
1271 2252 1323 2316 die
1352 2252 1441 2315 curia
1468 2272 1502 2312 se

371 2364 520 2437 stineret3
545 2371 578 2425 at
599 2359 707 2432 illum,
739 2380 781 2421 ne
810 2358 960 2422 muliebri
990 2359 1119 2422 somnio
1151 2370 1258 2424 motus
1282 2359 1316 2423 id
1338 2359 1457 2422 fecisse
1481 2378 1504 2418 e:

370 2481 528 2543 meretur,
551 2476 718 2541 senatum,
741 2466 776 2529 in
799 2488 864 2551 quo
889 2466 918 2527 ei
942 2464 1178 2549 parricidarum
1208 2487 1326 2531 manus
1355 2463 1483 2529 adlatae

370 2574 487 2642 haberi
509 2574 728 2639 contendisse.
780 2571 857 2636 Non
885 2582 935 2634 est
963 2572 1046 2634 inter
1075 2582 1202 2659 patrem
1232 2584 1262 2635 et
1293 2574 1394 2637 filiurn
1420 2570 1504 2635 ulliur

371 2684 641 2768 conparationem
664 2682 734 2745 lieri
756 2679 950 2766 praesertim
981 2678 1160 2744 diuinitatis
1190 2680 1323 2766 fastigio
1354 2682 1501 2754 iunctos;

369 2791 438 2856 iam
461 2790 542 2854 alter
564 2787 718 2874 operibus
736 2789 805 2851 suis
822 2784 946 2856 aditum
971 2786 1035 2850 sibi
1058 2787 1102 2851 ad
1120 2786 1248 2851 eaelum
1271 2787 1482 2860 instruxerat,

369 2898 490 2985 longus
515 2895 622 2961 adhue
649 2896 850 2958 terrestrium
880 2893 1031 2957 uirtutum
1063 2893 1152 2958 orbis
1182 2893 1338 2959 restabat.
1392 2891 1503 2980 Quapr

372 3004 413 3068 ab
436 3003 500 3066 hoc
523 3001 748 3067 tantummodo
771 2998 968 3086 pendentem
991 3000 1203 3064 mutationem
1227 3013 1331 3065 status
1357 3019 1503 3086 cognosc

370 3109 425 3176 illo
449 3111 547 3174 etiam
570 3107 696 3171 differri
719 3106 766 3169 dii
785 3103 987 3169 immortales
1010 3103 1191 3184 noluerunt,
1215 3119 1249 3172 ut
1265 3107 1356 3173 aliud
1381 3107 1479 3172 caelo
1502 3121 1503 3126 ’

372 3215 512 3292 daretur,
537 3213 625 3280 aliud
648 3213 898 3299 promitteretur.

877 3381 1092 3402 Ἣ

375 3481 399 3540 1.
419 3490 461 3539 est
478 3486 587 3538 secutos
605 3477 640 3534 E.
652 3479 665 3548 ΙΙ
676 3480 821 3546 philipphis
840 3476 871 3530 Α.
891 3481 1017 3544 philippis
1036 3475 1190 3531 BCDEI'.
1203 3482 1364 3547 Philippicis
1388 3481 1474 3536 Torr.
1500 3479 1503 3490 ’

373 3560 405 3616 V,
414 3557 437 3618 1,
448 3557 487 3610 11.
501 3555 514 3626 ΙΙ
527 3554 553 3608 2.
561 3557 655 3606 orbata
665 3551 696 3604 Γ.
717 3553 721 3620 1
734 3551 759 3603 7.
769 3554 877 3612 Qnid-
886 3548 934 3616 (9.)
942 3553 1051 3601 sentiret
1058 3566 1106 3604 om.
1117 3549 1148 3602 Γ.
1163 3551 1174 3620 ΙΙ
1189 3553 1318 3621 (11101111
1331 3552 1360 3606 8.
1370 3572 1492 3606 munere

387 3625 546 3699 1111152
565 3643 614 3677 om-
634 3623 690 3692 Γ.ΙΙ
718 3620 745 3675 2.
764 3625 861 3674 arteris
880 3621 911 3674 A.
931 3623 1030 3674 antonii
1048 3620 1080 3674 Β.
1093 3622 1106 3691 Η
1119 3626 1263 3676 ammonuit
1281 3640 1327 3694 pr.
1348 3625 1384 3677 A.
1397 3625 1413 3694 ΙΙ
1430 3625 1477 3679 14.
1498 3645 1502 3674 r

374 3703 497 3753 interris
518 3697 594 3750 Torr.
606 3697 619 3764 li
633 3692 674 3748 tt.
693 3697 815 3761 proxima
832 3691 991 3755 (B)Ci'orr.
1003 3693 1017 3760 Η
1029 3711 1046 3744 a
1068 3697 1142 3746 curio
1162 3695 1270 3818 'rumpi
1290 3693 1334 3748 19.
1355 3698 1477 3766 haberi]
1501 3733 1502 3744 ,

374 3779 400 3824 et
408 3773 436 3824 io
444 3785 541 3823 rasura
551 3767 580 3823 C,
594 3767 672 3818 Torr.
683 3765 697 3834 Η
708 3763 752 3818 20.
763 3765 823 3831 sed]
837 3767 922 3815 scd'm
941 3763 959 3814 ι’.
970 3781 991 3816 e.
1011 3768 1157 3817 secundum
1175 3763 1208 3820 Β.
1221 3767 1234 3836 ΙΙ
1267 3765 1287 3820 1.
1300 3769 1389 3836 alter]
1403 3773 1500 3821 aliurn

373 3844 569 3909 impendentem
589 3854 658 3890 corr.
676 3835 786 3890 ATorr.
798 3836 811 3904 ΙΙ
822 3840 859 3886 ab
878 3837 932 3888 alio
951 3839 985 3885 ab
1005 3838 1058 3886 aiio
1077 3835 1111 3892 Ε.
1124 3839 1137 3906 Η
1148 3835 1191 3890 24.
1211 3842 1293 3892 decus
1313 3842 1401 3892 caelo
1424 3839 1463 3895 Β.

877 3989 1089 4002 -ιο-

374 4090 418 4146 el.
446 4091 514 4158 App.
533 4091 583 4142 cin.
600 4089 657 4147 1111,
678 4085 730 4139 tto
747 4105 773 4152 p.
791 4082 853 4139 336.
880 4089 930 4140 Dio
950 4093 1027 4141 Cass.
1045 4091 1156 4148 XLVII,
1175 4087 1207 4142 41
1229 4107 1254 4155 p.
1273 4085 1325 4142 ³51
1351 4089 1389 4140 E.
1411 4107 1444 4155 p.
1466 4087 1502 4142 52

374 4167 450 4216 Lact.
469 4166 522 4212 dio.
540 4163 600 4211 inst.
619 4161 652 4214 11.
671 4157 688 4209 8
706 4176 732 4222 ρ.
755 4155 803 4209 142
821 4160 946 4210 Dniresn.
966 4163 1063 4214 Zonar.
1082 4163 1116 4220 X,
1139 4158 1179 4213 19.
1198 4162 1307 4212 Tertoll.
1330 4164 1370 4212 de
1394 4165 1494 4214 anim.

446 4231 472 4286 2.
491 4234 530 4284 Cf.
548 4233 616 4284 Veli.
634 4230 672 4286 ll.
691 4225 735 4280 57.
763 4230 830 4280 Prot
849 4233 928 4282 Caes·
953 4228 1001 4283 63.
1024 4233 1097 4284 Suet.
1116 4235 1196 4284 Caes.
1215 4229 1258 4284 81.
1286 4234 1363 4298 App.
1388 4235 1451 4283 eiu.
1476 4236 1502 4284 11

374 4305 436 4360 248.
455 4307 504 4356 Dio
516 4306 594 4354 Cass.
606 4301 713 4354 XLllll.
735 4298 766 4351 17
785 4317 812 4364 p.
829 4297 883 4351 248
893 4303 924 4351 Α.
937 4320 962 4366 p.
975 4297 1024 4354 391
1037 4305 1120 4354 Reim.
1137 4306 1184 4355 lul.
1199 4306 1300 4369 Obscq.
1318 4299 1390 4354 127.
1415 4305 1502 4354 Zone

441 4372 596 4446 pendentem
614 4369 788 4432 mundonem
824 4373 988 4424 Pendentem
1006 4377 1177 4426 mutationem
1203 4377 1252 4424 diei
1276 4391 1328 4439 pro
1352 4377 1503 4426 mutatior

375 4450 528 4514 impendeat
544 4448 624 4511 atque
642 4444 786 4500 immineat,
804 4444 936 4494 similibus
955 4447 1086 4510 exemplis
1102 4448 1218 4511 probare
1230 4461 1349 4511 nequeo.
1396 4447 1486 4497 Nam

375 4522 466 4569 XXIX
485 4521 512 4569 b.
529 4534 555 4568 ra
577 4513 599 4574 1,
619 4513 838 4577 &pendentibus
857 4515 919 4564 tatis
938 4531 1039 4580 anceps
1058 4519 1204 4568 litterarum
1216 4531 1305 4568 rernm
1319 4521 1465 4568 euentus
1482 4521 1501 4568 d

375 4590 430 4640 Sed
448 4606 507 4639 corn
525 4589 631 4652 proprie
649 4599 695 4636 res
714 4585 830 4648 pendere
849 4586 978 4643 dieantur.
1000 4603 1068 4652 qrree
1088 4603 1170 4652 sopra
1188 4591 1268 4652 eaput
1284 4591 1478 4640 immineant

376 4662 447 4709 stent
462 4663 599 4725 tamquam
615 4658 808 4722 propemodum
826 4671 949 4717 casurae,
968 4661 1059 4710 neseio
1078 4675 1113 4710 an
1132 4659 1255 4710 Valerius
1273 4661 1408 4711 eandum
1433 4661 1501 4710 noti

377 4744 421 4779 ree
438 4731 611 4794 incorporeae
627 4729 773 4800 bausleno
789 4729 912 4791 potuerit.
958 4732 1046 4789 Quare
1069 4745 1178 4782 manum
1202 4732 1290 4795 potios
1316 4734 1501 4784 abstinend
