3409 5400
575 497 658 568 oto.
679 496 743 580 rx,
766 499 806 568 c.
829 501 866 580 ι,
889 479 920 580 i.
944 501 1063 570 s-e.
1366 499 1432 576 err

201 685 306 732 suem
334 673 540 752 sequestrem
571 663 706 751 periurii
734 664 805 729 lieri
837 665 931 750 possi
961 673 1037 729 eunt
1076 685 1118 732 on
1154 667 1209 752 qui
1238 665 1434 754 religionem

90 772 91 855 j
200 783 324 859 stupro
345 781 578 858 permutarunt.

90 882 91 887 ’
299 878 413 964 Aeque
436 878 637 965 flagitiosum
659 877 738 942 illud
762 880 965 954 conuiuium,
996 877 1085 966 quod
1108 877 1273 944 Gemellus
1299 877 1475 948 tribuni-8.

202 987 282 1050 cius
305 987 421 1063 uiator,
443 985 578 1074 ingenui
601 986 786 1072 seriguioie‚
810 986 870 1051 eed
894 987 993 1051 officii
1013 988 1099 1050 intro
1120 983 1272 1050 seruilem
1288 983 1435 1050 habitum
1520 965 1523 972 ¹

175 1092 380 1167 edolormis‚
403 1092 534 1158 Metello
549 1091 699 1177 Scipioni
714 1092 842 1157 consuli
861 1113 900 1157 eo
924 1093 1059 1158 tribunis
1083 1091 1188 1178 plebis
1211 1113 1335 1179 magno
1360 1111 1435 1155 cum

203 1200 329 1264 rubore
353 1201 492 1265 ciuitatis
515 1201 716 1286 conparauit.
762 1199 931 1286 Lupeneri
953 1201 1040 1264 enim
1065 1199 1154 1263 domi
1184 1217 1264 1263 suae
1288 1197 1435 1263 instituto

89 1311 94 1400 [
202 1305 358 1371 Muciam
380 1316 412 1370 et
423 1305 582 1383 iduum,
606 1329 681 1371 oum
704 1329 727 1372 o
748 1317 839 1393 patre
864 1318 932 1372 tum
954 1327 975 1370 u
997 1309 1068 1372 uiro
1084 1316 1256 1392 utromque
1279 1305 1435 1380 inclitum,

204 1423 239 1476 et
262 1411 405 1479 nobilem
427 1434 564 1499 puerum
587 1414 801 1478 Saturninum
823 1415 859 1478 in
883 1433 922 1479 eo
946 1413 1118 1498 prostituit.
1164 1413 1351 1479 Probroeee
1373 1433 1434 1500 pe·

205 1520 342 1585 tientieo
364 1541 515 1607 corporo,
537 1518 677 1585 ludibrio
700 1521 897 1585 temulentae
912 1519 1038 1585 libidini
1054 1519 1176 1585 future!
1206 1519 1331 1606 Epulas
1356 1539 1434 1585 con·
1501 1515 1513 1558 ·'

89 1611 94 1652 ³
164 1646 196 1692 so
206 1626 337 1694 solibus
360 1637 393 1692 et
414 1627 549 1693 tribunis
573 1649 639 1694 non
662 1627 889 1703 celebrandos,
913 1628 974 1693 sed
996 1625 1229 1693 uindicandos!

715 1771 928 1788 —*

207 1841 238 1900 8·
257 1845 284 1910 9.
302 1841 321 1898 8
338 1857 388 1898 ost.
405 1840 438 1899 Γ.
454 1841 468 1912 ΙΙ
484 1841 511 1896 h.
529 1847 557 1896 et
574 1845 694 1910 scipione
715 1840 834 1898 ODEF
849 1847 876 1896 et
890 1857 934 1912 pr.
952 1843 984 1898 A.
1008 1847 1035 1898 et
1053 1843 1166 1908 scipioni
1188 1839 1250 1896 Por.
1270 1848 1297 1895 et
1313 1855 1383 1896 corr.
1401 1841 1433 1896 A.

222 1909 330 1987 uenis.
350 1912 410 1969 Ac.
428 1917 583 1966 consulibus
601 1913 757 1969 DEFPor.
768 1913 782 1981 ΙΙ
794 1915 838 1982 oc}
859 1917 893 1966 ud
908 1929 953 1984 pr.
972 1913 1004 1968 A.
1018 1915 1031 1984 [Ι
1045 1931 1147 1984 magno
1159 1928 1204 1984 pr.
1215 1912 1248 1968 A.
1259 1913 1273 1980 ΙΙ
1284 1909 1309 1968 θ.
1329 1915 1433 1979 pereuit

209 2001 282 2040 corr·
299 1983 368 2112 ΙἺΙ
388 1987 476 2037 domui
493 1983 588 2108 Pomp!
607 1983 632 2038 7.
652 1987 768 2037 munium
781 1983 914 2040 'ADPou
933 1984 945 2052 ll
965 1987 1071 2038 fluuium
1090 2001 1136 2054 pr.
1155 1983 1187 2037 Δ.
1210 1987 1317 2037 fluuium
1335 1982 1433 2037 DPar.

210 2064 238 2111 et
254 2071 324 2110 corr.
380 2055 395 2125 ΙΙ
405 2057 477 2122 eum]
489 2059 546 2107 tum
591 2054 762 2111 horim.
785 2054 846 2110 Viti.
859 2055 897 2108 ud
913 2054 950 2116 ii,
968 2055 996 2118 1,
1014 2053 1039 2108 8.
1051 2057 1065 2126 ΙΙ
1076 2073 1094 2108 e
1106 2056 1174 2123 uiro}
1188 2069 1254 2108 euro
1266 2054 1297 2109 F.
1309 2055 1323 2124 ΙΙ
1335 2057 1433 2108 uirum·

210 2145 264 2194 que
278 2149 294 2182 s
306 2148 322 2181 e
334 2150 351 2180 o
365 2134 391 2179 et
414 2129 530 2180 nobilem
547 2125 581 2180 A.
607 2130 745 2194 uirumque
768 2130 890 2178 uicticem
915 2131 942 2180 et
963 2129 1079 2180 nobilem
1100 2125 1129 2182 0.
1153 2128 1269 2178 inclitum
1293 2137 1432 2190 utromque

211 2201 340 2253 feminum
359 2201 386 2250 ui
404 2201 517 2250 trecium
534 2202 563 2250 et
580 2200 696 2250 nobilem
718 2195 776 2258 (red
793 2201 820 2249 ui
837 2201 949 2250 tractem
968 2213 986 2250 o
1004 2213 1073 2252 corr.
1092 2195 1166 2260 add.)
1177 2195 1214 2250 D.
1230 2197 1242 2266 ΙΙ
1256 2193 1282 2253 8.
1299 2201 1433 2265 probrose

213 2268 333 2357 cudit
348 2274 375 2324 ei
391 2284 461 2324 corr.
478 2267 511 2331 A.
532 2267 609 2323 Torr.
621 2268 635 2338 ΙΙ
646 2271 796 2336 sapientise
812 2267 969 2324 AODEF.
981 2269 994 2340 ΙΙ
1005 2267 1031 2324 11.
1048 2272 1212 2322 tumuieutee
1232 2267 1261 2322 0.

283 2465 309 2520 Β.
326 2463 432 2518 Metello
449 2463 569 2534 Scipioni
586 2465 698 2530 eeneii)
719 2470 821 2518 omues
838 2467 924 2518 nostri
948 2467 1054 2518 codices
1072 2464 1172 2520 metello
1189 2468 1216 2517 et
1231 2461 1359 2534 scipione
1381 2465 1432 2516 Pe·

210 2539 276 2591 ridts
295 2538 441 2590 Vstiesnue
458 2535 564 2590 Metello
582 2543 608 2590 et
624 2537 745 2608 Scipioni
760 2540 877 2590 exhibet.
913 2539 988 2600 Quod
1002 2539 1140 2589 consulum
1153 2539 1295 2606 collegium
1308 2538 1334 2586 in
1352 2536 1432 2587 iestis

209 2624 266 2661 oon
282 2611 393 2660 inueniri
412 2611 465 2660 ism
483 2609 595 2677 Pighius
618 2610 816 2667 animaduertit,
841 2609 1020 2660 certissimum
1041 2621 1193 2673 proponens
1211 2609 1431 2667 emendationem,

212 2695 293 2749 quem
310 2680 470 2746 recepimus.
488 2682 557 2733 odeo
577 2683 606 2731 ut
622 2681 786 2751 significetur
803 2685 834 2743 Q.
850 2681 982 2733 Cueeilius
1001 2679 1126 2732 Meteilus
1144 2679 1241 2744 Scipio.
1260 2680 1354 2730 consui
1372 2693 1431 2746 eum

212 2768 313 2821 genero
333 2766 383 2803 suo
401 2754 448 2804 Cn.
467 2753 593 2817 Pompeio
612 2769 637 2802 e.
657 2768 681 2805 u.
701 2770 723 2805 e.
742 2750 804 2804 toz.
844 2752 938 2818 Neque
961 2753 1031 2802 enim
1054 2752 1123 2801 silue
1142 2750 1232 2815 Scipio
1250 2752 1313 2815 poet
1328 2750 1359 2801 1..
1378 2750 1433 2801 Sci·

212 2824 318 2889 pionem
341 2822 489 2873 Asiaticum
512 2826 550 2884 (s.
573 2820 639 2887 1111)
662 2824 829 2874 eoosnletom
852 2822 1009 2874 obtinuerat.
1056 2822 1132 2883 Quod
1157 2822 1309 2873 Perizonius
1336 2820 1432 2890 Pigblo

213 2894 409 2953 detortitium
428 2908 446 2945 e
464 2895 570 2946 Vsterio
589 2909 697 2960 semper
714 2895 773 2944 soio
791 2893 924 2958 Scipionis
942 2894 1047 2945 nominc
1065 2894 1199 2951 denotari,
1223 2894 1326 2944 omisso
1347 2894 1432 2943 nitere

213 2964 312 3016 uetsiu
330 2969 517 3047 cognomento.
534 2966 664 3017 infirmum
676 2966 795 3029 proiecto
809 2966 997 3033 argumentum
1016 2966 1072 3021 eutr
1092 2964 1243 3015 coniectore
1254 2964 1340 3029 ipsius
1353 2960 1432 3014 Atilio

213 3040 240 3087 et
254 3032 382 3103 Scipione.
399 3050 469 3098 quos
487 3036 614 3088 eonsules
631 3036 716 3088 tuisse
734 3036 868 3087 contendit
885 3051 912 3087 e.
929 3032 991 3096 1141,
1010 3036 1099 3102 utique
1117 3036 1197 3089 tuieu.
1239 3034 1292 3085 Sed
1311 3036 1370 3099 lpse
1383 3035 1433 3085 Pe·

213 3107 328 3157 rizouiue
347 3108 436 3157 stetim
455 3107 551 3158 ediecit
568 3108 692 3159 librerios
709 3121 794 3172 soepe
815 3122 851 3157 ex
870 3122 921 3157 uno
941 3108 1008 3157 duos
1027 3107 1135 3160 iecisse.
1169 3108 1251 3157 Error
1262 3106 1341 3157 ieciie
1360 3120 1431 3157 com·

214 3178 279 3229 mitti
297 3178 390 3241 potuit,
407 3191 495 3240 neque
513 3180 583 3228 odeo
600 3180 695 3229 mirum
714 3182 757 3229 est
773 3180 801 3229 in
818 3193 851 3230 eo
872 3178 994 3229 diuersos
1013 3179 1100 3229 i'ouiee
1119 3180 1278 3229 consentire.

283 3244 400 3300 Mucium
418 3251 443 3297 et
459 3244 589 3303 Fuluium)
605 3248 662 3297 Hoc
675 3264 779 3313 quoque
790 3249 850 3301 loco
859 3250 930 3301 idem
943 3251 1066 3301 mendum
1078 3247 1182 3299 Paridis
1195 3249 1348 3311 epitomem,
1360 3248 1431 3299 idern

215 3320 334 3387 integros
351 3318 451 3367 Valerii
469 3318 550 3367 libros
570 3315 681 3375 inuasit.
703 3320 747 3383 qui
764 3321 866 3369 tentum
884 3335 938 3371 non
961 3334 1054 3373 omues
1078 3319 1174 3370 uitiose
1192 3318 1309 3369 Munium
1328 3320 1355 3367 et
1372 3317 1431 3367 Fle-

216 3390 286 3440 niem
305 3389 439 3439 exhibent.
483 3386 552 3437 Nem
576 3388 601 3437 si
624 3402 717 3437 norum
740 3390 874 3453 estquod
898 3390 979 3453 poulo
1000 3390 1063 3455 post
1085 3388 1247 3439 recentiores
1265 3388 1364 3437 librarii
1382 3402 1431 3451 pro

217 3460 355 3524 archetypi
373 3458 504 3521 scripturo
521 3461 656 3523 urumque
673 3454 796 3507 mitram
820 3460 1026 3519 substinuerunt,
1049 3464 1184 3525 utromque
1207 3454 1336 3516 inclitum,
1362 3458 1432 3523 quod

217 3530 279 3584 mihi
297 3531 403 3597 quidem
422 3529 499 3579 extre
516 3528 704 3578 dubitationem
723 3530 839 3592 positum
862 3530 979 3587 uidetur.
1003 3534 1115 3593 epperet
1132 3530 1241 3595 ignotae
1260 3530 1339 3593 etque
1357 3528 1432 3597 igno·

217 3602 276 3653 bilis
293 3614 404 3666 prorsus
422 3600 511 3669 gentis
530 3600 648 3657 hinnire.
665 3599 795 3664 siquidem
814 3600 883 3649 hoec
902 3600 1008 3651 omuino
1027 3600 1112 3651 extitit
1130 3600 1288 3667 aliquando,
1306 3600 1433 3651 seminum

217 3688 234 3723 e
252 3672 356 3722 Valerio
375 3686 428 3722 non
447 3684 511 3721 esse
529 3672 689 3723 denotatam.
731 3668 771 3721 Ae
794 3684 829 3720 ne
846 3670 930 3721 Flauii
948 3671 1052 3737 quidem
1071 3676 1133 3721 tunc
1150 3672 1278 3735 temporis
1296 3671 1377 3721 inciiti
1394 3672 1432 3721 iu·

217 3743 355 3795 notuerunt
376 3745 484 3807 praeter
505 3742 534 3795 C.
551 3740 672 3793 Flauium
696 3740 841 3793 Fimbriam
865 3742 1001 3791 consulem
1025 3756 1050 3794 e.
1074 3737 1135 3793 650.
1177 3742 1234 3792 ium
1258 3742 1282 3791 si
1305 3744 1432 3806 optimum

218 3817 331 3865 omnium
350 3814 519 3865 Duuieiinum
537 3814 655 3865 codicem
674 3814 823 3876 sequimur.
841 3814 868 3865 in
888 3828 939 3879 quo
958 3812 1043 3875 primu
1060 3825 1157 3862 munus
1169 3810 1285 3879 fluuium
1302 3813 1432 3869 exercuit.

217 3885 296 3937 nihilo
315 3883 446 3935 difficilior
457 3884 505 3934 iliu
516 3886 626 3936 mutatio
638 3886 750 3943 uidetur.
769 3900 823 3948 quo
840 3884 951 3935 ulterius
963 3882 1080 3934 iemlliee
1093 3882 1178 3933 alteru
1195 3898 1259 3947 pers
1271 3882 1333 3934 lude
1345 3884 1433 3935 effecit

218 3954 331 4009 Mecium
341 3959 367 4006 et
375 3952 506 4014 Fuluium,
525 3956 676 4006 cieriesime
693 3958 809 4013 nomine.
829 3954 953 4022 quemuis
972 3954 1015 4003 uix
1028 3954 1181 4005 crediderim
1196 3954 1340 4007 Oiiuerium
1360 3958 1433 4005 recte

219 4028 249 4078 de
267 4027 365 4087 lineis,
383 4027 502 4091 Pompeii
520 4026 622 4095 Magni.
641 4030 670 4078 et
687 4029 720 4078 de
737 4027 839 4083 Fuluio.
859 4026 943 4076 Clodii
962 4024 1043 4088 prius,
1063 4026 1157 4075 deinde
1169 4024 1275 4075 Antonii
1294 4040 1377 4077 uxore
1394 4026 1432 4076 in·

217 4102 387 4162 terpretetum
406 4112 483 4157 esse,
506 4098 541 4148 de
564 4099 661 4161 quibus
679 4100 705 4149 si
722 4098 879 4167 cogitasset,
899 4096 1022 4147 Veieriuo
1041 4096 1188 4147 distinctius
1205 4096 1278 4147 houd
1296 4098 1377 4147 dubie
1393 4096 1432 4147 io·

218 4174 291 4220 cutus
309 4171 392 4221 esset
1079 4180 1083 4185 ’

284 4237 433 4293 moure
445 4238 593 4307 patientioe
609 4244 734 4308 corporo)
758 4238 874 4305 Antiqua
898 4240 957 4291 llbrl
982 4238 1112 4290 Denlelloi
1135 4240 1268 4305 scripture
1288 4234 1434 4309 probrosae

218 4327 268 4364 nou
285 4313 364 4363 modo
382 4312 464 4361 nihilo
482 4312 597 4362 deterior
615 4316 655 4362 est
676 4326 755 4377 quem
773 4312 886 4379 uulgato
899 4306 1046 4378 probroso,
1070 4324 1162 4363 uerum
1186 4312 1267 4363 etium
1290 4311 1328 4360 iiii
1353 4311 1433 4376 longe
1453 4359 1456 4367 ,

219 4384 400 4449 praeterendo.
419 4397 478 4432 cum
496 4398 550 4432 non
568 4382 742 4432 setisLsttoe
759 4383 872 4444 simplici
886 4382 1004 4449 genitiuo
1017 4380 1164 4449 patientioe
1181 4394 1295 4449 corporo
1313 4382 1434 4431 dicentur

218 4455 285 4518 turpi
307 4452 406 4504 libidini
428 4454 615 4512 inseruieutie,
638 4454 786 4517 meliusque
810 4454 846 4501 ed
869 4453 957 4516 ipsam
981 4454 1134 4516 potientium
1158 4468 1237 4518 quern
1263 4452 1298 4501 ed
1321 4467 1434 4515 corpore

220 4525 347 4577 referetur
362 4524 427 4574 iliud
445 4525 613 4575 adiectiuum.
649 4523 774 4573 Similiter
791 4524 858 4575 Plio.
877 4523 903 4578 h.
922 4536 947 4575 u.
967 4524 1089 4583 xxviii.
1108 4518 1133 4581 8,
1151 4519 1185 4575 et
1206 4520 1355 4590 probrosae
1371 4519 1433 4573 mol·

219 4592 282 4647 teet
298 4594 372 4646 leno
390 4598 548 4660 composuit.
583 4595 711 4652 Alterum.
729 4596 778 4645 sed
796 4594 934 4659 archetypi
954 4596 1053 4646 codicis
1065 4594 1189 4645 mendum
1202 4592 1349 4661 supientiae
1359 4595 1433 4644 reete

170 4714 174 4724 ,
221 4669 323 4719 tenenti
340 4666 461 4737 Pighius.
479 4673 504 4717 ‘e
522 4665 672 4724 nonnemo,
696 4666 724 4715 ui
746 4666 797 4725 uit,
816 4666 968 4716 ‘codicibus'
992 4666 1094 4715 uarium
1115 4666 1274 4733 scripturum
1287 4662 1433 4735 patientioe

221 4739 382 4809 inmergiue
399 4738 515 4805 exempti
532 4738 574 4790 soi
591 4738 740 4801 nortbem,
758 4752 839 4801 quem
855 4738 957 4802 recepit
975 4738 1093 4797 coiens.
