3409 5400
275 506 343 575 202
699 492 1093 565 uueeeurvoueu

272 666 405 741 finierit,
427 666 521 751 cuius
535 680 646 748 opera
659 659 871 744 honoresque
886 675 1022 742 operum
1037 656 1123 721 ultra
1137 656 1238 722 tidem
1250 658 1322 721 ueri
1343 656 1502 721 excedere

274 772 415 839 iudicari
438 778 588 857 possent,
616 768 681 831 nisi
709 786 751 831 ea
778 768 859 829 certi
885 776 1053 839 auctores,
1080 766 1164 828 inter
1193 784 1277 849 quos
1304 760 1351 830 Μ.
1382 762 1501 838 Varro,

275 876 496 943 monumentis
520 874 590 937 suis
613 884 732 938 testata
748 892 823 937 esse
843 870 1036 936 uoluissent.
1083 869 1190 950 Quem
1206 870 1329 934 centies
1351 879 1385 932 et
1397 872 1501 935 uicies

275 986 311 1048 in
335 984 440 1047 aciem
463 978 679 1045 descendisse
702 980 848 1048 tradunt,
881 1001 921 1043 eo
950 974 1069 1041 robore
1099 977 1202 1040 animi
1229 986 1327 1062 atque
1354 976 1501 1061 corporis

276 1099 431 1162 utentem,
454 1098 490 1149 ut
510 1087 670 1151 maiorem
693 1106 824 1169 semper
839 1084 998 1147 uictoriae
1020 1094 1147 1167 partem
1162 1082 1303 1149 traxisse
1323 1081 1531 1156 uideretur3e

278 1216 337 1259 sex
365 1204 396 1257 et
418 1190 518 1259 XXX
542 1191 649 1277 spolia
671 1212 711 1259 ex
733 1191 828 1256 hoste
850 1190 1020 1262 retulisse,
1049 1210 1187 1275 quorum
1212 1191 1248 1252 in
1269 1208 1405 1253 numero
1428 1198 1501 1252 ecto

276 1300 394 1373 fuisse,
417 1318 492 1363 cum
517 1298 634 1384 quihus
657 1300 862 1383 inspectante
884 1307 1021 1382 utroque
1045 1298 1187 1359 exercitu
1210 1316 1250 1359 ex
1268 1297 1501 1381 prouocatione

278 1402 488 1487 dimicasset,
502 1400 596 1469 XIIII
619 1404 708 1467 ciues
732 1426 773 1467 ex
794 1404 906 1469 medIa
926 1414 1032 1467 morte
1042 1414 1155 1488 raptos
1171 1422 1336 1476 seruasse,
1360 1404 1501 1488 quinque

277 1520 311 1573 et
327 1508 389 1574 XL
402 1509 541 1574 uulnera
552 1520 683 1595 pectore
701 1510 883 1594 excepisse,
902 1520 996 1593 tergo
1012 1510 1219 1573 cicatricibus
1234 1529 1360 1583 uacuo,
1382 1528 1502 1571 nouem

279 1613 493 1699 triumphales
515 1618 750 1701 Imperatorum
773 1636 888 1678 currus
911 1626 1076 1688 secutum,
1106 1616 1205 1679 totius
1228 1615 1367 1679 ciuitatis
1388 1614 1542 1679 oculoseo

278 1722 314 1785 in
337 1742 374 1784 se
397 1741 576 1787 numerosa
598 1722 759 1785 donorum
781 1740 904 1805 pompa
934 1731 1187 1786 conuertentem.
1232 1719 1503 1785 Praeserebantur

280 1827 368 1890 enim
391 1845 510 1891 aureae
533 1846 677 1891 coronae
700 1836 784 1899 octo,
808 1826 935 1889 ciuicae
957 1822 1068 1899 Xllll,
1090 1827 1236 1892 murales
1259 1838 1336 1899 tres,
1358 1825 1502 1889 obsidio·

278 1930 365 1994 nalie
388 1952 462 2007 una,
486 1944 619 2019 torques
642 1928 825 2005 LXXXIII,
848 1932 994 1996 armillae
1018 1930 1116 2006 CLX,
1138 1931 1257 1997 hastae
1278 1928 1399 2004 XVIII,
1420 1930 1503 2016 pba-

278 2034 369 2101 lerae
391 2034 501 2111 XXV,
524 2048 716 2101 ornamenta
739 2038 837 2101 etiam
859 2036 1001 2122 legioni,
1027 2038 1148 2102 nedum
1168 2037 1265 2101 militi
1285 2038 1367 2101 satis
1390 2036 1501 2102 multa.

144 2136 216 2206 Exi»
238 2135 269 2205 1.
368 2138 425 2206 Ille
455 2164 584 2229 quoque
614 2165 652 2205 ex
680 2141 827 2228 pluribus
862 2142 1053 2227 corporibus
1083 2144 1118 2206 in
1149 2164 1250 2207 unum
1277 2162 1401 2227 magna
1427 2156 1541 2205 cumis

281 2247 497 2313 admIratione
521 2246 655 2313 Calibus
686 2270 783 2313 cruor
813 2249 972 2312 confusus
1005 2260 1065 2311 est.
1118 2244 1157 2312 In
1186 2268 1251 2333 quo
1279 2246 1401 2333 oppido
1428 2268 1504 2310 cum

278 2352 413 2417 Fuluius
444 2352 583 2420 Flaccus
619 2355 823 2440 Campanam
857 2352 1029 2439 perlidiam
1064 2354 1220 2439 principis
1253 2353 1392 2415 ciuitatis
1427 2364 1502 2415 ante

278 2458 421 2523 tribunal
443 2478 539 2525 suum
562 2459 694 2546 capitali
718 2460 878 2547 supplicio
903 2458 1087 2524 adliciendo
1110 2458 1299 2534 uindicaret,
1326 2458 1503 2544 litterisque

279 2584 302 2627 a
323 2574 442 2631 senatu
465 2568 608 2653 acceptis
632 2568 730 2630 finem
751 2587 881 2651 poenae
906 2585 1020 2631 eorum
1042 2576 1185 2629 statuere
1208 2575 1397 2651 cogeretur,
1419 2564 1501 2631 ultro

282 2773 307 2826 1.
327 2777 469 2843 excedere]
489 2791 521 2828 se
539 2779 683 2830 extendere
700 2776 737 2830 D.
749 2772 800 2845 113.
818 2781 987 2830 monimentis
1005 2777 1070 2831 ΕΓ.
1083 2778 1096 2847 11
1110 2783 1167 2830 suis
1187 2795 1237 2831 em.
1256 2777 1288 2830 Γ.
1305 2779 1319 2846 ΙΙ
1335 2777 1506 2830 uoluissetC

281 2850 308 2896 et
320 2859 366 2913 pr.
383 2844 417 2898 A.
431 2844 443 2913 ΙΙ
458 2849 575 2898 uicesies
593 2847 626 2900 Β.
645 2850 764 2916 uigesies
782 2847 809 2900 E
827 2853 853 2899 et
870 2861 941 2902 corr.
961 2848 990 2908 G,
1012 2848 1089 2902 Tere.
1103 2853 1115 2918 ιΙ
1128 2847 1154 2903 «l.
1170 2854 1228 2902 acie
1240 2847 1336 2902 ΒΘΗ.
1348 2845 1398 2916 116.
1414 2852 1502 2900 XXVI

281 2917 370 2979 spolia
387 2915 451 2968 Par.
463 2915 476 2981 ΙΙ
489 2919 625 2968 retulisset
645 2916 735 2984 0117.
754 2920 912 2982 probatione
930 2917 1051 2972 Boni·
1067 2926 1093 2972 et
1105 2936 1151 2987 pr.
1169 2921 1199 2972 A.
1214 2925 1227 2986 ΙΙ
1247 2917 1273 2970 il.
1297 2922 1324 2970 iu
1347 2923 1455 2983 pectore
1473 2919 1502 2972 C.

294 2985 308 3054 ΙΙ
323 2987 383 3036 vill
406 2988 581 3050 triumphales
599 2988 662 3039 Par.
680 2988 693 3056 ΙΙ
714 2986 754 3040 10.
779 2990 981 3055 Imperatorum]
1006 2996 1066 3041 aste
1089 2993 1264 3056 triumphales
1288 2986 1503 3058 Γ.1112.Χ1111

281 3069 331 3106 oro.
349 3052 383 3106 E.
394 3053 409 3120 ΙΙ
420 3057 476 3106 tres
494 3058 612 3108 murales
629 3057 664 3110 Ε.
676 3057 690 3124 ΙΙ
705 3053 743 3110 tt
763 3063 875 3124 torques
893 3061 1001 3110 clxxxiii
1018 3057 1246 3114 Ascurum.
1267 3064 1375 3125 torques
1394 3063 1504 3112 dlxxxiii

280 3123 310 3176 io
327 3138 425 3178 rorare
441 3123 480 3179 D.
494 3123 506 3193 ΙΙ
521 3129 618 3178 bastae
636 3129 734 3179 XVllll
751 3127 787 3180 Ε.
798 3127 812 3194 Η
824 3133 950 3193 pharetra
966 3126 1125 3183 ABDEP.
1144 3135 1272 3196 pharetra
1286 3129 1314 3184 0.
1332 3137 1443 3196 pateras
1494 3166 1502 3181 .

279 3193 344 3248 Par.
362 3198 505 3259 pharetras
523 3212 592 3248 cerr.
611 3196 674 3251 Par.
686 3199 700 3265 Η
715 3195 754 3250 ll.
772 3201 876 3251 XXXV
894 3200 956 3252 Por.
969 3199 982 3268 ΙΙ
997 3197 1037 3252 15.
1055 3203 1104 3254 itte
1120 3229 1154 3240 ·—
1172 3199 1240 3268 (16.)
1258 3203 1356 3266 oppido
1373 3217 1423 3253 eae.
1435 3147 1494 3269 Ipp

280 3265 341 3331 llte]
361 3267 425 3318 Cale
436 3263 479 3318 D.
492 3267 532 3335 lle
550 3265 587 3318 D.
599 3266 613 3334 Η
634 3265 674 3320 lli.
693 3270 814 3335 Calibus]
835 3287 920 3334 capue
938 3270 968 3321 ἐκ
985 3286 1082 3322 rasere
1098 3271 1132 3326 Β.
1153 3275 1257 3324 calidus
1274 3271 1312 3324 D.
1331 3269 1343 3338 ΙΙ
1366 3268 1406 3324 li.
1430 3289 1501 3322 carn·

279 3350 353 3400 pana
362 3337 474 3400 pertidia
492 3351 562 3390 corr.
571 3335 604 3388 A.
621 3341 731 3404 propter
740 3356 900 3403 campanam
908 3344 1046 3405 perfidiam
1057 3341 1093 3400 Ε,
1102 3341 1179 3394 Ibrr.
1194 3359 1353 3408 campanam
1363 3344 1500 3406 pernetam

279 3408 439 3458 uindicando
462 3405 495 3460 Γ.
506 3407 520 3474 ΙΙ
531 3409 666 3474 principes
684 3407 1157 3464 echrTorr.1aetmm.ae
1177 3411 1259 3466 Lacr.
1278 3411 1306 3470 1,
1333 3410 1393 3464 itt.
1409 3429 1440 3480 p.
1458 3408 1500 3466 51.

292 3477 306 3543 ΙΙ
327 3478 462 3528 ciuitatum
478 3476 511 3532 Γ.
523 3477 537 3546 ΙΙ
557 3476 597 3532 18.
616 3481 779 3532 medendos
796 3479 829 3533 A.
853 3483 1012 3534 afficiendos
1032 3482 1111 3536 Torr.
1135 3487 1256 3537 alliceret
1274 3482 1306 3537 Γ.
1323 3480 1338 3553 ll
1357 3485 1502 3536 uindicaret

280 3563 329 3598 om.
343 3544 375 3600 Γ.
393 3549 523 3602 iudicaret
543 3549 620 3604 ibt-r.

783 3623 996 3638 ψ

277 3709 371 3772 partes
395 3711 584 3776 uergentibus,
609 3713 774 3776 probabilem
800 3715 1121 3766 reddit'Drakenborchii
1145 3718 1326 3779 suspicionem
1348 3719 1424 3780 ipses
1448 3718 1501 3766 iam
1587 3755 1592 3764 .

279 3777 386 3826 ueteres
405 3781 530 3830 auctores
548 3783 575 3830 in
593 3781 697 3832 Sisciae
716 3785 743 3832 et
760 3783 876 3834 Siciniae
890 3787 1009 3852 gentium
1020 3789 1171 3836 nominibus
1184 3790 1316 3850 ponendis
1328 3788 1483 3837 fluctuasse.

352 3849 456 3911 torques
472 3846 635 3910 LXXXIII)
661 3853 736 3902 Libri
755 3869 899 3918 perperam
917 3857 1032 3906 clxxxiii.
1068 3858 1216 3907 Delcndum
1238 3873 1302 3909 essc
1321 3859 1501 3908 centenarium

279 3927 427 3972 numerum,
447 3931 507 3965 cum
524 3918 672 3984 Dionysius
691 3925 718 3970 ct
735 3923 838 3973 Gellius
863 3927 897 3973 de
921 3927 1006 3974 tribus
1029 3928 1132 3976 tanturn
1157 3931 1185 3977 ct
1207 3931 1347 3997 octoginta
1363 3929 1502 3993 torquibus

279 3983 425 4040 retulerint,
445 3987 631 4039 intellexerunt
649 3990 801 4043 Salmasius
821 3996 856 4042 ad
874 3993 993 4044 Setinum
1015 3991 1087 4058 p.35
1104 4000 1131 4046 et
1149 4000 1269 4051 Ceteros.
1305 4004 1422 4060 Quorum
1440 4013 1501 4048 con·

279 4053 408 4134 iecturam
427 4057 565 4106 confirmat
583 4073 652 4108 nunc
671 4061 730 4110 Iulii
749 4063 853 4112 Paridis
873 4065 988 4128 cpltorne
1006 4067 1109 4115 omissa
1129 4069 1194 4118 nota
1212 4065 1240 4121 0.
1282 4072 1324 4119 lta
1341 4071 1421 4119 eiiam
1439 4069 1501 4118 Dio·

278 4135 388 4188 nysrum
406 4137 460 4174 non
477 4123 605 4188 leirene,
624 4131 672 4180 sed
690 4127 781 4183 exerte
796 4131 843 4184 xci
859 4131 981 4198 ὶξὴκοηα
996 4134 1199 4209 περιβραχιόνια
1211 4137 1328 4210 xpina,
1354 4141 1499 4191 Varronem

279 4193 351 4244 CLX
369 4195 499 4252 armillas,
518 4209 571 4246 non
590 4199 659 4248 CXL
678 4213 838 4252 numerasse
857 4217 873 4253 e
891 4205 1051 4266 reliquorum
1071 4223 1206 4260 consensu
1224 4213 1404 4280 colligendum
1422 4213 1473 4260 est.

349 4263 410 4314 nn.
430 4261 454 4316 1.
482 4265 540 4318 Liu.
559 4267 657 4328 XXVI,
679 4265 719 4320 15.
739 4271 786 4320 sil.
804 4274 863 4325 Ital.
881 4275 953 4334 Xlii,
971 4271 1031 4327 stis.

342 4331 424 4402 fiam
443 4350 547 4403 pomae
571 4351 624 4389 cer.
643 4344 715 4396 stet.)
742 4343 817 4392 ilaec
839 4359 934 4407 parurn
959 4352 1084 4398 accurate
1110 4366 1127 4400 e
1150 4351 1258 4403 Valerio
1283 4352 1409 4416 exposita
1431 4356 1502 4405 sunt.

278 4405 348 4455 Nam
367 4407 428 4470 ipse
451 4407 503 4465 111,
527 4404 559 4467 8,
582 4406 592 4459 l
621 4413 802 4462 consentiente
825 4414 902 4465 Liuio
927 4419 988 4466 dicit
1005 4419 1132 4470 Flaccum
1150 4437 1200 4471 eas
1221 4425 1326 4474 liiteras
1346 4425 1374 4474 in
1392 4425 1504 4474 sinistra

277 4491 368 4560 manu,
389 4478 458 4526 sicut
477 4479 592 4529 fuissent
609 4481 732 4542 traditae,
751 4487 921 4546 reposuisse,
945 4493 1026 4550 etque
1050 4493 1174 4542 omuibus
1193 4497 1390 4558 Campanorum
1408 4495 1502 4558 priuci-

276 4549 357 4609 prbus
376 4549 438 4598 ante
456 4550 572 4600 tribunal
590 4565 668 4601 suum
686 4555 841 4612 interiectis,
860 4561 916 4607 tum
935 4561 1041 4609 demum
1051 4565 1200 4625 aperuisse,
1221 4570 1365 4631 postquam
1383 4567 1436 4616 illie
1454 4568 1502 4616 ob·

278 4619 429 4680 temperare
448 4635 501 4670 non
518 4624 659 4684 potuisset
695 4623 783 4675 Finita
801 4628 852 4676 hoc
871 4630 950 4678 modo
968 4645 1057 4693 poena
1075 4633 1204 4700 lectisque
1222 4636 1333 4694 littoris,
1357 4641 1386 4687 ut
1407 4637 1502 4686 Liuius

279 4687 375 4748 refert,
399 4703 460 4742 eam
482 4691 537 4742 iam
562 4699 738 4764 consurgeret
761 4697 892 4759 Flaccus,
915 4701 1041 4752 Iubellius
1065 4715 1115 4766 per
1138 4708 1256 4758 mediam
1279 4709 1383 4758 uadens
1406 4710 1502 4758 urbem
