3409 5400
235 705 341 768 suerit.
388 703 474 769 Nam
498 705 527 769 si
550 724 664 769 uerum
688 716 777 769 esset
800 705 888 792 quod
911 705 957 771 illi
980 707 1170 791 opinantur,
1192 709 1262 771 iure
1282 710 1461 784 mirareris,

236 834 293 876 cur
321 813 376 900 qui
400 814 534 900 saepius
559 812 669 878 oblata
691 815 868 879 occasione
900 813 1022 879 decora
1045 826 1141 902 atque
1165 815 1289 880 lumina
1321 820 1390 881 eius
1414 817 1463 881 fa·

234 921 346 986 miliae
370 920 583 987 celebrauerit
593 919 625 996 ¹),
648 920 735 986 hane
754 923 947 988 affinitatem
969 943 1011 987 ne
1034 922 1134 986 uerbo
1160 923 1291 1011 quidem
1314 926 1463 1011 tetigerit,

236 1053 310 1096 cum
334 1030 528 1116 praesertim
550 1031 583 1094 in
616 1029 689 1095 aliis
720 1031 819 1095 rebus
848 1031 1016 1118 propriam
1045 1031 1210 1097 fortunam
1242 1033 1464 1118 spectantibus
1503 1022 1528 1117 ζ

236 1136 459 1226 garrulitatem
490 1138 598 1223 potius
627 1117 793 1225 quandam
826 1161 924 1226 quam
948 1141 1142 1206 taciturnum
1165 1140 1344 1225 prodiderit
1367 1140 1465 1204 silen-
1517 1187 1523 1204 .

236 1249 326 1311 tium.
373 1247 422 1310 Ae
438 1267 480 1310 ne
505 1267 522 1308 e
547 1247 755 1333 cognominis
769 1247 900 1334 quidem
920 1249 1160 1324 communione,
1185 1271 1269 1335 quae
1293 1249 1465 1336 inprimis

236 1377 354 1420 nexum
385 1356 469 1418 inter
498 1366 644 1420 uetustos
675 1354 749 1420 illos
780 1353 944 1420 Maximus
977 1367 1008 1418 et
1037 1354 1123 1420 hunc
1156 1377 1252 1444 quem
1287 1368 1465 1421 tractamus

237 1465 429 1549 scriptorem
452 1461 621 1528 declarare
644 1462 789 1539 uidetur,
818 1475 941 1530 certum
965 1476 1192 1550 argumentum
1215 1467 1317 1549 repeti
1339 1467 1466 1550 peterit,

237 1571 400 1658 siquidem
431 1579 559 1635 cunstat
589 1571 693 1634 titisse
724 1573 791 1638 iam
821 1572 943 1636 ultimis
972 1571 1096 1637 liberae
1126 1573 1174 1633 rei
1205 1570 1354 1657 publicae
1386 1584 1466 1637 tem-

237 1679 370 1765 poribus
395 1679 450 1764 qui
474 1679 656 1764 priscorum
681 1679 867 1766 gentilium,
900 1702 1037 1766 quorum
1060 1681 1168 1767 gloria
1200 1679 1346 1766 egregiis
1370 1677 1466 1742 factis

237 1799 332 1874 parta
355 1787 535 1850 diuturnior
559 1799 628 1851 erat
652 1809 750 1872 quam
768 1788 899 1874 stirpes,
924 1788 1125 1875 cognomina
1148 1788 1297 1852 extinctis
1321 1766 1466 1859 familiis,

238 1917 322 1984 quae
345 1895 387 1958 iis
409 1904 585 1968 uterentur,
609 1895 672 1960 sibi
694 1896 901 1960 uindicarent
924 1907 956 1959 et
977 1915 1035 1982 per
1058 1906 1209 1982 posteros
1233 1907 1466 1981 propagarent.

239 2005 279 2068 At
303 2003 524 2067 concedamus
542 2001 676 2067 Valerio
700 2003 903 2068 clarissimos
927 2003 1000 2067 illos
1023 2004 1186 2076 maiores,
1211 2024 1277 2066 non
1292 2003 1367 2066 ideo
1391 2023 1466 2088 pro·

237 2111 388 2176 habimus
420 2109 549 2174 Mirlleri
580 2111 754 2176 audaciam
787 2133 826 2176 ex
864 2123 973 2175 uetere
1005 2110 1068 2175 hae
1100 2113 1269 2196 scriptoris
1300 2113 1467 2177 nobilitate

237 2218 461 2284 concludentis
486 2216 519 2298 (l.
544 2241 572 2280 e.
596 2239 627 2303 p.
653 2219 728 2294 339,
753 2219 842 2300 ste.)
875 2220 1046 2306 accepisse
1077 2240 1150 2285 eum
1179 2229 1210 2282 et
1232 2220 1467 2284 institutionem

241 2339 270 2390 et
291 2349 361 2392 rem
384 2327 580 2391 familiarem
603 2326 719 2390 illustri
741 2327 825 2401 loeo,
848 2327 936 2391 unde
953 2338 1049 2391 natus
1069 2327 1173 2398 fuerit,
1198 2338 1466 2399 consentaneam,

240 2437 300 2500 sed
324 2447 505 2500 statuamus
539 2442 594 2498 aut
621 2435 730 2519 ipsum
762 2435 802 2498 de
835 2434 992 2520 ambigua
1021 2434 1086 2498 ista
1117 2435 1276 2497 affinitate
1303 2431 1384 2496 nibil
1406 2431 1467 2497 ha·

239 2541 354 2606 buisse
383 2554 583 2629 compertum
613 2553 669 2606 aut
699 2541 837 2605 consilio
867 2542 1010 2606 enitasse
1046 2543 1246 2605 mentionem
1277 2541 1415 2627 originis
1449 2561 1467 2602 e

242 2649 377 2723 familia,
401 2673 483 2739 quac
508 2662 634 2716 mature
649 2651 717 2715 iam
741 2673 763 2715 a
784 2650 894 2737 priore
918 2649 1093 2737 splendore
1117 2648 1324 2713 descenderit
1347 2659 1378 2711 et
1400 2649 1466 2712 for·

239 2770 331 2823 tasse
355 2760 451 2824 etiam
476 2760 519 2823 ad
542 2760 688 2845 inopiam
710 2759 806 2822 fuerit
828 2758 974 2823 redacta.
1020 2757 1136 2844 Neque
1160 2758 1247 2820 enim
1271 2756 1354 2820 alins
1380 2758 1466 2819 eius·

240 2866 316 2929 dem
339 2868 482 2930 nominis
511 2868 561 2930 uir
584 2877 660 2952 post
682 2866 809 2930 Punica
836 2865 924 2929 bella
953 2866 1091 2930 innotuit
1121 2876 1195 2929 ante
1227 2864 1271 2931 Μ.
1296 2861 1468 2927 Valerium

238 2974 419 3039 Maximum
443 2974 611 3039 consulem
636 2996 666 3038 a.
690 2974 755 3038 253
780 2984 811 3036 et
834 2974 898 3038 256
922 2995 954 3059 p.
980 2972 1055 3037 Chr.
1079 2970 1153 3053 n.²).

328 3082 408 3145 Vtut
430 3080 513 3145 haee
538 3104 574 3145 se
597 3079 736 3156 habent,
768 3103 845 3145 nam
869 3100 989 3168 piantur
1014 3082 1057 3146 ad
1080 3102 1149 3144 rem
1172 3081 1311 3166 pertinet
1334 3077 1468 3164 ancipiti

239 3190 440 3255 diuinatione
464 3190 618 3276 persequi
642 3210 726 3275 quae
751 3210 857 3276 neque
880 3191 914 3252 in
938 3188 1107 3253 nascendo
1132 3210 1231 3274 opere
1255 3187 1351 3250 ullius
1376 3196 1469 3249 erant

240 3300 395 3363 momenti
420 3318 525 3383 neque
550 3298 681 3360 suntin
705 3296 946 3383 intellegendo,
974 3295 1008 3362 id
1039 3297 1221 3360 certissime
1246 3304 1375 3359 constat
1398 3290 1467 3357 Va·

239 3406 353 3469 lenium
379 3407 530 3492 angustis
553 3417 678 3469 tantum
702 3404 909 3469 facultatibus
933 3402 1129 3490 modicaque
1152 3425 1249 3467 usum
1274 3401 1467 3466 condicione

241 3514 338 3599 paule
362 3514 529 3578 laetiorem
552 3515 639 3577 uitae
664 3524 783 3579 statum
812 3511 1062 3597 modestamque
1092 3510 1258 3597 quandam
1281 3509 1467 3570 felicitatem

241 3620 318 3685 Sex.
342 3618 502 3706 Pompeii,
525 3622 665 3707 potentis
680 3621 816 3685 fautoris
842 3630 872 3683 et
893 3619 1001 3692 aurici,
1024 3616 1263 3680 beniuolentiae
1288 3636 1326 3678 ac
1350 3612 1467 3677 libera-

238 3728 322 3791 litati
353 3728 517 3792 debuisse.
565 3728 768 3816 (iolliguntur
794 3727 878 3791 haee
902 3748 920 3788 e
944 3725 1078 3798 solatio,
1110 3723 1196 3811 quod
1220 3732 1371 3809 respectu
1392 3740 1469 3806 pat·-

238 3835 308 3898 unli
333 3837 385 3900 sui
407 3858 526 3900 census
550 3838 583 3900 in
608 3838 789 3922 priscorum
813 3834 1049 3906 Romanorum,
1073 3830 1329 3907 Publicolarum,
1357 3832 1469 3896 Aemi·

202 3962 207 3969 ·
239 3942 370 4016 liorum,
394 3943 635 4019 Fabriciorum,
666 3944 835 4008 Curiorum
859 3954 1049 4028 paupertate
1073 3942 1216 4027 repperit
1238 3940 1316 4015 llll,
1347 3942 1385 4014 4,
1417 3940 1468 4012 ll,
1516 4002 1519 4007 .

239 4072 316 4115 cum
341 4072 378 4115 se
402 4053 509 4137 ipsum
535 4050 778 4139 quodammodo
802 4072 868 4115 non
889 4052 1054 4137 excipiens
1079 4048 1240 4113 inuehitur·
1262 4050 1297 4112 in
1321 4070 1390 4120 eos,
1415 4047 1470 4132 qui

238 4156 407 4222 modicam
419 4159 583 4223 fortunam
596 4178 775 4245 numquam
788 4158 940 4245 querellis
953 4180 1094 4222 uacuam
1114 4180 1189 4220 esse
1206 4156 1317 4219 sinant
1330 4173 1468 4239 eamque

239 4266 340 4353 quasi
369 4268 581 4352 praecipuum
612 4266 744 4353 generis
776 4266 912 4330 humani
941 4264 1065 4329 malum
1102 4264 1274 4328 cotidianis
1310 4261 1469 4327 conuiciis

238 4372 395 4447 lacerent,
419 4386 451 4437 et
474 4375 544 4438 sine
563 4373 760 4460 ambagibus
784 4374 933 4437 dicuntur
956 4372 1026 4447 llll,
1052 4374 1082 4448 7,
1106 4384 1168 4435 ext.
1182 4373 1213 4445 2,
1237 4371 1291 4435 ubi
1314 4371 1371 4458 pia
1393 4389 1469 4454 gra·

305 4604 333 4742 il
352 4602 491 4731 fibug'02i
507 4602 688 4729 gigaphi&
707 4679 842 4729 Maximus
862 4676 995 4729 Sacerdos
1019 4679 1047 4727 in
1066 4675 1211 4740 sepulcrali
1234 4674 1309 4724 titulo
1335 4689 1377 4738 ap.
1398 4672 1470 4724 Grut.

235 4770 262 4819 p.
284 4748 348 4811 ³1³.
366 4750 399 4809 42
419 4754 499 4807 alins,
525 4752 574 4800 sed
594 4752 629 4800 sd
647 4752 760 4801 eandem
779 4751 908 4799 furnillam
926 4750 1077 4814 pertiuenS,
1099 4748 1145 4798 ille
1163 4748 1311 4806 Maximus,
1338 4747 1382 4812 qui
1401 4762 1470 4796 eom·

236 4827 404 4878 memoretur
423 4842 441 4875 a
459 4822 544 4874 Plinio
563 4822 608 4882 Vl,
627 4837 687 4888 epp.
707 4818 732 4883 8,
751 4818 778 4883 l,
796 4823 878 4873 heres
898 4822 999 4872 Valerii
1016 4820 1155 4869 cuiusdam
1174 4819 1246 4868 Vari.

1214 4906 1259 4969 10
