3409 5400
1385 514 1428 597 ld

196 681 364 751 hinccine
387 680 433 749 de'
451 682 577 751 immin.
599 682 673 751 Lat,
695 681 776 775 ling.
800 696 935 764 seneca,
958 676 1076 753 Mblle'r
1098 684 1175 751 bist.
1199 688 1269 753 crit.
1300 688 1376 753 cinl.
1400 710 1428 755 z.

195 794 336 859 kenntn.
359 792 391 857 d.
416 792 470 859 alt.
494 792 651 859 sobrilist.
674 793 723 870 V,
752 817 784 881 p.
808 794 890 871 348,
925 796 1110 882 nuperrime
1133 792 1329 860 Dirltsenius
1353 796 1374 860 l.
1398 818 1428 861 c.

196 924 233 989 p.
257 900 379 976 6-15,
402 902 533 987 spurias
558 922 634 967 esse
656 922 773 968 omncs
795 900 859 967 bas
882 903 1031 969 rubricas
1051 903 1167 969 merito
1183 902 1429 979 contenderunt,

197 1030 404 1096 quamquam
419 1007 587 1075 Dirksenii
603 1009 734 1096 quidem
751 1020 947 1099 argumenta
963 1012 1146 1077 accuratius
1169 1030 1256 1077 nunc
1280 1011 1428 1076 excussis

195 1115 328 1181 Valerii
358 1116 526 1181 codicibus
559 1138 686 1205 magna
722 1139 763 1183 ex
797 1130 890 1205 parte
921 1118 965 1184 ad
993 1119 1117 1187 irritum
1145 1118 1277 1185 cudunt.
1327 1118 1428 1184 Prae&

196 1236 337 1311 postera
358 1235 468 1290 autem
491 1221 575 1289 bac'c
599 1226 806 1312 grammatici
834 1226 1024 1301 cuiusdam,
1054 1236 1088 1290 ut
1118 1225 1270 1315 equidem
1301 1228 1428 1313 opinor,

196 1354 282 1397 cura
309 1332 377 1396 iam
405 1332 670 1418 antiquissimum
697 1333 845 1397 codicem
877 1354 1060 1420 occupasse
1090 1332 1199 1412 debet,
1228 1354 1302 1399 curn
1331 1330 1428 1421 plane

195 1440 325 1505 diuersi
347 1449 459 1516 testes,
482 1438 569 1504 cod·
583 1445 622 1506 11
645 1448 678 1504 et
707 1439 780 1505 cod.
805 1438 1013 1529 archetypus,
1045 1428 1173 1507 summo
1205 1461 1372 1510 consensu
1393 1442 1429 1508 in

198 1534 243 1611 ea
265 1548 465 1633 conspirent.
652 1535 655 1540 ’
1338 1568 1343 1577 “

288 1652 352 1719 Hic
375 1654 624 1742 antiquissimus
642 1652 794 1720 'omnium
815 1652 898 1720 liber
926 1665 957 1719 et
986 1655 1169 1720 communis
1201 1656 1345 1721 omnium
1373 1678 1429 1721 oo·

197 1762 313 1828 dicum
335 1782 411 1826 cum
424 1762 626 1849 integrorum
642 1774 710 1828 tum
728 1761 991 1829 abbreuiatorum
1012 1764 1107 1851 quasi
1119 1784 1252 1853 parens,
1276 1764 1318 1830 ad
1336 1765 1428 1829 ceritis

196 1870 423 1935 testimonium
445 1869 481 1933 in
502 1868 704 1934 restituendo
727 1867 853 1933 Valerii
881 1891 982 1957 opere
1012 1871 1207 1959 ubicumque
1238 1870 1314 1936 licet
1335 1872 1428 1936 rede·

196 1998 297 2042 arnus
319 1985 455 2063 oportet,
480 1998 547 2064 qua
569 1986 676 2043 aetate
698 1977 796 2041 fucrit
818 1978 959 2064 scriptus
982 1998 1041 2066 pro
1065 1990 1153 2044 certo
1176 1978 1323 2045 indicare
1345 1978 1429 2046 uelle

196 2084 365 2149 temerarii
388 2093 488 2149 essct.
533 2082 579 2148 At
599 2086 630 2149 si
644 2086 835 2153 meminoris
860 2084 983 2171 aliquot
999 2086 1114 2153 saltem
1130 2088 1286 2153 librorum
1308 2088 1429 2153 seriem

196 2212 239 2256 ex
259 2212 302 2255 co
325 2188 445 2256 deduci
467 2188 632 2267 debuisse,
660 2202 836 2280 antequam
859 2192 1026 2259 Rusticius
1053 2194 1223 2283 Hclpidius
1246 2190 1429 2258 Paridense

197 2296 368 2385 exemplar
398 2297 612 2375 describeret,
641 2311 828 2377 exaratum,
857 2312 894 2365 ut
920 2302 1161 2388 praediximus,
1190 2302 1278 2365 circa
1307 2320 1430 2364 annum

196 2406 265 2472 500
287 2428 322 2492 p.
346 2404 424 2469 cnr.
447 2427 496 2481 n.,
526 2405 624 2471 facile
647 2410 856 2473 concesseris
880 2428 954 2475 eum
983 2408 1104 2473 abillo
1132 2408 1303 2472 minimum
1331 2406 1428 2469 unius

195 2510 327 2577 caecidi
354 2512 462 2598 spatio
490 2512 634 2578 diuisum
663 2514 720 2579 uix
753 2526 831 2600 post
865 2526 987 2581 annum
1017 2515 1085 2581 400
1119 2500 1238 2579 conlioi
1271 2510 1429 2599 potuisse.

196 2620 451 2708 Aequiescimus
473 2619 509 2684 in
531 2617 596 2685 bac
618 2622 775 2709 temporis
799 2621 1003 2700 delinitione,
1034 2642 1100 2711 qua
1130 2619 1332 2685 subtiliorem
1355 2619 1429 2684 ausi

195 2749 266 2793 mn
281 2749 409 2803 eumue,
425 2729 663 2793 accuratiorem
677 2748 720 2793 ne
736 2729 888 2817 expedire
905 2729 1037 2818 quidem
1053 2729 1258 2804 arbitramur,
1282 2728 1429 2815 satisque

194 2832 361 2900 babemus
383 2831 516 2899 Paridis
546 2846 578 2898 et
604 2833 774 2922 archetypi
800 2836 876 2902 libri
904 2857 1104 2902 consensum
1135 2835 1179 2901 ad
1206 2835 1428 2901 testimonium

196 2942 318 3006 aetatis
342 2939 503 3018 retulisse,
526 2943 578 3008 cui
603 2953 726 3030 quatita
748 2943 831 3008 lidos
846 2942 1019 3008 tribuenda
1041 2945 1084 3010 sit
1107 2942 1263 3008 docemur
1277 2941 1428 3006 Mediceo

196 3045 333 3135 Virgilii
356 3047 478 3125 codice,
501 3047 656 3115 disdnoto
680 3059 711 3112 et
732 3049 907 3116 emendato
932 3073 953 3117 a
975 3047 1092 3115 'lurcio
1115 3049 1212 3115 Rullo
1235 3047 1428 3136 Aproniano

195 3152 318 3219 eodem
339 3153 410 3218 sere
430 3166 588 3244 tempore,
616 3177 681 3243 quo
703 3156 871 3224 Rusticius
894 3155 1066 3245 Helpidius
1088 3155 1273 3225 Domnulus
1296 3153 1428 3221 Paridis

196 3260 365 3347 epitomen
387 3264 562 3329 recensuit.

287 3365 456 3458 integrum
487 3369 589 3459 igitur
629 3379 770 3438 summa
804 3373 950 3440 omnium
980 3369 1233 3440 Valerianorum
1271 3369 1428 3437 librorum

196 3472 262 3541 boc
292 3487 363 3554 est,

577 3567 674 3652 (Cod.
697 3570 960 3658 antiquissimus)

416 3695 1080 3814 ”““““”“““-“ἲπ)

713 3873 777 3924 Cod.
797 3871 856 3925 val
876 3837 1239 4013 quamsi.
1258 3883 1310 3936 quo
1328 3863 1427 4009 usus)

670 3869 712 4014 -(
766 3947 809 3996 est
825 3943 874 4120 lul..
893 3943 954 3994 Par.
1015 3867 1044 4011 )
1121 3943 1163 3992 est
1180 3939 1286 3995 ianuar.
1304 3941 1373 4008 Nep.

230 4105 312 4170 (⁶0¹³-
330 4103 484 4170 ΜΨ)
683 4117 774 4262 (Par.
784 4123 889 4173 emend.
904 4137 921 4173 a
936 4117 1044 4264 liclp.)

195 4194 504 4278 Am
713 4189 1013 4246 nomn.cnc.am.500.

471 4225 526 4294 (Χ)

362 4353 468 4437 —Q
521 4352 629 4436 El-
682 4369 745 4425 Par.
764 4373 822 4423 cod.
842 4371 903 4424 vat
917 4385 991 4423 saec.
1010 4367 1045 4423 X.

360 4439 391 4494 1)
443 4445 472 4496 Γ
536 4438 633 4496 MBF
1056 4435 1427 4507 Napocavatumxntt.

290 4548 453 4636 Superest
472 4560 510 4614 ut
531 4547 572 4616 de
594 4547 638 4614 iis
659 4548 743 4615 locis
767 4547 1025 4626 admoneamus,
1048 4549 1083 4614 in
1107 4545 1224 4635 quibus
1248 4545 1428 4632 scripturae

196 4653 294 4720 alteri
318 4654 471 4724 codicum
493 4658 609 4747 generi
629 4657 783 4744 propriae
804 4656 841 4721 in
857 4654 994 4723 altenrm
1008 4653 1187 4722 unuslatae
1202 4651 1430 4738 perturbarunt

196 4761 409 4832 diuemarm
438 4763 639 4833 familiarum
665 4765 870 4842 testimonia,
901 4765 1101 4854 quibusque,
1135 4762 1172 4832 ni
1199 4759 1281 4826 satis
1309 4760 1430 4828 uetusti
