3409 5400
331 538 352 602 2

330 705 447 766 uirtute
472 723 534 765 sua
556 700 639 763 iusto
663 710 839 788 sancteque
864 701 1051 789 gessissent
1068 701 1251 784 imperium,
1275 702 1384 768 diuino
1406 702 1526 770 celebra-

329 811 447 876 bantur
477 807 602 872 honore
634 821 665 872 et
693 810 728 872 in
760 809 895 874 deorum
935 830 1104 873 numerum
1143 812 1426 888 transferebantur,
1455 815 1528 877 unde

331 919 427 983 etiam
449 917 544 981 diuos
560 918 773 1003 imperatores
791 916 1006 1004 appellamus.
1053 917 1163 980 Genus
1179 940 1258 983 uero
1275 942 1368 984 suum
1383 933 1530 1006 paternum

331 1051 352 1092 a
372 1038 468 1115 gente
486 1025 632 1100 Valeria,
655 1038 836 1090 maternum
861 1049 881 1090 a
897 1025 1001 1090 Fabia
1018 1025 1151 1089 duxisse
1166 1027 1276 1103 fertur,
1299 1028 1385 1092 unde
1399 1027 1530 1093 Valerius

329 1133 493 1200 Maximus
519 1153 558 1198 ex
573 1147 709 1220 utraque
732 1133 859 1198 familia
882 1135 911 1198 ei
927 1156 1048 1198 nomen
1070 1145 1130 1197 est.
1174 1134 1225 1199 De
1249 1137 1341 1226 cuius
1356 1148 1449 1202 morte
1466 1139 1532 1200 certi

329 1241 410 1306 nihil
432 1252 539 1327 potest
563 1238 693 1306 afferri'

417 1350 564 1435 Apparet
588 1373 662 1414 esse
686 1349 782 1415 liuius
801 1349 1040 1437 compilationis
1060 1349 1199 1416 eandem
1213 1355 1430 1418 auctoritatem
1451 1364 1534 1439 atque

330 1457 467 1524 aliarum
490 1469 536 1522 tot
559 1457 714 1524 similium
737 1459 888 1534 uitarum,
913 1481 996 1546 quas
1010 1471 1138 1524 constat
1161 1482 1183 1524 a
1205 1459 1310 1524 doctis
1333 1460 1465 1526 librariis
1486 1483 1535 1524 uc-

328 1577 432 1632 terimi
455 1567 650 1652 scriptorum
673 1566 825 1652 operibus
842 1568 1023 1631 recentiore
1040 1566 1169 1632 demum
1190 1579 1335 1655 tempore
1347 1569 1538 1654 praepositas

327 1697 388 1739 nec
421 1673 494 1740 aliis
527 1695 567 1738 ex
604 1674 746 1738 fontibus
778 1673 968 1763 plerumque
997 1673 1135 1739 haustas
1168 1695 1243 1740 csse
1282 1695 1380 1762 quam
1414 1696 1545 1760 quorum.

329 1781 491 1868 hodieque
515 1781 610 1845 nobis
636 1791 746 1866 pateat
777 1783 895 1846 aditus
944 1781 1016 1862 Quo
1045 1785 1080 1845 fit
1108 1793 1143 1845 ut
1173 1804 1336 1856 errorum,
1366 1784 1418 1868 qui
1443 1784 1475 1845 in
1505 1804 1542 1844 ra

327 1889 444 1975 prolati
468 1899 543 1952 sunt
573 1889 653 1952 satis
677 1889 785 1964 multi,
816 1911 1045 1977 nugarumque
1074 1901 1200 1954 tantum
1230 1911 1298 1954 non
1321 1891 1461 1953 omnium
1483 1890 1542 1951 ori·

328 1997 423 2084 gincs
447 2008 478 2059 et
502 2017 622 2060 causae
647 1995 742 2060 facile
767 1996 981 2060 declarentur.
1028 1995 1098 2060 Sed
1122 1995 1162 2059 de
1187 1996 1326 2084 singulis
1354 1995 1448 2059 rebus
1472 1995 1545 2057 data

329 2103 505 2168 occasione
528 2103 674 2188 pluribus
699 2104 920 2179 disseremus3
950 2124 1052 2168 unum
1082 2104 1161 2167 illud
1183 2103 1248 2167 hoc
1271 2105 1344 2170 loco
1367 2125 1433 2167 non
1453 2125 1545 2189 prae·

327 2211 566 2276 termittandum
581 2212 703 2296 putaui,
721 2213 849 2277 etiamsi
864 2210 905 2276 ab
920 2222 1113 2298 argmnento
1131 2222 1163 2274 ct
1174 2234 1195 2276 a
1209 2222 1275 2276 toto
1288 2211 1420 2276 dicendi
1431 2232 1547 2298 genere

324 2342 392 2384 non
416 2331 505 2384 esset
527 2331 683 2405 suspecta
698 2318 781 2384 haec
798 2321 876 2395 uita,
900 2341 1030 2385 omnem
1050 2329 1161 2385 tamen
1184 2321 1215 2382 ei
1237 2319 1336 2384 fidem
1359 2319 1550 2406 abrogatum

324 2427 366 2493 iri
395 2425 544 2492 codicum
569 2423 822 2494 Valerianorum
844 2429 971 2494 ratione
995 2449 1034 2492 ac
1057 2439 1189 2501 natura,
1214 2447 1308 2513 quae,
1331 2437 1366 2489 ut
1388 2427 1474 2490 infra
1496 2425 1551 2487 de·

325 2535 592 2610 monstrabimus,
616 2531 801 2600 recentiore
821 2535 930 2622 aliquo
953 2535 1036 2600 libro
1061 2537 1189 2609 tradita,
1213 2535 1279 2598 nisi
1302 2533 1419 2598 eadem
1443 2533 1551 2598 autin

302 2659 313 2727 3
326 2641 447 2727 optimo
487 2653 519 2706 et
561 2644 846 2729 praestantissimo
884 2653 997 2707 nostro
1033 2653 1090 2707 aut
1122 2644 1157 2707 in
1189 2641 1355 2729 plerisque
1390 2641 1507 2708 saltem
1537 2659 1551 2700 c

325 2746 458 2833 reliquis
482 2748 627 2813 melioris
652 2760 748 2815 notae
771 2748 948 2824 habentur,
973 2752 1119 2835 genuina
1141 2760 1173 2810 et
1195 2751 1332 2835 antiqua
1352 2750 1461 2834 putari
1489 2766 1551 2809 non

324 2857 454 2942 patitur.

414 2961 715 3030 Eademcodieum
738 2962 821 3027 ratio
842 2963 951 3028 obstat
975 2985 1039 3048 quo
1062 2963 1171 3026 minus
1195 2962 1237 3026 iis
1254 2959 1478 3046 astipulamur,
1503 2945 1551 3045 qu

325 3094 528 3162 praenomen
539 3067 666 3135 Valerii
690 3082 744 3137 aut
763 3069 872 3135 Publii
895 3083 951 3136 aut
970 3070 1076 3134 Marci
1098 3071 1203 3134 firisse
1227 3079 1419 3134 statuerunt.
1468 3066 1551 3147 Quo·

324 3202 398 3245 rum
421 3180 680 3266 praenominum,
711 3200 785 3243 cum
802 3178 1070 3243 confirmantibus
1086 3200 1147 3243 nee
1162 3178 1354 3244 melioribus
1377 3176 1472 3241 libris
1499 3197 1551 3238 nc«

324 3288 405 3354 lulio
430 3286 551 3352 Paride
575 3298 630 3351 aut
652 3284 805 3351 Ianuario
828 3285 1030 3372 Nepotiane,
1060 3289 1222 3352 factorum
1246 3297 1278 3349 et
1301 3285 1466 3348 dictorum
1491 3304 1548 3348 me

360 3395 531 3460 orabilirun
555 3393 832 3479 epitomatoribuS,
858 3393 994 3459 alterum
1010 3394 1115 3459 codex
1130 3395 1262 3483 quidam
1279 3392 1455 3456 Medieeus
1473 3389 1551 3474 aput

319 3418 358 3569 ll*1
353 3504 526 3577 orrenium,
545 3501 680 3568 alterum
692 3500 868 3565 Leidensis
880 3502 1005 3586 primus
1017 3501 1149 3578 ibidem,
1162 3515 1296 3589 uterque
1308 3499 1399 3565 haud
1412 3518 1548 3584 magna

326 3611 526 3679 auctoritatis
552 3610 711 3685 exhibeat,
741 3632 818 3674 uero
842 3612 1057 3695 praenomine
1080 3611 1147 3676 iam
1171 3609 1294 3674 dudum
1318 3606 1511 3673 oblitterato
1539 3625 1551 3665 e

323 3718 388 3782 hoc
409 3730 438 3781 et
464 3718 542 3782 illud
563 3743 584 3783 a
602 3719 743 3785 librariis
764 3720 931 3783 inuentum
957 3740 1033 3783 esse
1060 3740 1119 3804 pro
1146 3730 1233 3782 certo
1258 3727 1367 3801 potest
1387 3715 1548 3777 affirmar

414 3824 560 3889 Patriam
584 3824 710 3890 Valerii
741 3827 849 3911 ipsam
881 3827 995 3891 urbem
1018 3837 1096 3910 puto
1120 3826 1225 3888 fuisse
1248 3822 1401 3890 Romam,
1436 3818 1476 3879 1¹1
1503 3838 1551 3899 qu

326 3942 411 3996 eerte
435 3932 613 3995 maximam
635 3932 721 3995 uitae
745 3944 872 4017 partem
896 3932 997 4016 degit.
1049 3930 1100 3993 De
1133 3929 1260 4012 origine
1285 3927 1371 3997 aius,
1403 3934 1443 3985 ut
1468 3944 1551 4008 prae

326 4050 448 4103 tercam
472 4038 733 4125 nugacissimam
756 4038 846 4102 illam
870 4038 1069 4122 opinionem,
1094 4057 1160 4121 qua
1181 4035 1269 4097 uitae
1290 4042 1404 4096 auctor
1422 4028 1551 4093 Maxin

327 4145 523 4232 cognomine
548 4145 702 4231 deceptus
727 4146 919 4229 scriptorem
942 4154 1125 4207 maternum
1149 4162 1254 4228 genus
1287 4162 1308 4203 a
1330 4137 1443 4203 Fabia
1470 4153 1551 4222 gent

327 4252 460 4316 duxisse
483 4251 654 4337 perhibuit,
679 4252 851 4317 refutatam
876 4274 896 4315 a
913 4249 1075 4315 Mitalerio
1100 4250 1155 4330 (cf.
1168 4249 1272 4335 praef.
1293 4258 1325 4310 et
1347 4244 1466 4309 dedic.
1495 4263 1551 4305 an·

328 4358 474 4425 Torrenii
499 4359 712 4447 exemplum),
736 4360 861 4446 ambigi
885 4369 970 4422 certe
995 4368 1102 4443 potest
1123 4369 1230 4421 utrum
1252 4353 1433 4428 Valerius,
1472 4371 1551 4437 que]

324 4466 524 4535 admodum
548 4479 684 4533 censent
704 4468 768 4532 uiri
797 4465 935 4550 docti¹),
958 4466 1097 4553 patricia
1115 4462 1322 4529 Valeriorum
1344 4472 1451 4550 gente
1481 4471 1551 4522 ortt

389 4739 415 4804 Ι)
433 4742 514 4802 Snxe,
533 4754 618 4791 onom.
638 4737 658 4799 l,
677 4754 703 4804 p.
723 4732 783 4789 335
822 4738 851 4789 G.
870 4736 901 4787 Β.
919 4736 1030 4797 Mulier,
1056 4736 1152 4787 einleit.
1177 4749 1199 4786 z.
1219 4733 1359 4786 kenntuiss
1392 4730 1421 4781 d.
1454 4730 1511 4780 alt.
1537 4729 1550 4781 1

323 4814 451 4864 schriitst
471 4815 503 4876 V,
520 4830 547 4879 p.
566 4808 627 4865 233.
664 4813 745 4873 Bthr,
767 4810 842 4863 Rom.
861 4810 937 4861 litter.
956 4809 1050 4877 gesch.
1070 4808 1102 4871 li,
1120 4825 1147 4873 p.
1169 4802 1227 4859 127.
1248 4801 1332 4858 edd·
1375 4883 1382 4892 ‚
