3409 5400
258 529 324 595 228
643 510 703 577 Du
727 501 952 575 CENSORIA
972 498 1104 566 NOTA.

259 682 385 772 Lepido
409 677 538 761 collega
548 694 609 739 suo
627 692 702 735 cum
719 668 871 733 omnibus
889 662 1057 727 seditiosis
1080 658 1186 742 copiis
1210 654 1350 718 extincto
1373 661 1483 713 tanim

259 789 461 857 moderatum
489 802 569 867 prae
601 800 636 843 se
665 777 774 841 ferens
799 771 957 858 gaudium
980 769 1016 831 in
1043 764 1157 828 urbem
1184 761 1325 831 reuertit.
1379 758 1483 821 Caius

260 898 357 961 etiam
374 890 546 961 Antonius,
565 884 721 951 Catilinae
734 882 848 954 uictor,
865 878 1034 941 abstersos
1051 870 1181 958 gladios
1196 871 1231 933 in
1247 876 1358 931 castra
1368 861 1482 927 retulit.

259 1003 297 1067 L.
315 1000 421 1063 Cinna
436 1007 468 1059 et
484 994 520 1057 C.
535 991 661 1056 Marius
677 988 858 1051 hauserant
874 981 1005 1068 quidem
1020 976 1111 1042 auidi
1130 974 1259 1039 ciuilem
1276 972 1482 1058 sauguinem,

260 1108 321 1173 sed
344 1126 411 1169 non
434 1100 581 1186 protinus
611 1096 653 1159 ad
677 1092 797 1179 templa
825 1091 961 1155 deorum
991 1100 1022 1148 et
1050 1105 1126 1149 aras
1154 1081 1367 1146 tetenderunt.
1412 1074 1508 1145 lama

260 1214 298 1279 L.
316 1209 417 1296 Sylla,
440 1208 495 1293 qui
517 1204 658 1289 plurima
680 1200 767 1265 bella
789 1196 900 1261 ciuilia
922 1192 1072 1263 confecit,
1096 1190 1190 1253 cuius
1211 1182 1431 1251 crudelissimi
1453 1191 1484 1243 et

261 1312 509 1389 insolentissimi
526 1306 716 1387 ¹successus
745 1306 891 1375 fuerunt,
921 1322 995 1363 cum
1024 1305 1254 1361 consummata
1281 1305 1377 1378 atque
1405 1309 1483 1351 con·

262 1426 374 1489 stricta
402 1418 546 1507 potentia
574 1438 638 1479 sua
668 1409 868 1497 triumphum
899 1405 1047 1477 duceret,
1074 1413 1110 1465 ut
1133 1401 1293 1468 Graeciae
1322 1410 1354 1461 et
1381 1395 1484 1459 Asiae

261 1529 380 1593 multas
404 1525 513 1597 urbes,
537 1524 582 1586 ita
605 1520 726 1583 ciuium
748 1515 974 1581 Romanorum
997 1509 1121 1574 nullum
1145 1507 1303 1593 oppidum
1325 1505 1423 1567 uexit.

349 1632 446 1719 Piget
468 1629 639 1713 taedetque
662 1646 720 1711 per
743 1622 880 1687 uulnera
900 1622 948 1682 rei
969 1616 1118 1703 publicae
1141 1614 1272 1679 ulterius
1295 1608 1526 1698 procederaro

261 1740 426 1807 Lauream
453 1758 515 1800 nec
544 1744 679 1799 senatus
713 1732 867 1815 cuiquam
901 1724 991 1787 dedit
1018 1744 1079 1787 nec
1108 1724 1282 1808 quisquam
1321 1717 1386 1783 sibi
1412 1714 1485 1777 dari

262 1844 463 1912 desiderauit
497 1840 637 1903 ciuitatis
679 1848 770 1924 parte
804 1834 1005 1899 lacrimante.
1065 1829 1217 1892 Ceterum
1251 1826 1296 1893 ad
1329 1842 1486 1909 quercum

261 1972 386 2040 pronae
409 1968 527 2013 manus
551 1946 770 2031 porriguntur,
792 1942 848 2005 ubi
872 1937 915 2003 ob
942 1938 1033 1999 ciues
1056 1947 1207 2003 seruatos
1230 1953 1353 1997 corona
1375 1927 1487 1991 danda

263 2070 323 2125 est.
370 2054 445 2137 Qua
468 2064 581 2140 postes
605 2062 766 2141 augustae
790 2048 908 2113 domus
932 2047 1132 2132 sempiterna
1147 2042 1253 2129 gloria
1274 2034 1486 2121 triumphant

768 2348 981 2370 ‘m

559 2753 565 2770 .
609 2735 610 2740 ¹
645 2705 705 2770 DE
731 2700 956 2766 CENSORIA
983 2697 1114 2765 NOTA.
1498 2717 1527 2760 rs

197 2909 256 2976 IX.
357 2901 543 2967 Castrensis
568 2898 761 2983 disciplinae
789 2897 1035 2960 tenacissimum
1058 2891 1235 2968 uinculum,
1259 2895 1317 2972 [et]
1339 2892 1487 2957 militaris

266 3011 401 3077 rationis
426 3005 568 3092 diligens
592 3003 790 3077 obseruatio,
815 3001 971 3066 admonet
992 3022 1044 3065 me
1068 3012 1102 3066 ut
1124 2999 1167 3064 ad
1184 3021 1369 3074 censuram,
1393 3000 1487 3084 pacis

265 3118 459 3203 magistram
495 3109 748 3195 custodemque,
784 3107 1019 3194 transgrediar.
1073 3105 1158 3192 Nam
1193 3116 1227 3169 ut
1261 3127 1341 3192 opes
1376 3103 1488 3191 populi

266 3222 408 3288 Romani
428 3221 464 3284 in
487 3227 611 3282 tantum
636 3213 859 3301 amplitudinis
883 3215 1116 3299 imperatorum
1140 3212 1311 3276 uirtutibus
1334 3233 1488 3276 excesse-

266 3339 354 3403 runt,
382 3327 428 3390 ita
455 3323 600 3412 probitas
630 3333 661 3384 et
687 3321 887 3386 continentia
917 3322 1069 3384 censorio
1098 3317 1271 3404 supercilio
1303 3319 1527 3383 examinatam

271 3487 294 3542 l.
311 3485 412 3552 tamen]
432 3489 534 3536 lantum
552 3482 579 3537 Ε
598 3488 624 3534 et
640 3481 667 3533 ia
685 3495 782 3533 rasura
800 3480 831 3540 A.
853 3479 930 3533 Torr.
948 3496 997 3534 ora.
1015 3479 1042 3532 B
1061 3486 1086 3531 et
1098 3493 1144 3547 pr.
1165 3475 1257 3546 0112.
1276 3481 1417 3530 reuertitur
1435 3476 1487 3529 cD

268 3557 378 3612 ETorr.
393 3555 405 3628 ll
420 3553 445 3610 3.
464 3558 599 3608 colelinae
617 3553 645 3606 D
664 3559 690 3605 et
704 3568 747 3622 pr.
766 3551 798 3605 A.
810 3553 822 3620 ΙΙ
840 3549 865 3605 5.
884 3553 952 3620 lam]
978 3554 1044 3603 item
1065 3549 1141 3602 Torr.
1161 3550 1174 3613 ΙΙ
1192 3548 1218 3602 li.
1242 3556 1268 3600 ct
1287 3551 1489 3601 insolentissimi

267 3645 316 3681 am.
336 3627 363 3680 C.
383 3627 395 3694 11
417 3627 459 3682 10.
477 3629 550 3678 tedet
567 3629 693 3694 pigetque
711 3623 746 3678 Ε.
764 3625 778 3693 ΙΙ
797 3621 836 3677 15.
857 3624 963 3691 Nora]
984 3619 1202 3674 SEVERITATE
1222 3621 1299 3673 Tcrr.
1320 3619 1332 3692 ΙΙ
1356 3618 1395 3675 tlt.
1415 3625 1489 3672 tona·

268 3703 404 3752 cisstmum
414 3695 525 3765 -(17.)
545 3701 655 3749 rationis
674 3711 723 3750 om.
742 3695 774 3748 Γ.
784 3697 799 3765 Η
812 3697 849 3762 et]
868 3695 925 3747 riae
939 3695 1014 3748 ands
1032 3693 1109 3747 Torr.
1121 3691 1136 3764 {1
1154 3691 1194 3747 ti.
1213 3696 1358 3744 admonent
1369 3707 1438 3744 corr.
1451 3689 1489 3744 D.

268 3877 297 3924 ut
333 3887 383 3923 rrae
401 3875 545 3936 prodiderit
563 3889 597 3923 ne
615 3889 713 3924 nexum
732 3876 837 3938 quidem
855 3876 975 3926 habeant
997 3889 1056 3924 cum
1078 3889 1157 3931 uero,
1179 3874 1338 3936 praesertim
1363 3888 1422 3922 cum
1441 3871 1488 3926 tx.

266 3940 297 4001 4,
315 3891 339 3992 C
363 3944 495 4005 Opimium
515 3946 606 4003 contra
625 3947 652 3994 C.
672 3945 820 3993 Gracchum
839 3947 956 3993 stantem
970 3946 1226 3997 commemoraueril.
1262 3943 1316 3993 Scd
1328 3959 1382 3993 non
1400 3943 1490 4009 magia

266 4015 336 4062 unde
355 4013 521 4062 librariorum
539 4015 630 4062 tantus
649 4027 722 4062 error
741 4017 814 4063 ortus
837 4015 872 4062 sil
896 4016 1006 4078 assequi
1031 4016 1174 4077 potuimus.
1219 4017 1314 4077 ltaque
1333 4016 1402 4064 satis
1420 4028 1489 4063 nunc

267 4084 373 4146 quidem
392 4084 523 4131 habemns
542 4084 659 4132 indicare
679 4085 774 4132 uulnus
793 4085 913 4147 peritiori
933 4086 1050 4135 fortasse
1068 4087 1171 4136 medico
1190 4087 1350 4137 sanandum.

339 4149 457 4203 Celerum
476 4148 513 4202 ad
529 4158 661 4218 quercum)
682 4155 719 4204 Cf.
740 4157 817 4205 Ouid.
837 4158 898 4205 mot.
917 4155 937 4210 1,
957 4150 1018 4204 562
1039 4157 1089 4206 Dio
1109 4159 1187 4207 Cass.
1206 4158 1274 4215 Lili,
1296 4151 1338 4209 tlt.

338 4225 385 4286 ix.
406 4221 452 4289 [et]
466 4219 591 4272 militaris
603 4221 725 4284 rationis)
743 4226 845 4287 Copula
855 4230 888 4284 et,
907 4242 987 4288 quam
1000 4243 1094 4277 omnes
1106 4230 1212 4278 tuentur
1229 4229 1289 4278 libri
1307 4227 1488 4290 manuscripti.

268 4296 331 4346 terri
349 4293 455 4345 omnino
473 4296 578 4355 ncqnit;
599 4309 685 4355 noque
708 4297 777 4345 cnirn
790 4297 915 4347 diuersae
934 4313 979 4347 res
992 4301 1054 4347 sunt
1072 4301 1220 4348 castrensis
1239 4300 1396 4366 disciplinae
1414 4301 1489 4348 lena·

268 4369 406 4418 tissimum
426 4366 557 4414 uinculum
577 4365 604 4414 et
621 4365 743 4416 militaris
763 4368 873 4417 rationis
893 4369 1009 4434 diligens
1021 4371 1175 4420 obseruatio
1191 4373 1241 4420 sed
1260 4386 1314 4420 una
1331 4370 1488 4429 eademqne.

267 4440 308 4491 An
334 4436 396 4504 quid
419 4449 482 4486 esse
507 4435 653 4486 castrensis
678 4437 833 4500 disciplinae
859 4440 992 4490 uinculum
1019 4440 1083 4489 illud
1107 4443 1310 4492 tenacissimum
1334 4441 1431 4503 quidue
1455 4455 1489 4488 eo

268 4509 395 4560 contineri
407 4511 540 4572 putemus,
559 4507 582 4556 si
595 4508 646 4556 huc
660 4508 694 4556 ub
708 4509 791 4560 altero
806 4511 975 4560 seiunxertsr
993 4512 1089 4561 Pmctd
1099 4514 1266 4580 dubioigitur
1278 4513 1419 4569 uinculum,
1436 4527 1490 4576 quo

267 4581 414 4631 castrensis
434 4573 721 4642 disciplina'coutineri
734 4581 833 4640 dicitur,
854 4583 915 4645 ipsa
926 4582 973 4630 illa
992 4583 1113 4632 militaris
1131 4585 1243 4634 rationis
1262 4585 1417 4634 obseruatio
1436 4587 1489 4640 est,

267 4665 321 4713 qua
340 4651 537 4714 comprehcndit
551 4653 643 4700 auctor
662 4666 704 4710 ca,
724 4667 793 4718 quac
806 4667 889 4718 snpra
907 4655 1077 4716 praecedenti
1097 4656 1184 4719 capite
1203 4655 1374 4718 exposuerat,
1394 4654 1490 4720 cuique

266 4735 300 4773 eo
319 4723 509 4774 sententiarum
527 4737 606 4784 nexu,
626 4739 706 4792 quam
724 4739 774 4775 nos
787 4725 982 4790 appositionem
1001 4726 1090 4776 dicere
1102 4727 1232 4788 solemus,
1249 4726 1388 4776 subiunxit
1405 4727 1491 4776 uerba
