<?xml version="1.0" encoding="UTF-8"?>
<!DOCTYPE html PUBLIC "-//W3C//DTD XHTML 1.0 Transitional//EN"
    "http://www.w3.org/TR/xhtml1/DTD/xhtml1-transitional.dtd">
<html xmlns="http://www.w3.org/1999/xhtml" xml:lang="en" lang="en">
 <head>
  <title>
</title>
<meta http-equiv="Content-Type" content="text/html;charset=utf-8" />
  <meta name='ocr-system' content='tesseract 3.04.00' />
  <meta name='ocr-capabilities' content='ocr_page ocr_carea ocr_par ocr_line ocrx_word'/>
</head>
<body>
  <div class='ocr_page' id='page_1' title='image "./valerimaximifac00parigoog_0304.png"; bbox 0 0 3409 5400; ppageno 0'>
   <div class='ocr_carea' id='block_1_1' title="bbox 611 530 1414 613">
    <p class='ocr_par' dir='ltr' id='par_1_1' title="bbox 611 530 1414 613">
     <span class='ocr_line' id='line_1_1' title="bbox 611 530 1414 613; baseline -0.006 -10"><span class='ocrx_word' id='word_1_1' title='bbox 611 532 694 603; x_wconf 74' lang='lat' dir='ltr'>mi.</span> <span class='ocrx_word' id='word_1_2' title='bbox 718 530 775 613; x_wconf 83' lang='lat'>111,</span> <span class='ocrx_word' id='word_1_3' title='bbox 798 530 835 601; x_wconf 82' lang='lat'>0.</span> <span class='ocrx_word' id='word_1_4' title='bbox 859 534 892 611; x_wconf 81' lang='lat'>7,</span> <span class='ocrx_word' id='word_1_5' title='bbox 914 542 946 610; x_wconf 70' lang='grc' dir='ltr'>ς.</span> <span class='ocrx_word' id='word_1_6' title='bbox 970 534 1000 601; x_wconf 95' lang='grc'>1.</span> <span class='ocrx_word' id='word_1_7' title='bbox 1310 572 1316 583; x_wconf 90' lang='grc'>-</span> <span class='ocrx_word' id='word_1_8' title='bbox 1348 530 1414 600; x_wconf 74' lang='lat'>287</span> 
     </span>
    </p>
   </div>
   <div class='ocr_carea' id='block_1_2' title="bbox 154 692 1419 2917">
    <p class='ocr_par' dir='ltr' id='par_1_2' title="bbox 191 692 1417 1101">
     <span class='ocr_line' id='line_1_2' title="bbox 282 692 1416 783; baseline -0.005 -22"><span class='ocrx_word' id='word_1_9' title='bbox 282 696 343 762; x_wconf 86' lang='lat' dir='ltr'>Gal</span> <span class='ocrx_word' id='word_1_10' title='bbox 365 696 453 761; x_wconf 87' lang='lat' dir='ltr'>lacto</span> <span class='ocrx_word' id='word_1_11' title='bbox 476 716 537 783; x_wconf 86' lang='lat' dir='ltr'>par</span> <span class='ocrx_word' id='word_1_12' title='bbox 558 695 615 761; x_wconf 91' lang='lat' dir='ltr'>illa</span> <span class='ocrx_word' id='word_1_13' title='bbox 639 694 772 771; x_wconf 87' lang='lat' dir='ltr'>fiducia,</span> <span class='ocrx_word' id='word_1_14' title='bbox 801 694 906 782; x_wconf 91' lang='lat' dir='ltr'>quod,</span> <span class='ocrx_word' id='word_1_15' title='bbox 932 705 1109 781; x_wconf 81' lang='lat' dir='ltr'><strong>postquam</strong></span> <span class='ocrx_word' id='word_1_16' title='bbox 1132 692 1278 759; x_wconf 82' lang='lat' dir='ltr'>Africam</span> <span class='ocrx_word' id='word_1_17' title='bbox 1301 694 1416 779; x_wconf 87' lang='lat' dir='ltr'>attigit,</span> 
     </span>
     <span class='ocr_line' id='line_1_3' title="bbox 191 797 1416 890; baseline -0.004 -23"><span class='ocrx_word' id='word_1_18' title='bbox 191 802 415 890; x_wconf 77' lang='lat' dir='ltr'><strong>speculatores</strong></span> <span class='ocrx_word' id='word_1_19' title='bbox 431 802 626 868; x_wconf 82' lang='lat' dir='ltr'><strong>Hannibalis</strong></span> <span class='ocrx_word' id='word_1_20' title='bbox 642 803 676 867; x_wconf 92' lang='lat' dir='ltr'>in</span> <span class='ocrx_word' id='word_1_21' title='bbox 692 802 811 867; x_wconf 88' lang='lat' dir='ltr'>castris</span> <span class='ocrx_word' id='word_1_22' title='bbox 828 800 1053 887; x_wconf 89' lang='lat' dir='ltr'>deprehensos</span> <span class='ocrx_word' id='word_1_23' title='bbox 1077 812 1108 864; x_wconf 91' lang='lat' dir='ltr'>et</span> <span class='ocrx_word' id='word_1_24' title='bbox 1124 801 1166 865; x_wconf 92' lang='lat' dir='ltr'>ad</span> <span class='ocrx_word' id='word_1_25' title='bbox 1182 822 1219 865; x_wconf 88' lang='lat' dir='ltr'>se</span> <span class='ocrx_word' id='word_1_26' title='bbox 1241 797 1416 885; x_wconf 88' lang='lat' dir='ltr'>perductos</span> 
     </span>
     <span class='ocr_line' id='line_1_4' title="bbox 191 906 1417 998; baseline -0.007 -23"><span class='ocrx_word' id='word_1_27' title='bbox 191 930 254 975; x_wconf 89' lang='lat' dir='ltr'>nec</span> <span class='ocrx_word' id='word_1_28' title='bbox 277 910 436 998; x_wconf 88' lang='lat' dir='ltr'>supplicio</span> <span class='ocrx_word' id='word_1_29' title='bbox 461 910 581 976; x_wconf 81' lang='lat' dir='ltr'><strong>adfecit</strong></span> <span class='ocrx_word' id='word_1_30' title='bbox 602 930 663 973; x_wconf 90' lang='lat' dir='ltr'>nec</span> <span class='ocrx_word' id='word_1_31' title='bbox 687 907 728 972; x_wconf 89' lang='lat' dir='ltr'>de</span> <span class='ocrx_word' id='word_1_32' title='bbox 753 908 900 973; x_wconf 90' lang='lat' dir='ltr'>consiliis</span> <span class='ocrx_word' id='word_1_33' title='bbox 924 929 964 971; x_wconf 91' lang='lat' dir='ltr'>ae</span> <span class='ocrx_word' id='word_1_34' title='bbox 987 908 1111 972; x_wconf 88' lang='lat' dir='ltr'>uiribus</span> <span class='ocrx_word' id='word_1_35' title='bbox 1134 906 1321 973; x_wconf 90' lang='lat' dir='ltr'>Poenorum</span> <span class='ocrx_word' id='word_1_36' title='bbox 1342 924 1417 989; x_wconf 92' lang='lat' dir='ltr'>per·</span> 
     </span>
     <span class='ocr_line' id='line_1_5' title="bbox 191 1010 1416 1101; baseline -0.005 -20"><span class='ocrx_word' id='word_1_37' title='bbox 191 1026 363 1082; x_wconf 88' lang='lat' dir='ltr'>cunctatus</span> <span class='ocrx_word' id='word_1_38' title='bbox 387 1030 447 1094; x_wconf 79' lang='lat' dir='ltr'>est,</span> <span class='ocrx_word' id='word_1_39' title='bbox 471 1017 531 1083; x_wconf 90' lang='lat' dir='ltr'>sed</span> <span class='ocrx_word' id='word_1_40' title='bbox 554 1017 643 1081; x_wconf 92' lang='lat' dir='ltr'>eirca</span> <span class='ocrx_word' id='word_1_41' title='bbox 657 1018 764 1081; x_wconf 89' lang='lat' dir='ltr'>omnis</span> <span class='ocrx_word' id='word_1_42' title='bbox 779 1013 966 1101; x_wconf 89' lang='lat' dir='ltr'>manipulos</span> <span class='ocrx_word' id='word_1_43' title='bbox 983 1014 1231 1101; x_wconf 79' lang='lat' dir='ltr'>diligentissime</span> <span class='ocrx_word' id='word_1_44' title='bbox 1247 1010 1416 1077; x_wconf 90' lang='lat' dir='ltr'>ducendos</span> 
     </span>
    </p>

    <p class='ocr_par' dir='ltr' id='par_1_3' title="bbox 166 1122 1417 1529">
     <span class='ocr_line' id='line_1_6' title="bbox 166 1122 1417 1212; baseline -0.002 -26"><span class='ocrx_word' id='word_1_45' title='bbox 166 1124 327 1199; x_wconf 76' lang='lat' dir='ltr'>tcurault,</span> <span class='ocrx_word' id='word_1_46' title='bbox 350 1124 634 1212; x_wconf 79' lang='lat' dir='ltr'>interrogatosque</span> <span class='ocrx_word' id='word_1_47' title='bbox 659 1145 701 1188; x_wconf 93' lang='lat' dir='ltr'>an</span> <span class='ocrx_word' id='word_1_48' title='bbox 725 1122 806 1187; x_wconf 90' lang='lat' dir='ltr'>satis</span> <span class='ocrx_word' id='word_1_49' title='bbox 827 1144 869 1186; x_wconf 90' lang='lat' dir='ltr'>ea</span> <span class='ocrx_word' id='word_1_50' title='bbox 892 1122 1169 1196; x_wconf 79' lang='lat' dir='ltr'>considerassent,</span> <span class='ocrx_word' id='word_1_51' title='bbox 1193 1140 1277 1208; x_wconf 91' lang='lat' dir='ltr'>quae</span> <span class='ocrx_word' id='word_1_52' title='bbox 1299 1137 1417 1205; x_wconf 87' lang='lat' dir='ltr'>specu·</span> 
     </span>
     <span class='ocr_line' id='line_1_7' title="bbox 189 1223 1416 1317; baseline -0.005 -22"><span class='ocrx_word' id='word_1_53' title='bbox 189 1228 252 1295; x_wconf 88' lang='lat' dir='ltr'>lari</span> <span class='ocrx_word' id='word_1_54' title='bbox 274 1228 358 1295; x_wconf 89' lang='lat' dir='ltr'>lussl</span> <span class='ocrx_word' id='word_1_55' title='bbox 381 1242 483 1306; x_wconf 89' lang='lat' dir='ltr'>erant,</span> <span class='ocrx_word' id='word_1_56' title='bbox 506 1229 645 1317; x_wconf 92' lang='lat' dir='ltr'>prandio</span> <span class='ocrx_word' id='word_1_57' title='bbox 663 1228 737 1293; x_wconf 87' lang='lat' dir='ltr'>dato</span> <span class='ocrx_word' id='word_1_58' title='bbox 761 1230 843 1315; x_wconf 88' lang='lat' dir='ltr'>ipsis</span> <span class='ocrx_word' id='word_1_59' title='bbox 858 1230 1076 1316; x_wconf 89' lang='lat' dir='ltr'>iumentisque</span> <span class='ocrx_word' id='word_1_60' title='bbox 1092 1246 1219 1304; x_wconf 65' lang='lat' dir='ltr'>eorump</span> <span class='ocrx_word' id='word_1_61' title='bbox 1235 1223 1416 1291; x_wconf 71' lang='lat' dir='ltr'>incolomes</span> 
     </span>
     <span class='ocr_line' id='line_1_8' title="bbox 191 1330 1415 1422; baseline -0.002 -22"><span class='ocrx_word' id='word_1_62' title='bbox 191 1334 324 1401; x_wconf 86' lang='lat' dir='ltr'>dimisit.</span> <span class='ocrx_word' id='word_1_63' title='bbox 372 1336 445 1419; x_wconf 81' lang='lat' dir='ltr'>Quo</span> <span class='ocrx_word' id='word_1_64' title='bbox 470 1348 536 1402; x_wconf 89' lang='lat' dir='ltr'>tam</span> <span class='ocrx_word' id='word_1_65' title='bbox 558 1335 655 1422; x_wconf 90' lang='lat' dir='ltr'>pleno</span> <span class='ocrx_word' id='word_1_66' title='bbox 684 1335 824 1400; x_wconf 90' lang='lat' dir='ltr'>tidueiae</span> <span class='ocrx_word' id='word_1_67' title='bbox 855 1336 968 1420; x_wconf 89' lang='lat' dir='ltr'>spiritu</span> <span class='ocrx_word' id='word_1_68' title='bbox 998 1338 1088 1422; x_wconf 92' lang='lat' dir='ltr'>prius</span> <span class='ocrx_word' id='word_1_69' title='bbox 1120 1336 1250 1401; x_wconf 89' lang='lat' dir='ltr'>animos</span> <span class='ocrx_word' id='word_1_70' title='bbox 1272 1330 1415 1398; x_wconf 89' lang='lat' dir='ltr'>hostium</span> 
     </span>
     <span class='ocr_line' id='line_1_9' title="bbox 191 1444 586 1529; baseline 0.003 -22"><span class='ocrx_word' id='word_1_71' title='bbox 191 1460 291 1529; x_wconf 91' lang='lat' dir='ltr'>quam</span> <span class='ocrx_word' id='word_1_72' title='bbox 314 1464 408 1510; x_wconf 89' lang='lat' dir='ltr'>arma</span> <span class='ocrx_word' id='word_1_73' title='bbox 430 1444 586 1511; x_wconf 87' lang='lat' dir='ltr'>contudit.</span> 
     </span>
    </p>

    <p class='ocr_par' dir='ltr' id='par_1_4' title="bbox 281 1546 1416 1623">
     <span class='ocr_line' id='line_1_10' title="bbox 281 1546 1416 1623; baseline -0.001 -11"><span class='ocrx_word' id='word_1_74' title='bbox 281 1546 407 1613; x_wconf 88' lang='lat' dir='ltr'>Verum</span> <span class='ocrx_word' id='word_1_75' title='bbox 424 1562 458 1615; x_wconf 95' lang='lat' dir='ltr'>ut</span> <span class='ocrx_word' id='word_1_76' title='bbox 473 1550 515 1616; x_wconf 89' lang='lat' dir='ltr'>ad</span> <span class='ocrx_word' id='word_1_77' title='bbox 540 1550 721 1615; x_wconf 88' lang='lat' dir='ltr'>domestica</span> <span class='ocrx_word' id='word_1_78' title='bbox 735 1548 806 1613; x_wconf 88' lang='lat' dir='ltr'>eius</span> <span class='ocrx_word' id='word_1_79' title='bbox 831 1548 970 1612; x_wconf 84' lang='lat' dir='ltr'>eximiae</span> <span class='ocrx_word' id='word_1_80' title='bbox 990 1547 1128 1612; x_wconf 86' lang='lat' dir='ltr'>fiduciae</span> <span class='ocrx_word' id='word_1_81' title='bbox 1145 1559 1220 1614; x_wconf 88' lang='lat' dir='ltr'>acta</span> <span class='ocrx_word' id='word_1_82' title='bbox 1233 1548 1416 1623; x_wconf 89' lang='lat' dir='ltr'>ueniamus,</span> 
     </span>
    </p>

    <p class='ocr_par' dir='ltr' id='par_1_5' title="bbox 154 1653 1419 2917">
     <span class='ocr_line' id='line_1_11' title="bbox 154 1653 1416 1743; baseline -0.002 -22"><span class='ocrx_word' id='word_1_83' title='bbox 154 1672 268 1721; x_wconf 83' lang='lat' dir='ltr'>iocum</span> <span class='ocrx_word' id='word_1_84' title='bbox 295 1676 317 1720; x_wconf 93' lang='lat' dir='ltr'>a</span> <span class='ocrx_word' id='word_1_85' title='bbox 338 1654 377 1720; x_wconf 88' lang='lat' dir='ltr'>L.</span> <span class='ocrx_word' id='word_1_86' title='bbox 401 1656 557 1743; x_wconf 82' lang='lat' dir='ltr'>Scipione</span> <span class='ocrx_word' id='word_1_87' title='bbox 585 1676 625 1721; x_wconf 88' lang='lat' dir='ltr'>ex</span> <span class='ocrx_word' id='word_1_88' title='bbox 647 1654 863 1732; x_wconf 85' lang='lat' dir='ltr'>Antiochensi</span> <span class='ocrx_word' id='word_1_89' title='bbox 891 1656 1031 1740; x_wconf 90' lang='lat' dir='ltr'>pecunia</span> <span class='ocrx_word' id='word_1_90' title='bbox 1054 1655 1195 1720; x_wconf 79' lang='lat' dir='ltr'>sestertii</span> <span class='ocrx_word' id='word_1_91' title='bbox 1217 1653 1416 1742; x_wconf 79' lang='lat' dir='ltr'>quadragies</span> 
     </span>
     <span class='ocr_line' id='line_1_12' title="bbox 190 1760 1416 1850; baseline -0.003 -23"><span class='ocrx_word' id='word_1_92' title='bbox 190 1762 273 1827; x_wconf 90' lang='lat' dir='ltr'>ratio</span> <span class='ocrx_word' id='word_1_93' title='bbox 296 1762 330 1827; x_wconf 91' lang='lat' dir='ltr'>in</span> <span class='ocrx_word' id='word_1_94' title='bbox 354 1764 444 1827; x_wconf 89' lang='lat' dir='ltr'>curia</span> <span class='ocrx_word' id='word_1_95' title='bbox 465 1773 702 1850; x_wconf 87' lang='lat' dir='ltr'>reposceretur,</span> <span class='ocrx_word' id='word_1_96' title='bbox 725 1762 886 1849; x_wconf 89' lang='lat' dir='ltr'>prolatum</span> <span class='ocrx_word' id='word_1_97' title='bbox 902 1761 944 1825; x_wconf 90' lang='lat' dir='ltr'>ab</span> <span class='ocrx_word' id='word_1_98' title='bbox 959 1780 1000 1825; x_wconf 91' lang='lat' dir='ltr'>eo</span> <span class='ocrx_word' id='word_1_99' title='bbox 1019 1760 1148 1837; x_wconf 93' lang='lat' dir='ltr'>librum,</span> <span class='ocrx_word' id='word_1_100' title='bbox 1172 1784 1238 1849; x_wconf 92' lang='lat' dir='ltr'>quo</span> <span class='ocrx_word' id='word_1_101' title='bbox 1262 1771 1416 1846; x_wconf 86' lang='lat' dir='ltr'>acceptae</span> 
     </span>
     <span class='ocr_line' id='line_1_13' title="bbox 192 1868 1417 1957; baseline 0 -26"><span class='ocrx_word' id='word_1_102' title='bbox 192 1878 225 1932; x_wconf 89' lang='lat' dir='ltr'>et</span> <span class='ocrx_word' id='word_1_103' title='bbox 253 1888 418 1953; x_wconf 86' lang='lat' dir='ltr'>expensae</span> <span class='ocrx_word' id='word_1_104' title='bbox 446 1890 595 1936; x_wconf 86' lang='lat' dir='ltr'>summae</span> <span class='ocrx_word' id='word_1_105' title='bbox 624 1868 871 1934; x_wconf 89' lang='lat' dir='ltr'>continebantur</span> <span class='ocrx_word' id='word_1_106' title='bbox 900 1868 1069 1957; x_wconf 85' lang='lat' dir='ltr'>refellique</span> <span class='ocrx_word' id='word_1_107' title='bbox 1090 1869 1297 1934; x_wconf 89' lang='lat' dir='ltr'>inimicorum</span> <span class='ocrx_word' id='word_1_108' title='bbox 1320 1890 1417 1934; x_wconf 89' lang='lat' dir='ltr'>accu-</span> 
     </span>
     <span class='ocr_line' id='line_1_14' title="bbox 192 1974 1417 2065; baseline -0.002 -24"><span class='ocrx_word' id='word_1_109' title='bbox 192 1978 276 2041; x_wconf 87' lang='lat' dir='ltr'>satio</span> <span class='ocrx_word' id='word_1_110' title='bbox 300 1988 436 2064; x_wconf 88' lang='lat' dir='ltr'>poterat,</span> <span class='ocrx_word' id='word_1_111' title='bbox 464 1976 646 2065; x_wconf 85' lang='lat' dir='ltr'>discerpsit,</span> <span class='ocrx_word' id='word_1_112' title='bbox 668 1975 860 2063; x_wconf 90' lang='lat' dir='ltr'>indignatus</span> <span class='ocrx_word' id='word_1_113' title='bbox 885 1976 926 2039; x_wconf 92' lang='lat' dir='ltr'>de</span> <span class='ocrx_word' id='word_1_114' title='bbox 950 1998 989 2041; x_wconf 88' lang='lat' dir='ltr'>ea</span> <span class='ocrx_word' id='word_1_115' title='bbox 1012 1996 1047 2040; x_wconf 91' lang='lat' dir='ltr'>re</span> <span class='ocrx_word' id='word_1_116' title='bbox 1071 1975 1220 2052; x_wconf 90' lang='lat' dir='ltr'>dubitari,</span> <span class='ocrx_word' id='word_1_117' title='bbox 1248 1998 1333 2064; x_wconf 85' lang='lat' dir='ltr'>quae</span> <span class='ocrx_word' id='word_1_118' title='bbox 1356 1974 1417 2041; x_wconf 88' lang='lat' dir='ltr'>sub</span> 
     </span>
     <span class='ocr_line' id='line_1_15' title="bbox 190 2080 1418 2171; baseline -0.002 -22"><span class='ocrx_word' id='word_1_119' title='bbox 190 2085 266 2169; x_wconf 88' lang='lat' dir='ltr'>ipso</span> <span class='ocrx_word' id='word_1_120' title='bbox 293 2082 403 2171; x_wconf 85' lang='lat' dir='ltr'>legato</span> <span class='ocrx_word' id='word_1_121' title='bbox 433 2082 659 2148; x_wconf 88' lang='lat' dir='ltr'>administrata</span> <span class='ocrx_word' id='word_1_122' title='bbox 688 2084 804 2149; x_wconf 88' lang='lat' dir='ltr'>fuerat.</span> <span class='ocrx_word' id='word_1_123' title='bbox 857 2082 946 2162; x_wconf 81' lang='lat' dir='ltr'>Quin</span> <span class='ocrx_word' id='word_1_124' title='bbox 980 2084 1079 2147; x_wconf 86' lang='lat' dir='ltr'>etiarn</span> <span class='ocrx_word' id='word_1_125' title='bbox 1107 2082 1142 2145; x_wconf 93' lang='lat' dir='ltr'>in</span> <span class='ocrx_word' id='word_1_126' title='bbox 1169 2080 1256 2147; x_wconf 92' lang='lat' dir='ltr'>hunc</span> <span class='ocrx_word' id='word_1_127' title='bbox 1283 2081 1418 2148; x_wconf 90' lang='lat' dir='ltr'>modum</span> 
     </span>
     <span class='ocr_line' id='line_1_16' title="bbox 157 2188 1418 2277; baseline 0 -26"><span class='ocrx_word' id='word_1_128' title='bbox 157 2190 271 2277; x_wconf 75' lang='lat' dir='ltr'>coegit,</span> <span class='ocrx_word' id='word_1_129' title='bbox 294 2188 381 2256; x_wconf 85' lang='lat' dir='ltr'>‘Non</span> <span class='ocrx_word' id='word_1_130' title='bbox 404 2189 516 2265; x_wconf 89' lang='lat' dir='ltr'>reddo,</span> <span class='ocrx_word' id='word_1_131' title='bbox 540 2200 650 2276; x_wconf 89' lang='lat' dir='ltr'>patres</span> <span class='ocrx_word' id='word_1_132' title='bbox 674 2188 866 2273; x_wconf 87' lang='lat' dir='ltr'>conscripti,</span> <span class='ocrx_word' id='word_1_133' title='bbox 891 2189 1017 2253; x_wconf 90' lang='lat' dir='ltr'>aerario</span> <span class='ocrx_word' id='word_1_134' title='bbox 1042 2201 1150 2255; x_wconf 86' lang='lat' dir='ltr'>uestro</span> <span class='ocrx_word' id='word_1_135' title='bbox 1174 2188 1316 2255; x_wconf 87' lang='lat' dir='ltr'>sestertii</span> <span class='ocrx_word' id='word_1_136' title='bbox 1338 2206 1418 2273; x_wconf 90' lang='lat' dir='ltr'>qua·</span> 
     </span>
     <span class='ocr_line' id='line_1_17' title="bbox 192 2292 1418 2384; baseline -0.003 -25"><span class='ocrx_word' id='word_1_137' title='bbox 192 2294 326 2384; x_wconf 87' lang='lat' dir='ltr'>dragies</span> <span class='ocrx_word' id='word_1_138' title='bbox 349 2297 521 2373; x_wconf 90' lang='lat' dir='ltr'>rationem,</span> <span class='ocrx_word' id='word_1_139' title='bbox 546 2295 644 2359; x_wconf 87' lang='lat' dir='ltr'>alieni</span> <span class='ocrx_word' id='word_1_140' title='bbox 666 2294 795 2378; x_wconf 89' lang='lat' dir='ltr'>imperii</span> <span class='ocrx_word' id='word_1_141' title='bbox 809 2295 968 2371; x_wconf 87' lang='lat' dir='ltr'>minister,</span> <span class='ocrx_word' id='word_1_142' title='bbox 992 2297 1080 2381; x_wconf 94' lang='lat' dir='ltr'>quod</span> <span class='ocrx_word' id='word_1_143' title='bbox 1101 2318 1175 2360; x_wconf 89' lang='lat' dir='ltr'>meo</span> <span class='ocrx_word' id='word_1_144' title='bbox 1199 2292 1296 2357; x_wconf 91' lang='lat' dir='ltr'>ductu</span> <span class='ocrx_word' id='word_1_145' title='bbox 1319 2293 1418 2356; x_wconf 90' lang='lat' dir='ltr'>meis·</span> 
     </span>
     <span class='ocr_line' id='line_1_18' title="bbox 193 2397 1418 2489; baseline -0.006 -21"><span class='ocrx_word' id='word_1_146' title='bbox 193 2422 255 2489; x_wconf 89' lang='lat' dir='ltr'>que</span> <span class='ocrx_word' id='word_1_147' title='bbox 280 2403 435 2489; x_wconf 89' lang='lat' dir='ltr'>auspiciis</span> <span class='ocrx_word' id='word_1_148' title='bbox 458 2402 510 2466; x_wconf 94' lang='lat' dir='ltr'>bis</span> <span class='ocrx_word' id='word_1_149' title='bbox 533 2400 650 2466; x_wconf 89' lang='lat' dir='ltr'>millies</span> <span class='ocrx_word' id='word_1_150' title='bbox 668 2399 818 2464; x_wconf 91' lang='lat' dir='ltr'>sestertio</span> <span class='ocrx_word' id='word_1_151' title='bbox 842 2399 975 2464; x_wconf 87' lang='lat' dir='ltr'>uberius</span> <span class='ocrx_word' id='word_1_152' title='bbox 998 2402 1072 2466; x_wconf 90' lang='lat' dir='ltr'>feci.</span> <span class='ocrx_word' id='word_1_153' title='bbox 1106 2401 1221 2488; x_wconf 87' lang='lat' dir='ltr'>Neque</span> <span class='ocrx_word' id='word_1_154' title='bbox 1244 2400 1331 2463; x_wconf 90' lang='lat' dir='ltr'>enim</span> <span class='ocrx_word' id='word_1_155' title='bbox 1354 2397 1418 2461; x_wconf 90' lang='lat' dir='ltr'>huc</span> 
     </span>
     <span class='ocr_line' id='line_1_19' title="bbox 191 2504 1418 2597; baseline -0.003 -24"><span class='ocrx_word' id='word_1_156' title='bbox 191 2520 270 2597; x_wconf 90' lang='lat' dir='ltr'>puto</span> <span class='ocrx_word' id='word_1_157' title='bbox 293 2512 360 2589; x_wconf 87' lang='lat' dir='ltr'>[eo]</span> <span class='ocrx_word' id='word_1_158' title='bbox 384 2508 596 2595; x_wconf 82' lang='lat' dir='ltr'>malignitatis</span> <span class='ocrx_word' id='word_1_159' title='bbox 614 2518 746 2571; x_wconf 88' lang='lat' dir='ltr'>uentum</span> <span class='ocrx_word' id='word_1_160' title='bbox 768 2515 803 2569; x_wconf 91' lang='lat' dir='ltr'>ut</span> <span class='ocrx_word' id='word_1_161' title='bbox 825 2504 867 2569; x_wconf 91' lang='lat' dir='ltr'>de</span> <span class='ocrx_word' id='word_1_162' title='bbox 889 2527 966 2571; x_wconf 92' lang='lat' dir='ltr'>mea</span> <span class='ocrx_word' id='word_1_163' title='bbox 986 2508 1172 2573; x_wconf 86' lang='lat' dir='ltr'>innocentia</span> <span class='ocrx_word' id='word_1_164' title='bbox 1195 2505 1418 2595; x_wconf 91' lang='lat' dir='ltr'>quaerendum</span> 
     </span>
     <span class='ocr_line' id='line_1_20' title="bbox 192 2610 1419 2700; baseline -0.004 -19"><span class='ocrx_word' id='word_1_165' title='bbox 192 2614 244 2681; x_wconf 87' lang='lat' dir='ltr'>sit.</span> <span class='ocrx_word' id='word_1_166' title='bbox 282 2612 369 2681; x_wconf 90' lang='lat' dir='ltr'>Nam</span> <span class='ocrx_word' id='word_1_167' title='bbox 393 2632 467 2679; x_wconf 90' lang='lat' dir='ltr'>cum</span> <span class='ocrx_word' id='word_1_168' title='bbox 487 2614 634 2679; x_wconf 87' lang='lat' dir='ltr'>Africam</span> <span class='ocrx_word' id='word_1_169' title='bbox 657 2622 758 2677; x_wconf 92' lang='lat' dir='ltr'>totam</span> <span class='ocrx_word' id='word_1_170' title='bbox 781 2613 933 2700; x_wconf 87' lang='lat' dir='ltr'>potestati</span> <span class='ocrx_word' id='word_1_171' title='bbox 956 2624 1086 2679; x_wconf 89' lang='lat' dir='ltr'>nestrae</span> <span class='ocrx_word' id='word_1_172' title='bbox 1109 2614 1315 2688; x_wconf 88' lang='lat' dir='ltr'>subiecerim,</span> <span class='ocrx_word' id='word_1_173' title='bbox 1337 2610 1419 2677; x_wconf 89' lang='lat' dir='ltr'>nihil</span> 
     </span>
     <span class='ocr_line' id='line_1_21' title="bbox 155 2721 1418 2808; baseline 0.003 -28"><span class='ocrx_word' id='word_1_174' title='bbox 155 2733 236 2787; x_wconf 78' lang='lat' dir='ltr'>soex</span> <span class='ocrx_word' id='word_1_175' title='bbox 259 2741 309 2797; x_wconf 89' lang='lat' dir='ltr'>ea,</span> <span class='ocrx_word' id='word_1_176' title='bbox 333 2721 421 2807; x_wconf 91' lang='lat' dir='ltr'>quod</span> <span class='ocrx_word' id='word_1_177' title='bbox 443 2743 552 2786; x_wconf 89' lang='lat' dir='ltr'>meum</span> <span class='ocrx_word' id='word_1_178' title='bbox 576 2721 747 2795; x_wconf 88' lang='lat' dir='ltr'>diceretur,</span> <span class='ocrx_word' id='word_1_179' title='bbox 770 2731 898 2806; x_wconf 81' lang='lat' dir='ltr'>praeter</span> <span class='ocrx_word' id='word_1_180' title='bbox 918 2741 1105 2808; x_wconf 87' lang='lat' dir='ltr'>cognomen</span> <span class='ocrx_word' id='word_1_181' title='bbox 1118 2723 1223 2789; x_wconf 88' lang='lat' dir='ltr'>retuli.</span> <span class='ocrx_word' id='word_1_182' title='bbox 1267 2722 1343 2787; x_wconf 93' lang='lat' dir='ltr'>Non</span> <span class='ocrx_word' id='word_1_183' title='bbox 1364 2741 1418 2786; x_wconf 91' lang='lat' dir='ltr'>me</span> 
     </span>
     <span class='ocr_line' id='line_1_22' title="bbox 192 2825 1416 2917; baseline -0.001 -23"><span class='ocrx_word' id='word_1_184' title='bbox 192 2827 292 2916; x_wconf 81' lang='lat' dir='ltr'>igitur</span> <span class='ocrx_word' id='word_1_185' title='bbox 305 2825 463 2904; x_wconf 87' lang='lat' dir='ltr'>Punicae,</span> <span class='ocrx_word' id='word_1_186' title='bbox 485 2849 552 2893; x_wconf 91' lang='lat' dir='ltr'>non</span> <span class='ocrx_word' id='word_1_187' title='bbox 574 2827 708 2894; x_wconf 88' lang='lat' dir='ltr'>fratrem</span> <span class='ocrx_word' id='word_1_188' title='bbox 731 2847 840 2892; x_wconf 90' lang='lat' dir='ltr'>meum</span> <span class='ocrx_word' id='word_1_189' title='bbox 863 2825 1032 2894; x_wconf 81' lang='lat' dir='ltr'>Asiaticae</span> <span class='ocrx_word' id='word_1_190' title='bbox 1056 2850 1160 2917; x_wconf 85' lang='lat' dir='ltr'>gazae</span> <span class='ocrx_word' id='word_1_191' title='bbox 1184 2852 1321 2898; x_wconf 89' lang='lat' dir='ltr'>auarum</span> <span class='ocrx_word' id='word_1_192' title='bbox 1343 2829 1416 2894; x_wconf 91' lang='lat' dir='ltr'>red·</span> 
     </span>
    </p>
   </div>
   <div class='ocr_carea' id='block_1_3' title="bbox 181 2979 1418 3769">
    <p class='ocr_par' dir='ltr' id='par_1_6' title="bbox 181 2979 1418 3769">
     <span class='ocr_line' id='line_1_23' title="bbox 192 2979 1415 3062; baseline 0.003 -24"><span class='ocrx_word' id='word_1_193' title='bbox 192 2979 219 3040; x_wconf 78' lang='grc'>3.</span> <span class='ocrx_word' id='word_1_194' title='bbox 237 2989 408 3053; x_wconf 86' lang='lat' dir='ltr'>percontatus</span> <span class='ocrx_word' id='word_1_195' title='bbox 430 2985 507 3041; x_wconf 85' lang='lat' dir='ltr'>Torr.</span> <span class='ocrx_word' id='word_1_196' title='bbox 518 2985 532 3056; x_wconf 92' lang='grc' dir='ltr'>ΙΙ</span> <span class='ocrx_word' id='word_1_197' title='bbox 543 2983 569 3042; x_wconf 78' lang='grc'>4.</span> <span class='ocrx_word' id='word_1_198' title='bbox 589 3001 682 3040; x_wconf 88' lang='lat' dir='ltr'>omnes</span> <span class='ocrx_word' id='word_1_199' title='bbox 692 2981 895 3042; x_wconf 71' lang='lat' dir='ltr'>suarum.</span> <span class='ocrx_word' id='word_1_200' title='bbox 911 2985 962 3060; x_wconf 75' lang='grc'><strong>116.</strong></span> <span class='ocrx_word' id='word_1_201' title='bbox 981 2985 1060 3058; x_wconf 86' lang='lat' dir='ltr'>ipsis]</span> <span class='ocrx_word' id='word_1_202' title='bbox 1074 3005 1123 3042; x_wconf 85' lang='lat' dir='ltr'>om.</span> <span class='ocrx_word' id='word_1_203' title='bbox 1137 2987 1164 3044; x_wconf 79' lang='lat' dir='ltr'>C.</span> <span class='ocrx_word' id='word_1_204' title='bbox 1183 2993 1223 3044; x_wconf 91' lang='lat' dir='ltr'>ets</span> <span class='ocrx_word' id='word_1_205' title='bbox 1235 2989 1290 3062; x_wconf 54' lang='lat' dir='ltr'>Iri!</span> <span class='ocrx_word' id='word_1_206' title='bbox 1312 2989 1415 3058; x_wconf 88' lang='lat' dir='ltr'>eorum]</span> 
     </span>
     <span class='ocr_line' id='line_1_24' title="bbox 192 3055 1416 3132; baseline 0.004 -25"><span class='ocrx_word' id='word_1_207' title='bbox 192 3059 311 3124; x_wconf 87' lang='lat' dir='ltr'>ipsorum</span> <span class='ocrx_word' id='word_1_208' title='bbox 329 3055 398 3112; x_wconf 84' lang='lat' dir='ltr'>DE.</span> <span class='ocrx_word' id='word_1_209' title='bbox 412 3057 424 3126; x_wconf 78' lang='lat' dir='ltr'>ll</span> <span class='ocrx_word' id='word_1_210' title='bbox 438 3060 585 3110; x_wconf 87' lang='lat' dir='ltr'>incolumes</span> <span class='ocrx_word' id='word_1_211' title='bbox 604 3055 757 3111; x_wconf 79' lang='lat' dir='ltr'><em>BGDEI&#39;</em></span> <span class='ocrx_word' id='word_1_212' title='bbox 773 3065 799 3111; x_wconf 84' lang='lat' dir='ltr'>et</span> <span class='ocrx_word' id='word_1_213' title='bbox 817 3073 887 3112; x_wconf 79' lang='lat' dir='ltr'>corr.</span> <span class='ocrx_word' id='word_1_214' title='bbox 905 3059 939 3116; x_wconf 75' lang='lat' dir='ltr'>A,</span> <span class='ocrx_word' id='word_1_215' title='bbox 962 3058 1038 3114; x_wconf 77' lang='lat' dir='ltr'>Torr.</span> <span class='ocrx_word' id='word_1_216' title='bbox 1052 3059 1064 3132; x_wconf 88' lang='grc' dir='ltr'>ΙΙ</span> <span class='ocrx_word' id='word_1_217' title='bbox 1079 3059 1104 3116; x_wconf 86' lang='grc'>8.</span> <span class='ocrx_word' id='word_1_218' title='bbox 1124 3065 1232 3116; x_wconf 87' lang='lat' dir='ltr'>contulit</span> <span class='ocrx_word' id='word_1_219' title='bbox 1246 3061 1278 3116; x_wconf 86' lang='lat' dir='ltr'>B.</span> <span class='ocrx_word' id='word_1_220' title='bbox 1300 3061 1342 3131; x_wconf 82' lang='grc'>19.</span> <span class='ocrx_word' id='word_1_221' title='bbox 1362 3063 1416 3113; x_wconf 88' lang='lat' dir='ltr'>exl·</span> 
     </span>
     <span class='ocr_line' id='line_1_25' title="bbox 193 3125 1418 3197; baseline 0.003 -16"><span class='ocrx_word' id='word_1_222' title='bbox 193 3131 264 3182; x_wconf 86' lang='lat' dir='ltr'>ratae</span> <span class='ocrx_word' id='word_1_223' title='bbox 283 3130 341 3180; x_wconf 86' lang='lat' dir='ltr'>eins</span> <span class='ocrx_word' id='word_1_224' title='bbox 362 3125 437 3182; x_wconf 86' lang='lat' dir='ltr'>Torr.</span> <span class='ocrx_word' id='word_1_225' title='bbox 449 3127 463 3197; x_wconf 82' lang='grc' dir='ltr'>ΙΙ</span> <span class='ocrx_word' id='word_1_226' title='bbox 477 3127 517 3185; x_wconf 81' lang='grc'>10.</span> <span class='ocrx_word' id='word_1_227' title='bbox 537 3131 703 3180; x_wconf 85' lang='lat' dir='ltr'>anthioccusl</span> <span class='ocrx_word' id='word_1_228' title='bbox 717 3143 763 3197; x_wconf 88' lang='lat' dir='ltr'>pr.</span> <span class='ocrx_word' id='word_1_229' title='bbox 781 3127 814 3182; x_wconf 83' lang='lat' dir='ltr'>A.</span> <span class='ocrx_word' id='word_1_230' title='bbox 839 3133 1026 3184; x_wconf 84' lang='lat' dir='ltr'>anthiochensi</span> <span class='ocrx_word' id='word_1_231' title='bbox 1045 3148 1114 3186; x_wconf 88' lang='lat' dir='ltr'>corr.</span> <span class='ocrx_word' id='word_1_232' title='bbox 1132 3132 1164 3187; x_wconf 76' lang='lat' dir='ltr'>A.</span> <span class='ocrx_word' id='word_1_233' title='bbox 1189 3136 1336 3187; x_wconf 86' lang='lat' dir='ltr'>antiocensi</span> <span class='ocrx_word' id='word_1_234' title='bbox 1353 3129 1418 3191; x_wconf 82' lang='grc' dir='ltr'>ΒΓ.</span> 
     </span>
     <span class='ocr_line' id='line_1_26' title="bbox 194 3193 1416 3270; baseline 0.007 -20"><span class='ocrx_word' id='word_1_235' title='bbox 194 3195 236 3266; x_wconf 80' lang='lat' dir='ltr'>Cs.</span> <span class='ocrx_word' id='word_1_236' title='bbox 253 3195 306 3255; x_wconf 82' lang='grc' dir='ltr'>ΠΙ,</span> <span class='ocrx_word' id='word_1_237' title='bbox 326 3193 352 3256; x_wconf 85' lang='grc'>5.</span> <span class='ocrx_word' id='word_1_238' title='bbox 374 3199 397 3252; x_wconf 91' lang='lat' dir='ltr'>l.</span> <span class='ocrx_word' id='word_1_239' title='bbox 409 3199 423 3268; x_wconf 80' lang='grc' dir='ltr'>ΙΙ</span> <span class='ocrx_word' id='word_1_240' title='bbox 435 3202 586 3252; x_wconf 82' lang='lat' dir='ltr'>sestertium</span> <span class='ocrx_word' id='word_1_241' title='bbox 605 3197 659 3251; x_wconf 77' lang='grc' dir='ltr'>ΑΒ</span> <span class='ocrx_word' id='word_1_242' title='bbox 668 3196 696 3252; x_wconf 82' lang='lat' dir='ltr'>C.</span> <span class='ocrx_word' id='word_1_243' title='bbox 723 3197 777 3252; x_wconf 79' lang='lat' dir='ltr'>Sed</span> <span class='ocrx_word' id='word_1_244' title='bbox 793 3205 864 3254; x_wconf 84' lang='lat' dir='ltr'>recte</span> <span class='ocrx_word' id='word_1_245' title='bbox 882 3205 999 3256; x_wconf 86' lang='lat' dir='ltr'>sestertii</span> <span class='ocrx_word' id='word_1_246' title='bbox 1017 3202 1099 3270; x_wconf 81' lang='lat' dir='ltr'>iasrc.</span> <span class='ocrx_word' id='word_1_247' title='bbox 1118 3207 1278 3256; x_wconf 83' lang='lat' dir='ltr'>sexlcrclum</span> <span class='ocrx_word' id='word_1_248' title='bbox 1291 3203 1327 3258; x_wconf 86' lang='lat' dir='ltr'>E.</span> <span class='ocrx_word' id='word_1_249' title='bbox 1345 3205 1378 3257; x_wconf 88' lang='lat' dir='ltr'>ll.</span> <span class='ocrx_word' id='word_1_250' title='bbox 1388 3203 1416 3259; x_wconf 83' lang='lat' dir='ltr'>S.</span> 
     </span>
     <span class='ocr_line' id='line_1_27' title="bbox 196 3265 1416 3340; baseline 0.002 -18"><span class='ocrx_word' id='word_1_251' title='bbox 196 3267 273 3322; x_wconf 78' lang='lat' dir='ltr'>Torr.</span> <span class='ocrx_word' id='word_1_252' title='bbox 305 3265 340 3322; x_wconf 80' lang='lat' dir='ltr'>Vt</span> <span class='ocrx_word' id='word_1_253' title='bbox 356 3285 404 3321; x_wconf 81' lang='lat' dir='ltr'>aas</span> <span class='ocrx_word' id='word_1_254' title='bbox 421 3269 452 3323; x_wconf 76' lang='grc' dir='ltr'>Γ.</span> <span class='ocrx_word' id='word_1_255' title='bbox 464 3269 478 3338; x_wconf 80' lang='grc' dir='ltr'>ΙΙ</span> <span class='ocrx_word' id='word_1_256' title='bbox 490 3273 687 3340; x_wconf 84' lang='lat' dir='ltr'>quadragesies</span> <span class='ocrx_word' id='word_1_257' title='bbox 705 3267 740 3324; x_wconf 85' lang='grc' dir='ltr'>Ε.</span> <span class='ocrx_word' id='word_1_258' title='bbox 752 3271 766 3339; x_wconf 90' lang='grc' dir='ltr'>ΙΙ</span> <span class='ocrx_word' id='word_1_259' title='bbox 780 3270 820 3325; x_wconf 89' lang='lat' dir='ltr'>il.</span> <span class='ocrx_word' id='word_1_260' title='bbox 838 3276 943 3337; x_wconf 89' lang='lat' dir='ltr'>prolato</span> <span class='ocrx_word' id='word_1_261' title='bbox 962 3277 997 3326; x_wconf 89' lang='lat' dir='ltr'>ab</span> <span class='ocrx_word' id='word_1_262' title='bbox 1016 3291 1049 3325; x_wconf 92' lang='lat' dir='ltr'>eo</span> <span class='ocrx_word' id='word_1_263' title='bbox 1066 3276 1133 3325; x_wconf 89' lang='lat' dir='ltr'>libro</span> <span class='ocrx_word' id='word_1_264' title='bbox 1151 3272 1299 3328; x_wconf 77' lang='lat' dir='ltr'>Bcnffl&#39;</span> <span class='ocrx_word' id='word_1_265' title='bbox 1310 3279 1336 3326; x_wconf 77' lang='lat' dir='ltr'>et</span> <span class='ocrx_word' id='word_1_266' title='bbox 1347 3287 1416 3325; x_wconf 82' lang='lat' dir='ltr'>corr.</span> 
     </span>
     <span class='ocr_line' id='line_1_28' title="bbox 194 3337 1418 3414; baseline 0.002 -22"><span class='ocrx_word' id='word_1_267' title='bbox 194 3337 226 3392; x_wconf 80' lang='lat' dir='ltr'>d.</span> <span class='ocrx_word' id='word_1_268' title='bbox 238 3340 251 3408; x_wconf 85' lang='grc' dir='ltr'>ΙΙ</span> <span class='ocrx_word' id='word_1_269' title='bbox 263 3343 390 3404; x_wconf 83' lang='lat' dir='ltr'>acceptae</span> <span class='ocrx_word' id='word_1_270' title='bbox 409 3357 546 3404; x_wconf 87' lang='lat' dir='ltr'>expensae</span> <span class='ocrx_word' id='word_1_271' title='bbox 558 3339 592 3396; x_wconf 79' lang='lat' dir='ltr'>A,</span> <span class='ocrx_word' id='word_1_272' title='bbox 611 3339 659 3393; x_wconf 79' lang='lat' dir='ltr'>secl</span> <span class='ocrx_word' id='word_1_273' title='bbox 677 3355 710 3391; x_wconf 84' lang='lat' dir='ltr'>ex</span> <span class='ocrx_word' id='word_1_274' title='bbox 719 3355 771 3410; x_wconf 86' lang='lat' dir='ltr'>per</span> <span class='ocrx_word' id='word_1_275' title='bbox 783 3344 962 3410; x_wconf 76' lang='lat' dir='ltr'>compendium</span> <span class='ocrx_word' id='word_1_276' title='bbox 973 3343 1132 3396; x_wconf 76' lang='lat' dir='ltr'>simillimum</span> <span class='ocrx_word' id='word_1_277' title='bbox 1144 3343 1297 3414; x_wconf 75' lang='lat' dir='ltr'>compendio</span> <span class='ocrx_word' id='word_1_278' title='bbox 1309 3342 1418 3412; x_wconf 79' lang='lat' dir='ltr'>copulae</span> 
     </span>
     <span class='ocr_line' id='line_1_29' title="bbox 195 3405 1416 3533; baseline 0.002 -71"><span class='ocrx_word' id='word_1_279' title='bbox 195 3413 229 3462; x_wconf 88' lang='lat' dir='ltr'>et.</span> <span class='ocrx_word' id='word_1_280' title='bbox 244 3405 315 3533; x_wconf 53' lang='lat' dir='ltr'>{bid</span> <span class='ocrx_word' id='word_1_281' title='bbox 335 3413 362 3459; x_wconf 88' lang='lat' dir='ltr'>et</span> <span class='ocrx_word' id='word_1_282' title='bbox 379 3411 465 3460; x_wconf 84' lang='lat' dir='ltr'>retolli</span> <span class='ocrx_word' id='word_1_283' title='bbox 485 3408 562 3464; x_wconf 79' lang='lat' dir='ltr'>Torr.</span> <span class='ocrx_word' id='word_1_284' title='bbox 577 3409 589 3478; x_wconf 83' lang='grc' dir='ltr'>ΙΙ</span> <span class='ocrx_word' id='word_1_285' title='bbox 606 3407 647 3464; x_wconf 84' lang='grc'>13.</span> <span class='ocrx_word' id='word_1_286' title='bbox 668 3415 764 3475; x_wconf 91' lang='lat' dir='ltr'>posset</span> <span class='ocrx_word' id='word_1_287' title='bbox 781 3410 812 3465; x_wconf 81' lang='grc' dir='ltr'>Γ.</span> <span class='ocrx_word' id='word_1_288' title='bbox 824 3413 837 3481; x_wconf 79' lang='grc' dir='ltr'>Η</span> <span class='ocrx_word' id='word_1_289' title='bbox 855 3418 982 3467; x_wconf 82' lang='lat' dir='ltr'>discessit</span> <span class='ocrx_word' id='word_1_290' title='bbox 998 3413 1153 3468; x_wconf 76' lang='lat' dir='ltr'><strong>ABCDE.</strong></span> <span class='ocrx_word' id='word_1_291' title='bbox 1177 3416 1287 3466; x_wconf 88' lang='lat' dir='ltr'>dicessit</span> <span class='ocrx_word' id='word_1_292' title='bbox 1305 3413 1334 3466; x_wconf 89' lang='grc' dir='ltr'>Γ.</span> <span class='ocrx_word' id='word_1_293' title='bbox 1346 3413 1359 3480; x_wconf 78' lang='grc' dir='ltr'>ΙΙ</span> <span class='ocrx_word' id='word_1_294' title='bbox 1371 3413 1416 3481; x_wconf 87' lang='lat' dir='ltr'>de]</span> 
     </span>
     <span class='ocr_line' id='line_1_30' title="bbox 195 3473 1417 3555; baseline 0.002 -22"><span class='ocrx_word' id='word_1_295' title='bbox 195 3484 230 3533; x_wconf 89' lang='lat' dir='ltr'>sb</span> <span class='ocrx_word' id='word_1_296' title='bbox 277 3519 285 3533; x_wconf 93' lang='lat'><strong>.</strong></span> <span class='ocrx_word' id='word_1_297' title='bbox 300 3476 312 3548; x_wconf 89' lang='grc' dir='ltr'>ΙΙ</span> <span class='ocrx_word' id='word_1_298' title='bbox 329 3473 370 3531; x_wconf 83' lang='grc'>15.</span> <span class='ocrx_word' id='word_1_299' title='bbox 388 3483 479 3532; x_wconf 87' lang='lat' dir='ltr'>nostro</span> <span class='ocrx_word' id='word_1_300' title='bbox 492 3497 539 3548; x_wconf 85' lang='lat' dir='ltr'>pr.</span> <span class='ocrx_word' id='word_1_301' title='bbox 551 3480 589 3533; x_wconf 90' lang='lat' dir='ltr'>D.</span> <span class='ocrx_word' id='word_1_302' title='bbox 601 3479 614 3549; x_wconf 92' lang='grc' dir='ltr'>ΙΙ</span> <span class='ocrx_word' id='word_1_303' title='bbox 626 3483 751 3533; x_wconf 71' lang='lat' dir='ltr'>sestercii</span> <span class='ocrx_word' id='word_1_304' title='bbox 763 3481 799 3535; x_wconf 80' lang='lat' dir='ltr'>E.</span> <span class='ocrx_word' id='word_1_305' title='bbox 816 3485 848 3537; x_wconf 88' lang='lat' dir='ltr'>H.</span> <span class='ocrx_word' id='word_1_306' title='bbox 862 3486 890 3537; x_wconf 86' lang='lat' dir='ltr'>S.</span> <span class='ocrx_word' id='word_1_307' title='bbox 906 3484 982 3540; x_wconf 82' lang='lat' dir='ltr'>Torr.</span> <span class='ocrx_word' id='word_1_308' title='bbox 994 3485 1008 3555; x_wconf 87' lang='grc' dir='ltr'>ΙΙ</span> <span class='ocrx_word' id='word_1_309' title='bbox 1019 3487 1215 3555; x_wconf 80' lang='lat' dir='ltr'>quadragesies</span> <span class='ocrx_word' id='word_1_310' title='bbox 1227 3483 1262 3538; x_wconf 80' lang='grc' dir='ltr'>Ε.</span> <span class='ocrx_word' id='word_1_311' title='bbox 1275 3484 1289 3554; x_wconf 85' lang='grc' dir='ltr'>ΙΙ</span> <span class='ocrx_word' id='word_1_312' title='bbox 1302 3479 1343 3539; x_wconf 83' lang='lat' dir='ltr'>iti.</span> <span class='ocrx_word' id='word_1_313' title='bbox 1355 3499 1417 3536; x_wconf 85' lang='lat' dir='ltr'>mee</span> 
     </span>
     <span class='ocr_line' id='line_1_31' title="bbox 181 3549 1417 3620; baseline 0.004 -18"><span class='ocrx_word' id='word_1_314' title='bbox 181 3554 300 3603; x_wconf 85' lang='lat' dir='ltr'>&#39;doctum</span> <span class='ocrx_word' id='word_1_315' title='bbox 319 3551 413 3613; x_wconf 90' lang='lat' dir='ltr'>eisque</span> <span class='ocrx_word' id='word_1_316' title='bbox 427 3565 473 3617; x_wconf 85' lang='lat' dir='ltr'>pr.</span> <span class='ocrx_word' id='word_1_317' title='bbox 490 3549 521 3603; x_wconf 82' lang='grc' dir='ltr'>Α,</span> <span class='ocrx_word' id='word_1_318' title='bbox 533 3551 546 3618; x_wconf 79' lang='lat' dir='ltr'>ll</span> <span class='ocrx_word' id='word_1_319' title='bbox 561 3549 602 3606; x_wconf 85' lang='lat' dir='ltr'>ll.</span> <span class='ocrx_word' id='word_1_320' title='bbox 621 3553 718 3603; x_wconf 88' lang='lat' dir='ltr'>milltes</span> <span class='ocrx_word' id='word_1_321' title='bbox 732 3567 778 3620; x_wconf 81' lang='lat' dir='ltr'>pr.</span> <span class='ocrx_word' id='word_1_322' title='bbox 796 3551 828 3605; x_wconf 87' lang='grc' dir='ltr'>Α.</span> <span class='ocrx_word' id='word_1_323' title='bbox 852 3559 940 3608; x_wconf 89' lang='lat' dir='ltr'>milies</span> <span class='ocrx_word' id='word_1_324' title='bbox 958 3572 1028 3608; x_wconf 86' lang='lat' dir='ltr'>corr.</span> <span class='ocrx_word' id='word_1_325' title='bbox 1046 3556 1079 3610; x_wconf 73' lang='grc' dir='ltr'>Α.</span> <span class='ocrx_word' id='word_1_326' title='bbox 1104 3559 1182 3610; x_wconf 89' lang='lat' dir='ltr'>miles</span> <span class='ocrx_word' id='word_1_327' title='bbox 1200 3554 1234 3609; x_wconf 90' lang='grc' dir='ltr'>Β.</span> <span class='ocrx_word' id='word_1_328' title='bbox 1284 3558 1417 3607; x_wconf 75' lang='lat' dir='ltr'>sestercio</span> 
     </span>
     <span class='ocr_line' id='line_1_32' title="bbox 193 3556 1417 3694; baseline 0.005 -20"><span class='ocrx_word' id='word_1_329' title='bbox 193 3620 229 3675; x_wconf 80' lang='grc' dir='ltr'>Ε.</span> <span class='ocrx_word' id='word_1_330' title='bbox 248 3621 281 3676; x_wconf 84' lang='grc' dir='ltr'>Η.</span> <span class='ocrx_word' id='word_1_331' title='bbox 300 3620 328 3672; x_wconf 87' lang='lat' dir='ltr'>S.</span> <span class='ocrx_word' id='word_1_332' title='bbox 349 3617 451 3688; x_wconf 64' lang='lat' dir='ltr'>iuneti</span> <span class='ocrx_word' id='word_1_333' title='bbox 463 3635 511 3672; x_wconf 88' lang='lat' dir='ltr'>nee</span> <span class='ocrx_word' id='word_1_334' title='bbox 530 3624 600 3674; x_wconf 87' lang='lat' dir='ltr'>onim</span> <span class='ocrx_word' id='word_1_335' title='bbox 618 3621 655 3676; x_wconf 81' lang='grc' dir='ltr'>Ε.</span> <span class='ocrx_word' id='word_1_336' title='bbox 670 3621 682 3692; x_wconf 78' lang='grc' dir='ltr'>ΙΙ</span> <span class='ocrx_word' id='word_1_337' title='bbox 704 3625 767 3690; x_wconf 88' lang='lat' dir='ltr'>huc]</span> <span class='ocrx_word' id='word_1_338' title='bbox 787 3627 876 3676; x_wconf 78' lang='lat' dir='ltr'>adhrm</span> <span class='ocrx_word' id='word_1_339' title='bbox 893 3641 963 3678; x_wconf 78' lang='lat' dir='ltr'>corr.</span> <span class='ocrx_word' id='word_1_340' title='bbox 981 3626 1012 3680; x_wconf 71' lang='lat' dir='ltr'>d</span> <span class='ocrx_word' id='word_1_341' title='bbox 1031 3643 1101 3678; x_wconf 90' lang='lat' dir='ltr'>nunc</span> <span class='ocrx_word' id='word_1_342' title='bbox 1118 3626 1150 3681; x_wconf 81' lang='grc' dir='ltr'>Γ.</span> <span class='ocrx_word' id='word_1_343' title='bbox 1169 3643 1219 3682; x_wconf 78' lang='lat' dir='ltr'>ora.</span> <span class='ocrx_word' id='word_1_344' title='bbox 1238 3556 1274 3682; x_wconf 77' lang='lat' dir='ltr'>ll.</span> <span class='ocrx_word' id='word_1_345' title='bbox 1289 3627 1301 3694; x_wconf 86' lang='grc' dir='ltr'>ΙΙ</span> <span class='ocrx_word' id='word_1_346' title='bbox 1316 3643 1349 3678; x_wconf 88' lang='lat' dir='ltr'>eo</span> <span class='ocrx_word' id='word_1_347' title='bbox 1367 3641 1417 3680; x_wconf 72' lang='lat' dir='ltr'>on.</span> 
     </span>
     <span class='ocr_line' id='line_1_33' title="bbox 196 3687 1417 3769; baseline 0.005 -26"><span class='ocrx_word' id='word_1_348' title='bbox 196 3691 273 3746; x_wconf 74' lang='lat' dir='ltr'>Torr.</span> <span class='ocrx_word' id='word_1_349' title='bbox 287 3691 299 3763; x_wconf 84' lang='grc' dir='ltr'>ΙΙ</span> <span class='ocrx_word' id='word_1_350' title='bbox 316 3687 355 3746; x_wconf 82' lang='grc'>19.</span> <span class='ocrx_word' id='word_1_351' title='bbox 368 3689 513 3744; x_wconf 79' lang='lat' dir='ltr'>nostrseG</span> <span class='ocrx_word' id='word_1_352' title='bbox 528 3697 554 3746; x_wconf 84' lang='lat' dir='ltr'>el</span> <span class='ocrx_word' id='word_1_353' title='bbox 566 3707 613 3762; x_wconf 89' lang='lat' dir='ltr'>pr.</span> <span class='ocrx_word' id='word_1_354' title='bbox 622 3693 660 3746; x_wconf 89' lang='lat' dir='ltr'>D.</span> <span class='ocrx_word' id='word_1_355' title='bbox 672 3697 685 3764; x_wconf 87' lang='grc' dir='ltr'>ΙΙ</span> <span class='ocrx_word' id='word_1_356' title='bbox 696 3691 739 3748; x_wconf 77' lang='lat' dir='ltr'>tt.</span> <span class='ocrx_word' id='word_1_357' title='bbox 749 3695 839 3764; x_wconf 85' lang='lat' dir='ltr'>igitur]</span> <span class='ocrx_word' id='word_1_358' title='bbox 854 3701 914 3748; x_wconf 81' lang='lat' dir='ltr'>oste</span> <span class='ocrx_word' id='word_1_359' title='bbox 922 3712 966 3749; x_wconf 89' lang='lat' dir='ltr'>me</span> <span class='ocrx_word' id='word_1_360' title='bbox 977 3696 1055 3752; x_wconf 77' lang='lat' dir='ltr'>lhrr.</span> <span class='ocrx_word' id='word_1_361' title='bbox 1073 3715 1141 3769; x_wconf 86' lang='lat' dir='ltr'>ergo</span> <span class='ocrx_word' id='word_1_362' title='bbox 1151 3697 1189 3753; x_wconf 86' lang='lat' dir='ltr'>D.</span> <span class='ocrx_word' id='word_1_363' title='bbox 1201 3699 1216 3768; x_wconf 79' lang='grc' dir='ltr'>Η</span> <span class='ocrx_word' id='word_1_364' title='bbox 1227 3713 1321 3752; x_wconf 86' lang='lat' dir='ltr'>surum</span> <span class='ocrx_word' id='word_1_365' title='bbox 1331 3711 1376 3767; x_wconf 86' lang='lat' dir='ltr'>pr.</span> <span class='ocrx_word' id='word_1_366' title='bbox 1384 3695 1417 3750; x_wconf 78' lang='lat' dir='ltr'>A.</span> 
     </span>
    </p>
   </div>
   <div class='ocr_carea' id='block_1_4' title="bbox 194 3829 1417 3966">
    <p class='ocr_par' dir='ltr' id='par_1_7' title="bbox 194 3829 1417 3966">
     <span class='ocr_line' id='line_1_34' title="bbox 194 3829 1417 3966; baseline 0.007 -81"><span class='ocrx_word' id='word_1_367' title='bbox 194 3829 475 3966; x_wconf 37' lang='lat' dir='ltr'>,milziffipcgq&#39;pg</span> <span class='ocrx_word' id='word_1_368' title='bbox 491 3833 539 3887; x_wconf 87' lang='lat' dir='ltr'>illo</span> <span class='ocrx_word' id='word_1_369' title='bbox 548 3833 666 3904; x_wconf 70' lang='lat' dir='ltr'>fiducia)</span> <span class='ocrx_word' id='word_1_370' title='bbox 693 3837 731 3890; x_wconf 83' lang='lat' dir='ltr'>Ct.</span> <span class='ocrx_word' id='word_1_371' title='bbox 753 3837 849 3905; x_wconf 80' lang='lat' dir='ltr'>Polyb.</span> <span class='ocrx_word' id='word_1_372' title='bbox 874 3839 940 3900; x_wconf 84' lang='lat' dir='ltr'>XV,</span> <span class='ocrx_word' id='word_1_373' title='bbox 963 3833 987 3893; x_wconf 84' lang='lat'>5.</span> <span class='ocrx_word' id='word_1_374' title='bbox 1016 3839 1074 3896; x_wconf 89' lang='lat' dir='ltr'>Liu.</span> <span class='ocrx_word' id='word_1_375' title='bbox 1099 3843 1193 3903; x_wconf 80' lang='lat' dir='ltr'>XXX,</span> <span class='ocrx_word' id='word_1_376' title='bbox 1217 3837 1262 3896; x_wconf 65' lang='lat'>2⁹.</span> <span class='ocrx_word' id='word_1_377' title='bbox 1288 3843 1417 3910; x_wconf 83' lang='lat' dir='ltr'>Polyaen.</span> 
     </span>
    </p>
   </div>
   <div class='ocr_carea' id='block_1_5' title="bbox 195 3973 1417 4101">
    <p class='ocr_par' dir='ltr' id='par_1_8' title="bbox 195 3973 1417 4101">
     <span class='ocr_line' id='line_1_35' title="bbox 195 3973 1417 4101; baseline 0.006 -73"><span class='ocrx_word' id='word_1_378' title='bbox 195 4047 244 4097; x_wconf 48' lang='lat' dir='ltr'>w.</span> <span class='ocrx_word' id='word_1_379' title='bbox 262 3973 408 4101; x_wconf 56' lang='grc' dir='ltr'><strong>101ηὸιῇ</strong></span> <span class='ocrx_word' id='word_1_380' title='bbox 426 3976 559 4046; x_wconf 73' lang='lat' dir='ltr'>Scipione)</span> <span class='ocrx_word' id='word_1_381' title='bbox 582 3979 622 4033; x_wconf 77' lang='lat' dir='ltr'>cl.</span> <span class='ocrx_word' id='word_1_382' title='bbox 647 3981 705 4034; x_wconf 74' lang='lat' dir='ltr'>lau.</span> <span class='ocrx_word' id='word_1_383' title='bbox 726 3981 884 4042; x_wconf 77' lang='lat' dir='ltr'>xxxviii,</span> <span class='ocrx_word' id='word_1_384' title='bbox 908 3975 953 4036; x_wconf 71' lang='lat'>55.</span> <span class='ocrx_word' id='word_1_385' title='bbox 980 3982 1012 4036; x_wconf 80' lang='grc' dir='ltr'>Δ.</span> <span class='ocrx_word' id='word_1_386' title='bbox 1036 3985 1104 4037; x_wconf 79' lang='lat' dir='ltr'>(tell.</span> <span class='ocrx_word' id='word_1_387' title='bbox 1125 3987 1188 4049; x_wconf 88' lang='lat' dir='ltr'>llll,</span> <span class='ocrx_word' id='word_1_388' title='bbox 1215 3984 1255 4041; x_wconf 82' lang='lat' dir='ltr'>l8.</span> <span class='ocrx_word' id='word_1_389' title='bbox 1283 3984 1358 4039; x_wconf 69' lang='lat' dir='ltr'>aaa</span> <span class='ocrx_word' id='word_1_390' title='bbox 1383 3985 1417 4036; x_wconf 85' lang='lat' dir='ltr'>de</span> 
     </span>
    </p>
   </div>
   <div class='ocr_carea' id='block_1_6' title="bbox 263 4113 1418 4190">
    <p class='ocr_par' dir='ltr' id='par_1_9' title="bbox 263 4113 1418 4190">
     <span class='ocr_line' id='line_1_36' title="bbox 263 4113 1418 4190; baseline 0.007 -20"><span class='ocrx_word' id='word_1_391' title='bbox 263 4115 397 4185; x_wconf 70' lang='lat' dir='ltr'>prolatum</span> <span class='ocrx_word' id='word_1_392' title='bbox 414 4113 448 4169; x_wconf 79' lang='lat' dir='ltr'>ol</span> <span class='ocrx_word' id='word_1_393' title='bbox 467 4133 497 4170; x_wconf 85' lang='lat' dir='ltr'>eo</span> <span class='ocrx_word' id='word_1_394' title='bbox 515 4116 621 4183; x_wconf 65' lang='lat' dir='ltr'>librum</span> <span class='ocrx_word' id='word_1_395' title='bbox 638 4123 810 4174; x_wconf 75' lang='lat' dir='ltr'>Manifestum</span> <span class='ocrx_word' id='word_1_396' title='bbox 829 4125 872 4176; x_wconf 81' lang='lat' dir='ltr'>est</span> <span class='ocrx_word' id='word_1_397' title='bbox 890 4125 926 4175; x_wconf 85' lang='lat' dir='ltr'>sb</span> <span class='ocrx_word' id='word_1_398' title='bbox 944 4125 1030 4178; x_wconf 85' lang='lat' dir='ltr'>alters</span> <span class='ocrx_word' id='word_1_399' title='bbox 1048 4129 1168 4181; x_wconf 82' lang='lat' dir='ltr'>codicum</span> <span class='ocrx_word' id='word_1_400' title='bbox 1183 4130 1294 4190; x_wconf 78' lang='lat' dir='ltr'>tamilla,</span> <span class='ocrx_word' id='word_1_401' title='bbox 1312 4143 1373 4180; x_wconf 79' lang='lat' dir='ltr'>eust</span> <span class='ocrx_word' id='word_1_402' title='bbox 1390 4129 1418 4179; x_wconf 86' lang='lat' dir='ltr'>ts</span> 
     </span>
    </p>
   </div>
   <div class='ocr_carea' id='block_1_7' title="bbox 196 4186 1417 4340">
    <p class='ocr_par' dir='ltr' id='par_1_10' title="bbox 196 4186 1417 4340">
     <span class='ocr_line' id='line_1_37' title="bbox 196 4186 1417 4261; baseline 0.006 -20"><span class='ocrx_word' id='word_1_403' title='bbox 196 4187 346 4254; x_wconf 70' lang='lat' dir='ltr'>archetypo</span> <span class='ocrx_word' id='word_1_404' title='bbox 366 4203 381 4240; x_wconf 94' lang='lat' dir='ltr'>e</span> <span class='ocrx_word' id='word_1_405' title='bbox 399 4186 542 4258; x_wconf 61' lang='lat' dir='ltr'>deamat</span> <span class='ocrx_word' id='word_1_406' title='bbox 559 4195 645 4244; x_wconf 89' lang='lat' dir='ltr'>ortum</span> <span class='ocrx_word' id='word_1_407' title='bbox 669 4197 743 4245; x_wconf 87' lang='lat' dir='ltr'>esset</span> <span class='ocrx_word' id='word_1_408' title='bbox 767 4191 896 4255; x_wconf 54' lang='lat' dir='ltr'>&amp;escrit</span> <span class='ocrx_word' id='word_1_409' title='bbox 920 4200 1082 4261; x_wconf 84' lang='lat' dir='ltr'>pendentem</span> <span class='ocrx_word' id='word_1_410' title='bbox 1100 4202 1171 4252; x_wconf 84' lang='lat' dir='ltr'>huuc</span> <span class='ocrx_word' id='word_1_411' title='bbox 1189 4203 1372 4253; x_wconf 83' lang='lat' dir='ltr'>accusatinnm</span> <span class='ocrx_word' id='word_1_412' title='bbox 1389 4201 1417 4249; x_wconf 88' lang='lat' dir='ltr'>in</span> 
     </span>
     <span class='ocr_line' id='line_1_38' title="bbox 196 4259 1417 4340; baseline 0.009 -31"><span class='ocrx_word' id='word_1_413' title='bbox 196 4259 352 4319; x_wconf 80' lang='lat' dir='ltr'>abiaticum,</span> <span class='ocrx_word' id='word_1_414' title='bbox 372 4275 452 4323; x_wconf 87' lang='lat' dir='ltr'>quern</span> <span class='ocrx_word' id='word_1_415' title='bbox 464 4265 672 4329; x_wconf 85' lang='lat' dir='ltr'>consequentiae</span> <span class='ocrx_word' id='word_1_416' title='bbox 685 4267 774 4316; x_wconf 88' lang='lat' dir='ltr'>dicunt</span> <span class='ocrx_word' id='word_1_417' title='bbox 785 4269 961 4335; x_wconf 78' lang='lat' dir='ltr'>grammatici,</span> <span class='ocrx_word' id='word_1_418' title='bbox 979 4283 1045 4321; x_wconf 87' lang='lat' dir='ltr'>esse</span> <span class='ocrx_word' id='word_1_419' title='bbox 1055 4273 1193 4333; x_wconf 79' lang='lat' dir='ltr'>mutatum,</span> <span class='ocrx_word' id='word_1_420' title='bbox 1211 4275 1291 4340; x_wconf 85' lang='lat' dir='ltr'>laque</span> <span class='ocrx_word' id='word_1_421' title='bbox 1303 4271 1417 4322; x_wconf 79' lang='lat' dir='ltr'>eandem</span> 
     </span>
    </p>
   </div>
   <div class='ocr_carea' id='block_1_8' title="bbox 194 4331 1418 4840">
    <p class='ocr_par' dir='ltr' id='par_1_11' title="bbox 195 4331 1418 4542">
     <span class='ocr_line' id='line_1_39' title="bbox 199 4331 1418 4407; baseline 0.013 -28"><span class='ocrx_word' id='word_1_422' title='bbox 199 4331 414 4382; x_wconf 81' lang='lat' dir='ltr'>emendationem</span> <span class='ocrx_word' id='word_1_423' title='bbox 433 4335 479 4381; x_wconf 86' lang='lat' dir='ltr'>aut</span> <span class='ocrx_word' id='word_1_424' title='bbox 497 4347 531 4384; x_wconf 87' lang='lat' dir='ltr'>err</span> <span class='ocrx_word' id='word_1_425' title='bbox 549 4335 656 4402; x_wconf 82' lang='lat' dir='ltr'>ingenio</span> <span class='ocrx_word' id='word_1_426' title='bbox 673 4337 799 4388; x_wconf 86' lang='lat' dir='ltr'>incidisse</span> <span class='ocrx_word' id='word_1_427' title='bbox 818 4342 994 4392; x_wconf 82' lang='lat' dir='ltr'>correctorem</span> <span class='ocrx_word' id='word_1_428' title='bbox 1012 4341 1233 4402; x_wconf 81' lang='lat' dir='ltr'>librlBernensis,</span> <span class='ocrx_word' id='word_1_429' title='bbox 1247 4345 1294 4394; x_wconf 79' lang='lat' dir='ltr'>aut</span> <span class='ocrx_word' id='word_1_430' title='bbox 1310 4343 1374 4407; x_wconf 68' lang='lat' dir='ltr'>quin</span> <span class='ocrx_word' id='word_1_431' title='bbox 1389 4339 1418 4388; x_wconf 74' lang='lat' dir='ltr'>ln</span> 
     </span>
     <span class='ocr_line' id='line_1_40' title="bbox 196 4402 1417 4480; baseline 0.007 -28"><span class='ocrx_word' id='word_1_432' title='bbox 196 4403 364 4453; x_wconf 82' lang='lat' dir='ltr'>recensendo</span> <span class='ocrx_word' id='word_1_433' title='bbox 383 4402 490 4453; x_wconf 83' lang='lat' dir='ltr'>Valerio</span> <span class='ocrx_word' id='word_1_434' title='bbox 509 4405 602 4455; x_wconf 90' lang='lat' dir='ltr'>codlce</span> <span class='ocrx_word' id='word_1_435' title='bbox 620 4409 734 4472; x_wconf 89' lang='lat' dir='ltr'>quodam</span> <span class='ocrx_word' id='word_1_436' title='bbox 754 4409 788 4458; x_wconf 86' lang='lat' dir='ltr'>ad</span> <span class='ocrx_word' id='word_1_437' title='bbox 812 4410 925 4460; x_wconf 84' lang='lat' dir='ltr'>alteram</span> <span class='ocrx_word' id='word_1_438' title='bbox 950 4412 1078 4463; x_wconf 74' lang='lat' dir='ltr'>familiam</span> <span class='ocrx_word' id='word_1_439' title='bbox 1101 4415 1251 4480; x_wconf 84' lang='lat' dir='ltr'>pertinente</span> <span class='ocrx_word' id='word_1_440' title='bbox 1274 4425 1341 4464; x_wconf 85' lang='lat' dir='ltr'>usus</span> <span class='ocrx_word' id='word_1_441' title='bbox 1364 4412 1417 4461; x_wconf 78' lang='lat' dir='ltr'>est·</span> 
     </span>
     <span class='ocr_line' id='line_1_41' title="bbox 195 4469 1016 4542; baseline 0.017 -23"><span class='ocrx_word' id='word_1_442' title='bbox 195 4469 295 4524; x_wconf 83' lang='lat' dir='ltr'>Veram</span> <span class='ocrx_word' id='word_1_443' title='bbox 303 4473 476 4536; x_wconf 65' lang='lat' dir='ltr'>scripturam</span> <span class='ocrx_word' id='word_1_444' title='bbox 494 4474 605 4542; x_wconf 81' lang='lat' dir='ltr'>Pighius</span> <span class='ocrx_word' id='word_1_445' title='bbox 624 4483 649 4526; x_wconf 77' lang='lat' dir='ltr'>‘e</span> <span class='ocrx_word' id='word_1_446' title='bbox 668 4481 758 4528; x_wconf 88' lang='lat' dir='ltr'>uetere</span> <span class='ocrx_word' id='word_1_447' title='bbox 777 4480 877 4531; x_wconf 88' lang='lat' dir='ltr'>codice’</span> <span class='ocrx_word' id='word_1_448' title='bbox 895 4483 1016 4534; x_wconf 78' lang='lat' dir='ltr'>restituit</span> 
     </span>
    </p>

    <p class='ocr_par' dir='ltr' id='par_1_12' title="bbox 194 4540 1418 4840">
     <span class='ocr_line' id='line_1_42' title="bbox 267 4540 1417 4620; baseline 0.01 -27"><span class='ocrx_word' id='word_1_449' title='bbox 267 4540 318 4594; x_wconf 81' lang='lat' dir='ltr'>dac</span> <span class='ocrx_word' id='word_1_450' title='bbox 330 4547 400 4610; x_wconf 82' lang='lat' dir='ltr'>puto</span> <span class='ocrx_word' id='word_1_451' title='bbox 421 4541 473 4610; x_wconf 84' lang='lat' dir='ltr'>[eo]</span> <span class='ocrx_word' id='word_1_452' title='bbox 493 4543 673 4611; x_wconf 63' lang='lat' dir='ltr'>malignitatis)</span> <span class='ocrx_word' id='word_1_453' title='bbox 689 4549 837 4617; x_wconf 83' lang='lat' dir='ltr'>Archetypl</span> <span class='ocrx_word' id='word_1_454' title='bbox 854 4553 979 4604; x_wconf 89' lang='lat' dir='ltr'>mendum</span> <span class='ocrx_word' id='word_1_455' title='bbox 992 4569 1078 4620; x_wconf 85' lang='lat' dir='ltr'>seque</span> <span class='ocrx_word' id='word_1_456' title='bbox 1089 4558 1160 4608; x_wconf 85' lang='lat' dir='ltr'>bene</span> <span class='ocrx_word' id='word_1_457' title='bbox 1170 4555 1278 4614; x_wconf 89' lang='lat' dir='ltr'>tollitur,</span> <span class='ocrx_word' id='word_1_458' title='bbox 1296 4555 1321 4606; x_wconf 88' lang='lat' dir='ltr'>si</span> <span class='ocrx_word' id='word_1_459' title='bbox 1338 4553 1417 4605; x_wconf 83' lang='lat' dir='ltr'>alter·</span> 
     </span>
     <span class='ocr_line' id='line_1_43' title="bbox 196 4613 1418 4683; baseline 0.009 -20"><span class='ocrx_word' id='word_1_460' title='bbox 196 4613 284 4665; x_wconf 84' lang='lat' dir='ltr'>atrum</span> <span class='ocrx_word' id='word_1_461' title='bbox 310 4615 430 4665; x_wconf 85' lang='lat' dir='ltr'>eiusdem</span> <span class='ocrx_word' id='word_1_462' title='bbox 455 4617 622 4683; x_wconf 82' lang='lat' dir='ltr'>significatus</span> <span class='ocrx_word' id='word_1_463' title='bbox 644 4621 804 4671; x_wconf 79' lang='lat' dir='ltr'>uocabulum</span> <span class='ocrx_word' id='word_1_464' title='bbox 829 4623 962 4674; x_wconf 87' lang='lat' dir='ltr'>deleueris</span> <span class='ocrx_word' id='word_1_465' title='bbox 987 4641 1020 4675; x_wconf 85' lang='lat' dir='ltr'>ac</span> <span class='ocrx_word' id='word_1_466' title='bbox 1044 4629 1069 4677; x_wconf 87' lang='lat' dir='ltr'>sl</span> <span class='ocrx_word' id='word_1_467' title='bbox 1097 4643 1159 4678; x_wconf 86' lang='lat' dir='ltr'>cum</span> <span class='ocrx_word' id='word_1_468' title='bbox 1181 4629 1330 4678; x_wconf 84' lang='lat' dir='ltr'>correctore</span> <span class='ocrx_word' id='word_1_469' title='bbox 1358 4626 1418 4675; x_wconf 87' lang='lat' dir='ltr'>libri</span> 
     </span>
     <span class='ocr_line' id='line_1_44' title="bbox 196 4682 1418 4762; baseline 0.011 -28"><span class='ocrx_word' id='word_1_470' title='bbox 196 4682 344 4736; x_wconf 87' lang='lat' dir='ltr'>Berueusis</span> <span class='ocrx_word' id='word_1_471' title='bbox 363 4686 426 4734; x_wconf 84' lang='lat' dir='ltr'>aute</span> <span class='ocrx_word' id='word_1_472' title='bbox 443 4683 495 4737; x_wconf 78' lang='lat' dir='ltr'>luc</span> <span class='ocrx_word' id='word_1_473' title='bbox 512 4689 681 4752; x_wconf 87' lang='lat' dir='ltr'>suppleueris</span> <span class='ocrx_word' id='word_1_474' title='bbox 700 4687 743 4743; x_wconf 86' lang='lat' dir='ltr'>od.</span> <span class='ocrx_word' id='word_1_475' title='bbox 780 4692 821 4743; x_wconf 78' lang='lat' dir='ltr'>Ad</span> <span class='ocrx_word' id='word_1_476' title='bbox 840 4695 1037 4747; x_wconf 88' lang='lat' dir='ltr'>simllitndinem</span> <span class='ocrx_word' id='word_1_477' title='bbox 1052 4700 1112 4748; x_wconf 90' lang='lat' dir='ltr'>uerl</span> <span class='ocrx_word' id='word_1_478' title='bbox 1131 4700 1242 4762; x_wconf 86' lang='lat' dir='ltr'>propius</span> <span class='ocrx_word' id='word_1_479' title='bbox 1259 4697 1363 4749; x_wconf 84' lang='lat' dir='ltr'>accedit</span> <span class='ocrx_word' id='word_1_480' title='bbox 1378 4697 1418 4748; x_wconf 86' lang='lat' dir='ltr'>ln·</span> 
     </span>
     <span class='ocr_line' id='line_1_45' title="bbox 194 4755 1417 4840; baseline 0.014 -33"><span class='ocrx_word' id='word_1_481' title='bbox 194 4755 336 4822; x_wconf 81' lang='lat' dir='ltr'>terpolatto</span> <span class='ocrx_word' id='word_1_482' title='bbox 353 4757 518 4822; x_wconf 81' lang='lat' dir='ltr'>pronominis</span> <span class='ocrx_word' id='word_1_483' title='bbox 536 4773 577 4814; x_wconf 88' lang='lat' dir='ltr'>eo.</span> <span class='ocrx_word' id='word_1_484' title='bbox 597 4762 707 4828; x_wconf 74' lang='lat' dir='ltr'>ascripti</span> <span class='ocrx_word' id='word_1_485' title='bbox 725 4765 754 4814; x_wconf 86' lang='lat' dir='ltr'>ul</span> <span class='ocrx_word' id='word_1_486' title='bbox 772 4763 951 4829; x_wconf 83' lang='lat' dir='ltr'>explicaretur</span> <span class='ocrx_word' id='word_1_487' title='bbox 967 4765 1032 4823; x_wconf 71' lang='lat' dir='ltr'>esc.</span> <span class='ocrx_word' id='word_1_488' title='bbox 1058 4783 1139 4836; x_wconf 80' lang='lat' dir='ltr'>qnam</span> <span class='ocrx_word' id='word_1_489' title='bbox 1163 4770 1284 4822; x_wconf 56' lang='lat' dir='ltr'>denaus</span> <span class='ocrx_word' id='word_1_490' title='bbox 1301 4783 1417 4840; x_wconf 77' lang='lat' dir='ltr'>praepo·</span> 
     </span>
    </p>
   </div>
   <div class='ocr_carea' id='block_1_9' title="bbox 0 0 1718 5400">
    <p class='ocr_par' dir='ltr' id='par_1_13' title="bbox 0 0 1718 5400">
     <span class='ocr_line' id='line_1_46' title="bbox 0 0 1718 5400; baseline 0 0"><span class='ocrx_word' id='word_1_491' title='bbox 0 0 1718 5400; x_wconf 95' lang='lat' dir='ltr'> </span> 
     </span>
    </p>
   </div>
  </div>
 </body>
</html>
