3409 5400
177 694 270 763 hunc
296 695 417 765 librum
444 697 506 765 sub
539 700 638 765 tinem
671 697 797 766 saeculi
823 695 904 765 XIII
937 711 1106 767 exaratum
1140 720 1216 768 esse
1250 698 1408 771 conicias.

179 804 367 882 Praecedit,
390 818 427 871 ut
447 808 483 871 in
505 804 683 885 Bemenai,
712 810 857 895 capitum
885 806 998 885 index,
1027 830 1126 897 quem
1155 810 1274 896 excipit
1300 810 1412 897 ipsum

180 934 279 1000 opus,
306 915 501 1000 inscriptum
529 914 649 981 Valerii
669 918 801 981 mummi
820 916 988 1000 factotum
1015 920 1045 981 et
1070 918 1227 983 dictorum
1260 938 1412 981 memora

180 1022 293 1087 lidum
314 1022 368 1087 tit.
389 1022 552 1106 Iiacipt't.
605 1024 698 1090 Vrbis
724 1044 810 1089 rome
837 1034 899 1089 etc.
950 1022 1088 1089 Lacuna
1114 1024 1190 1090 libri
1216 1025 1315 1111 primi
1342 1046 1412 1089 non

181 1129 340 1215 expletur,
367 1150 442 1196 cum
465 1116 569 1197 uerba
590 1152 666 1219 cap.
690 1133 720 1210 l,
744 1142 805 1198 ext
825 1132 847 1197 4
870 1138 906 1196 at
928 1134 1080 1216 compost
1100 1152 1169 1198 eam
1191 1134 1318 1216 delphos
1334 1150 1411 1215 pm

170 1238 342 1323 serendam
364 1240 491 1304 carattit
511 1240 621 1307 statim
645 1259 751 1327 acque
767 1250 866 1327 atque
883 1240 918 1304 in
941 1240 1056 1305 codice
1067 1238 1231 1307 Bernensi
1254 1251 1411 1330 sequatur

180 1357 427 1433 nouumcaput,
449 1348 644 1434 inscriptum
665 1348 704 1412 de
725 1347 891 1424 ommibus,
915 1336 1005 1436 qu'od
1026 1350 1140 1436 incipit
1155 1351 1314 1414 -Deiotaro
1335 1368 1411 1413 aero

180 1456 248 1539 reci
271 1456 379 1519 amaia
389 1455 467 1539 sere
489 1467 523 1521 et
544 1476 574 1543 q.
600 1476 673 1543 sqq.
698 1454 813 1543 (uulgo
839 1455 869 1531 1,
893 1456 925 1532 4,
950 1467 1010 1523 ext.
1036 1457 1081 1539 2).
1131 1454 1222 1523 Raro
1250 1457 1411 1523 recentior

179 1584 303 1629 manus
326 1564 467 1629 mutauit
488 1564 657 1653 antiquam
681 1566 889 1651 scripturam,
913 1583 999 1651 quae
1023 1574 1133 1631 tamen
1144 1586 1324 1654 numquam
1349 1565 1412 1631 sub

179 1670 281 1737 litura
303 1672 447 1737 euanuit.
492 1671 599 1737 Fluxit
621 1672 754 1741 omnino
767 1668 822 1735 bic
837 1669 919 1736 liber
937 1692 955 1735 e
978 1671 1067 1737 fonte
1085 1675 1215 1741 sincero
1240 1686 1272 1739 et
1293 1694 1412 1759 parum

181 1790 348 1865 corrupto.
395 1774 470 1861 Quo
492 1780 604 1868 magis
627 1778 806 1846 dolendum
832 1789 884 1843 cst
911 1778 999 1866 quod
1027 1801 1093 1845 non
1120 1782 1286 1871 integrum
1309 1779 1411 1847 Vale·

179 1888 268 1953 num
297 1885 360 1951 sed
387 1898 453 1951 tres
476 1886 646 1953 dumtaxat
672 1889 800 1973 priores
828 1885 931 1952 libros
959 1899 991 1951 et
1019 1890 1124 1975 quarti
1152 1889 1277 1978 aliquot
1302 1889 1413 1975 capita

180 1994 280 2061 nobis
304 1995 466 2071 seruauit3
496 1992 617 2061 desinit
644 1996 732 2061 onim
754 1994 865 2061 uerbis
887 1993 961 2059 libri
984 1992 1062 2073 IIII,
1086 1997 1121 2072 t,
1147 1998 1166 2064 9
1195 2000 1288 2063 caim
1313 2016 1412 2081 pecu·

178 2103 237 2167 aia
257 2109 324 2167 tam
344 2103 477 2170 imatos.
567 2158 572 2165 .
639 2145 642 2152 ‚
741 2130 745 2136 ·
1300 2184 1302 2189 ,

272 2210 308 2274 0.
333 2208 485 2278 GODEX
496 2208 663 2277 Ructat:
678 2206 1003 2279 BIBLIOTIIEGAII
1019 2209 1353 2288 BEROIINENsIs,
1376 2213 1412 2277 in

181 2316 338 2406 catalogo
362 2317 460 2383 codd.
471 2340 555 2384 mss.
571 2317 629 2383 fol.
647 2340 679 2386 n.
697 2319 752 2395 48,
775 2316 840 2383 huc
864 2319 1043 2386 translatus
1067 2342 1107 2385 ex
1130 2318 1296 2386 electorali
1306 2318 1412 2385 Brau-

182 2424 425 2513 denburgensi,
449 2424 538 2490 unde
560 2424 708 2501 voratio,
736 2428 891 2514 quicum
914 2426 1109 2503 contuderat,
1139 2427 1220 2493 alter
1242 2424 1413 2490 Branden·

179 2534 360 2622 burgensis
383 2543 529 2599 uocatur.
574 2532 637 2598 Ilst
657 2534 948 2611 membranaceus,
976 2534 1055 2600 folio
1081 2536 1219 2610 minore,
1247 2533 1355 2610 initio,
1377 2542 1415 2597 ut

182 2642 329 2718 uidetur,
357 2640 484 2708 saeculi
509 2638 605 2707 XIIII
632 2652 797 2708 exaratus.
848 2640 1029 2720 Foliorum,
1058 2662 1145 2732 quae
1174 2651 1250 2709 sunt
1276 2660 1414 2707 numero

183 2748 266 2825 0111,
289 2748 443 2838 singulae
465 2749 611 2838 paginae
627 2749 716 2816 binis
728 2749 890 2816 columnis
908 2748 1037 2816 diuisae
1058 2750 1225 2838 eleganter
1247 2745 1280 2814 et
1302 2769 1414 2814 omen·

182 2857 260 2923 date
284 2857 427 2942 scriptae
450 2865 529 2922 sunt
549 2877 618 2922 non
640 2856 725 2923 adeo
740 2857 965 2945 frequentibus
987 2855 1092 2923 liniris
1110 2868 1166 2922 aut
1180 2856 1414 2924 additamentis

181 2967 218 3031 in
240 2964 394 3051 margine
416 2973 449 3028 et
463 2964 499 3030 in
519 2963 610 3030 calce
622 2966 822 3052 paginarum
838 2963 988 3042 adiectis,
1012 2985 1151 3054 quorum
1167 2963 1234 3032 alia
1249 2964 1413 3031 alibrario

181 3071 355 3138 oculorum
375 3070 474 3158 lapsu
497 3072 533 3136 in
555 3082 644 3136 textu
666 3073 795 3138 omissa
816 3083 848 3136 et
869 3084 987 3158 postea
1010 3073 1052 3140 ab
1075 3072 1149 3158 Ipso
1166 3071 1326 3158 'suppleta
1347 3072 1414 3160 pri-

181 3179 334 3254 mariam,
353 3176 421 3244 alia
436 3199 478 3245 ex
493 3179 697 3266 interpolatis
712 3180 781 3246 iam
797 3177 889 3246 libris
905 3178 1065 3246 translata
1082 3179 1182 3246 multo
1197 3179 1415 3245 recentiorem

182 3285 315 3354 saeculi
332 3283 399 3352 XV
421 3298 478 3352 aut
499 3284 582 3352 XVI
603 3285 748 3373 produnt
767 3307 914 3356 manum.
965 3285 1108 3353 Litterae
1136 3281 1280 3352 initiales
1304 3284 1414 3351 colore

182 3407 255 3459 tum
276 3393 391 3471 rubro,
417 3405 487 3460 tum
508 3393 662 3461 caendeo
685 3393 858 3461 distinctae
887 3405 973 3460 sunt.
1025 3387 1279 3480 Inscriptionem'
1305 3403 1415 3459 autem

182 3499 287 3567 habet
308 3499 412 3580 hanc,
456 3503 572 3568 Valerii
598 3504 729 3568 moaimt
747 3503 913 3587 factomm
940 3507 971 3566 et
991 3501 1146 3566 dictorum
1168 3495 1416 3564 memorabilium

182 3609 236 3674 tit.
253 3610 384 3693 primas
404 3611 527 3693 incipit.
571 3611 625 3675 De
640 3611 799 3695 rettyioae,
821 3608 1175 3691 deaeplectcreliqioae,
1199 3607 1237 3670 de
1251 3601 1415 3681 maiatlas,

182 3717 221 3781 de
244 3718 420 3802 prodictio,
447 3717 486 3781 de
512 3720 680 3802 temptatis,
707 3718 746 3782 de
772 3715 946 3782 memma.
1001 3713 1130 3780 Desunt
1156 3713 1256 3802 igitur
1283 3713 1319 3780 in
1351 3710 1415 3778 hoc

184 3846 319 3912 quoque
343 3824 459 3890 codice
480 3823 555 3891 libri
576 3826 675 3913 primi
698 3824 870 3911 deperdita
892 3821 1011 3909 capita,
1036 3839 1121 3910 quae
1144 3821 1179 3886 in
1202 3820 1277 3886 aliis
1300 3817 1416 3886 elulib

182 3930 308 3996 Paride
321 3942 478 4018 excerpta
488 3934 686 4010 inseruntur,
710 3934 933 4022 sequiturque,
957 3940 993 3994 ut
1014 3931 1049 3996 in
1068 3926 1140 3996 cod.
1153 3926 1416 4005 VIndobonensi,

183 4049 263 4124 post
283 4037 401 4104 ultima
426 4038 531 4106 uerba
552 4037 582 4117 I,
612 4042 643 4116 l,
672 4052 733 4110 ext.
757 4040 779 4107 4
803 4049 917 4125 caput,
947 4035 1037 4127 quod
1065 4057 1152 4102 nunc
1181 4047 1231 4102 est
1258 4035 1416 4124 quintum,

183 4147 382 4232 inscriptum
402 4147 441 4212 de
462 4148 618 4213 amatas
640 4160 672 4213 et
700 4148 862 4235 incipiens
891 4144 1004 4212 ultimo
1037 4141 1265 4230 praecedentis
1299 4145 1416 4232 capitis

185 4253 339 4340 exemplo
360 4255 515 4320 Deiotaro
536 4275 613 4321 aero
634 4260 702 4342 reci
724 4268 757 4322 et
784 4279 815 4345 q.
840 4275 912 4343 sqq.
964 4251 1045 4320 Item
1069 4253 1217 4321 decimus
1241 4253 1299 4342 qui
1320 4263 1415 4339 puta·

182 4361 282 4427 baur
302 4360 387 4427 liber
408 4363 443 4427 in
467 4385 507 4429 eo
534 4385 603 4431 non
626 4377 726 4442 extat3
755 4363 886 4450 explicit
914 4363 1002 4428 enim
1029 4361 1112 4429 libro
1140 4382 1228 4429 nono
1256 4381 1313 4427 uu.
1342 4379 1418 4441 sup·

182 4470 282 4551 plicia
309 4471 487 4553 impendere
514 4474 627 4556 coepit,
663 4495 748 4561 quac
775 4470 879 4554 uerba
910 4471 1076 4558 echpiunt
1104 4467 1229 4559 aliquot
1257 4467 1367 4552 capita
1400 4486 1419 4528 e

185 4575 336 4642 Frontini
358 4581 649 4666 suategematicon
671 4579 754 4645 libro
777 4577 803 4645 1.

274 4685 322 4750 D.
346 4683 498 4752 conux
512 4683 837 4754 BEROLINIINSIS
852 4683 1000 4751 ALTER
1018 4684 1167 4752 ciusdem
1188 4677 1416 4758 bibliothecae,

183 4789 473 4873 membranaceus,
499 4793 609 4862 torma
629 4795 785 4875 maxima,
806 4793 844 4863 la
865 4791 1018 4881 catalogo
1045 4801 1177 4861 notatus
1201 4808 1337 4860 numero
1361 4791 1416 4870 46,
1509 4843 1512 4849 .

364 4897 381 4904 ”
1186 4899 1208 4966 a
