3409 5400
384 520 448 587 rso
515 561 520 573 .
647 551 654 564 ·
701 519 762 585 nu
782 516 1029 585 msurvus
1053 516 1275 601 turturis
1330 622 1334 633 1

339 676 372 745 8.
472 680 667 745 Conuiuium
687 682 787 746 etium
803 680 963 747 sollemne
977 680 1118 743 maiores
1135 680 1341 745 instituerunt
1355 680 1440 767 idque
1451 683 1514 745 cari

382 786 646 875 appellauerunt,
675 788 726 851 cui
755 801 883 874 praeter
907 798 1066 875 cognatos
1092 778 1122 848 et
1146 787 1273 851 adfines
1291 788 1389 853 'nemo
1409 788 1513 874 interpr

382 896 486 970 batur,
509 905 553 967 ut,
578 896 608 959 si
630 896 801 984 quainter
823 894 1033 960 necessarias
1057 914 1220 979 personas
1239 890 1389 981 querella
1408 898 1513 959 essctu

382 1002 471 1088 apud
494 1021 592 1066 sacra
613 1022 755 1066 mensae-
776 1011 809 1061 et
834 1002 919 1064 inter
941 998 1137 1065 hilaritatem
1161 1004 1343 1069 animorum
1365 1013 1394 1065 et
1412 1000 1513 1066 fautori

342 1106 359 1154 s
382 1106 577 1172 concordiae
600 1106 755 1172 adhibitis
779 1105 950 1201 tolleretur.
1000 1184 1001 1187 Ἴ

340 1204 372 1270 9.
470 1213 635 1277 Senectuti
657 1214 792 1277 iuuenta
814 1214 859 1276 ita
882 1211 1080 1279 cumulatum
1107 1226 1138 1280 et
1154 1218 1419 1301 circumspectum
1432 1212 1513 1279 hono*

378 1318 545 1391 reddebat,
568 1319 737 1404 tamquam
764 1320 908 1383 maiores
936 1330 1016 1383 nutu
1045 1321 1303 1391 adulescentium
1326 1330 1503 1387 communes

378 1437 445 1489 tres
477 1434 598 1488 essent.
646 1417 719 1507 Quo
749 1428 839 1491 circu
862 1429 998 1495 iuuenes
1023 1440 1157 1496 senattrs
1181 1425 1233 1491 die
1257 1428 1367 1514 utique
1390 1427 1513 1515 aliquen

336 1555 343 1568 ·
378 1531 525 1617 putribus
551 1518 757 1615 conscriptis
781 1544 840 1598 atat
865 1534 1080 1619 propinquum
1110 1546 1166 1599 aut
1186 1519 1365 1620 'paternum
1388 1536 1513 1597 amicum

380 1639 504 1704 curiam
533 1636 755 1713 deducebant,
784 1638 945 1725 adtirdque
978 1623 1083 1705 ualuis
1113 1640 1336 1727 expectabunt,
1370 1640 1466 1704 donec
1493 1664 1513 1703 rt

380 1743 478 1810 cendi
499 1740 596 1808 etiam
620 1746 728 1810 officio
752 1747 975 1831 fungerentur.
1011 1746 1088 1825 Qua
1110 1748 1241 1833 quidem
1258 1746 1438 1813 uoluntaria
1452 1760 1513 1811 stat

381 1863 412 1913 et
435 1870 573 1936 corpora
601 1863 632 1915 et
661 1850 789 1915 animos
819 1850 863 1916 ad
891 1851 1030 1937 publicu
1047 1852 1155 1917 officia
1176 1854 1304 1939 inpigre
1328 1854 1513 1917 sustinenda

379 1957 553 2028 borabant,
589 1959 746 2043 breuique
777 1940 1048 2043 processurarum
1077 1962 1123 2025 iu·
1138 1959 1245 2027 lucem
1279 1962 1429 2025 uirtutum
1444 1964 1513 2023 'sua

378 2061 566 2129 uerecunda
591 2062 714 2129 laboris
739 2064 952 2130 meditatione
985 2066 1049 2149 ipsi
1077 2064 1231 2131 doctores
1256 2080 1355 2134 erant.
1399 2065 1513 2131 inuitat

380 2192 518 2235 caenam
547 2168 719 2255 diligenter
740 2170 945 2256 quaerebant
972 2173 1104 2259 quinam
1133 2174 1164 2236 ei
1187 2176 1337 2238 conuiuio
1366 2186 1475 2237 esseut
1495 2174 1513 2236 it

377 2276 485 2349 futuri,
508 2297 549 2338 ne
573 2276 713 2341 senioris
742 2276 920 2341 aduentum
943 2278 1105 2351 discubitu
1124 2290 1382 2366 praecurrerent,
1404 2278 1513 2343 sublati

378 2402 495 2447 mensu
517 2383 643 2466 priores
668 2399 868 2469 consurgere
894 2396 924 2446 et
954 2384 1043 2449 abire
1066 2386 1278 2471 patiebantur.
1323 2386 1373 2450 Ex
1396 2385 1512 2472 quibus

377 2501 471 2573 paret
507 2508 629 2551 caenae
665 2509 794 2575 quoque
819 2502 967 2576 tempore
1002 2511 1100 2576 quum
1129 2512 1228 2577 percu
1258 2502 1288 2555 et
1317 2514 1414 2580 quam
1446 2491 1513 2556 mot

377 2615 530 2658 sermone
553 2592 605 2657 his
628 2596 857 2678 praesentibus
882 2596 968 2660 soliti
992 2598 1057 2660 sint
1079 2600 1136 2661 uti.
1512 2602 1513 2605 ’

266 765 280 802 >t

377 2752 402 2806 l.
412 2756 439 2803 id
449 2756 518 2819 quod
528 2751 561 2805 E.
577 2751 589 2825 ΙΙ
603 2758 738 2807 caristiam
748 2754 817 2809 DE.
829 2753 963 2806 Cberistis
972 2753 1038 2822 Nep.
1051 2754 1127 2808 Torr-
1142 2754 1176 2808 Vt
1183 2773 1231 2810 noc
1240 2757 1317 2809 etium
1323 2757 1387 2811 Pur.
1399 2758 1413 2826 ΙΙ
1424 2753 1450 2810 3.
1462 2749 1513 2824 qua

371 2840 417 2894 pr.
435 2823 466 2876 A.
478 2823 491 2891 ΙΙ
512 2821 537 2876 4.
555 2829 623 2881 inter
641 2838 689 2877 om.
708 2825 745 2880 D.
758 2828 772 2895 Η
791 2831 818 2877 et
836 2826 995 2892 fautoribus]
1016 2828 1163 2878 fautoribus
1182 2826 1296 2881 DTorr·
1322 2833 1348 2878 et
1367 2832 1513 2879 factoribus

386 2893 436 2964 1111.
455 2899 578 2948 iuuentus
596 2896 650 2949 AB
669 2903 695 2948 et
708 2909 750 2965 pr.
767 2895 794 2952 C.
813 2897 936 2948 iuuentus
949 2895 1042 2949 Der
1053 2903 1079 2948 et
1089 2911 1158 2949 corr.
1173 2898 1202 2958 0,
1218 2895 1294 2954 Torr.
1306 2897 1320 2966 ΙΙ
1331 2903 1359 2950 et
1375 2902 1511 2963 circumsp

375 2983 424 3018 om.
443 2965 474 3019 Γ.
489 2967 501 3038 ΙΙ
516 2967 540 3019 l.
560 2983 714 3019 communes
733 2969 943 3018 adulescentium
964 2966 995 3018 Γ.
1007 2968 1020 3036 Η
1035 2965 1074 3020 li).
1093 2971 1181 3019 beluis
1200 2967 1231 3022 Β.
1244 2969 1257 3037 ΙΙ
1269 2973 1397 3022 redeundi
1417 2967 1444 3022 C.
1457 2970 1471 3038 ΙΙ
1487 2968 1513 3021 11

375 3068 409 3077 -
428 3035 494 3104 (ld.)
513 3045 589 3091 erant
606 3054 655 3090 om.
674 3037 705 3090 Γ.
717 3040 730 3106 ΙΙ
745 3022 785 3089 ld.
805 3040 909 3088 animas
927 3036 960 3089 B.
972 3037 986 3105 ΙΙ
998 3039 1043 3104 ud]
1064 3056 1081 3090 s
1094 3054 1139 3106 pr.
1158 3038 1189 3092 Δ.
1203 3037 1215 3110 ΙΙ
1237 3038 1277 3093 13.
1295 3056 1428 3106 processu
1449 3057 1513 3091 reru

373 3107 406 3162 A.
430 3125 560 3173 processu
585 3126 675 3160 eemm
701 3107 733 3162 Β.
760 3125 890 3173 processu
910 3111 1056 3160 futurarum
1075 3109 1103 3161 in
1127 3124 1223 3163 rasura
1244 3111 1271 3164 C.
1300 3125 1434 3178 processu
1457 3127 1513 3162 rert

373 3195 503 3245 processu
523 3197 656 3232 morarum
675 3188 744 3233 cerr.
763 3178 802 3234 A.
822 3179 851 3231 in
869 3193 966 3230 rasura
984 3178 1022 3234 D,
1045 3178 1217 3249 Turullium
1236 3197 1305 3234 corr.
1326 3180 1444 3250 11111.
1468 3185 1513 3232 dot

374 3247 522 3302 ABCDE
532 3250 608 3304 Torr.
627 3254 662 3302 cl·
681 3255 804 3302 doctores
817 3247 954 3316 murpo‘D.
967 3250 980 3319 Η
994 3247 1034 3301 15.
1047 3267 1141 3302 cenam
1152 3252 1184 3304 A.
1195 3251 1210 3321 ΙΙ
1222 3255 1343 3319 quisnam
1358 3269 1405 3322 pr.
1417 3253 1449 3305 Α.
1462 3252 1476 3320 ΙΙ
1489 3256 1513 3304 in

374 3323 441 3372 cturi
457 3319 488 3372 Γ.
501 3322 514 3390 Η
529 3319 568 3374 ll.
588 3338 684 3373 menso
696 3345 712 3374 u
723 3340 742 3379 ι
753 3324 857 3387 priores
878 3321 906 3373 C.
918 3321 931 3388 11
943 3322 1057 3388 priores]
1079 3319 1142 3373 odd.
1164 3325 1191 3375 ct
1209 3339 1278 3376 corr.
1296 3323 1359 3392 Β.“ΙΙ
1374 3322 1418 3378 18.
1439 3341 1513 3376 ceno

444 3462 468 3516 8.
488 3460 566 3516 Ouid.
585 3465 647 3516 test.
665 3464 697 3524 li,
716 3461 768 3516 titt
787 3467 815 3518 et
831 3479 907 3531 sqq.-

444 3533 469 3586 9.
489 3538 566 3588 Ouid.
585 3539 648 3587 t'ust.
662 3537 692 3594 V,
712 3532 745 3586 bi
765 3539 793 3586 et
804 3551 863 3601 sqq.
882 3535 914 3584 Α.
932 3537 999 3587 Geli.
1018 3536 1051 3593 ll,
1074 3531 1114 3588 15.
1485 3587 1486 3590 ,

443 3605 576 3659 Senectuti
590 3607 707 3668 iuuenta)
722 3607 797 3657 Deae
809 3607 955 3658 iuuentutis
968 3609 1082 3666 nominc,
1103 3611 1244 3674 quoderat
1260 3611 1288 3661 iu
1301 3611 1467 3676 archetypo,
1490 3627 1513 3660 at

373 3678 517 3744 gnicndem
536 3680 679 3730 iuuenilem
696 3680 813 3729 aetutem
831 3679 875 3728 uel
893 3679 1084 3729 multitudinem
1101 3681 1226 3731 iuuenum
1244 3684 1342 3746 poeise
1358 3685 1470 3732 tuntum
1491 3691 1513 3732 ut

374 3749 404 3795 lu
418 3749 506 3798 solutu
524 3753 644 3800 cretione
662 3765 723 3799 cum
739 3751 827 3800 locum
845 3763 898 3798 non
918 3750 1025 3806 habeut,
1046 3752 1171 3801 substitui
1183 3753 1341 3802 uocabulum
1355 3755 1432 3818 apud
1455 3769 1513 3820 arg

373 3831 454 3879 quam
478 3822 576 3868 uocant
600 3822 696 3870 aetatis
721 3821 868 3884 scriptores
890 3821 916 3869 et
939 3821 1076 3883 inprimis
1101 3824 1172 3885 opud
1192 3823 1325 3874 Valerium
1348 3825 1513 3889 frequentis

373 3886 417 3952 (ll,
441 3883 480 3944 10,
499 3883 523 3936 4.
544 3888 574 3944 V,
593 3886 619 3946 8,
638 3887 664 3940 t.
682 3887 727 3947 Vl,
745 3885 771 3947 i,
791 3891 845 3940 init.
866 3891 908 3948 Vl,
925 3886 952 3948 2,
972 3887 1018 3956 8.),
1039 3894 1106 3956 quod
1129 3895 1217 3943 tuetur
1236 3895 1339 3944 Paridis
1361 3896 1500 3958 epitome.

441 3971 658 4022 processurarum
677 3959 705 4009 ia
722 3959 814 4021 lucen)
832 3963 922 4012 Verba
939 3977 991 4012 nun
1010 3963 1098 4030 magis
1116 3963 1446 4016 librariorum-erroribus
1469 3981 1513 4030 qut

370 4028 515 4090 terpretum
540 4029 621 4094 nugis
651 4030 772 4080 mutilate
795 4033 904 4096 LipsIus
929 4034 1042 4101 egregia
1072 4034 1247 4093 diuinatione,¹
1267 4035 1418 4086 Torrenius
1450 4037 1513 4086 ineu

370 4099 466 4149 iudicio
485 4099 661 4148 restituerunt.
698 4101 766 4150 Nem
779 4105 850 4170 quod
868 4103 976 4166 Lipsius
988 4117 1036 4166 pro
1050 4105 1161 4172 uulgata
1173 4106 1304 4170 scriptura
1313 4119 1452 4172 processu
1472 4119 1513 4168 mc

370 4171 515 4237 legendum
533 4170 729 4232 suspicabatur,
744 4186 962 4237 processurarum
980 4175 1150 4225 confirmetur
1168 4177 1259 4226 codice
1277 4178 1365 4234 Bern,
1387 4191 1479 4242 quem
1498 4178 1513 4226 t

371 4243 476 4308 quidem
501 4244 528 4291 et
552 4240 640 4304 ipsum
658 4254 787 4307 processu
809 4257 942 4295 mororum
967 4245 1093 4296 exhibere
1117 4247 1251 4304 mentitur,
1274 4248 1405 4315 neglecto
1428 4249 1513 4312 antiq

369 4315 450 4378 pnulo
469 4313 623 4364 recentioris
642 4327 767 4363 tuenuum
786 4315 945 4365 discrimine.
986 4315 1098 4381 Reliqua
1121 4315 1229 4380 Lipsius
1253 4334 1347 4382 parum
1373 4319 1459 4368 reete
1489 4319 1513 4368 si

369 4387 504 4444 stituerut,
532 4383 658 4434 uirtutum
682 4397 790 4435 suarum
812 4381 962 4436 ceromata
986 4391 1011 4435 et
1033 4383 1167 4438 uberiore
1191 4385 1358 4440 meditatione
1385 4387 1448 4456 ipsi
1476 4385 1513 4438 do

368 4462 453 4510 erum.
473 4458 628 4523 inquibus,
653 4470 702 4519 per
721 4468 752 4504 se
770 4471 823 4506 nou
844 4457 913 4506 adeo
938 4457 993 4506 iteri
1017 4458 1161 4516 similibus,
1186 4461 1308 4525 equidem
1331 4473 1429 4526 neque
1457 4475 1513 4522 pro

367 4524 422 4589 ipsi
438 4529 566 4595 intellego
584 4541 671 4592 neque
689 4527 796 4576 omuino
821 4529 890 4593 quod
910 4527 1020 4576 iuuenes
1040 4529 1078 4578 illi
1096 4531 1220 4580 uirtutum
1238 4545 1349 4582 suerum
1369 4531 1513 4582 futuroru

368 4595 493 4647 diutione
512 4598 688 4647 doctiores
707 4599 819 4647 fuisse
839 4599 967 4646 dicuntur.
1004 4597 1058 4648 Sed
1076 4601 1145 4650 hoec
1163 4616 1217 4650 uns
1229 4602 1344 4652 litterula
1363 4603 1468 4652 deleta
1483 4601 1513 4650 fa

369 4668 460 4714 sonari
479 4668 543 4716 uidit
555 4667 706 4725 Torreuius,
726 4670 827 4718 sicum
846 4668 1038 4718 recentioribus
1051 4671 1151 4735 aliquot
1167 4671 1290 4731 librariis
1310 4673 1392 4730 Alto,
1416 4673 1453 4722 R.
1469 4670 1513 4720 Su

368 4733 518 4784 scribamus
537 4733 664 4797 doctores,
684 4740 754 4803 quod
772 4739 870 4798 ueltcm
888 4737 1044 4801 recepisset.
1086 4739 1225 4793 Sententia
1241 4745 1298 4803 est,
1322 4744 1513 4796 adulescenti
