3409 5400
588 488 671 555 LlB.
695 488 765 569 llll,
790 492 826 557 O.
851 496 883 570 Β,
906 505 937 571 ς.
963 498 993 561 l.
1340 506 1404 572 371

183 648 273 733 geris
301 657 357 712 aut
385 648 502 733 quibus
534 651 646 715 infulis
679 653 926 718 misericordiae
957 658 1185 741 permiseris,
1219 682 1261 725 ne
1290 663 1406 730 alienis

183 750 279 821 utalis
303 752 436 838 perinde
461 778 499 819 ae
523 756 620 821 bonis
644 759 714 822 suis
737 759 895 824 laetemur
918 776 949 825 et
973 765 1143 848 gestiant
1180 765 1308 832 Diuites
1332 783 1409 835 sunt

183 859 319 927 aliorum
343 861 488 933 iacturis,
510 862 687 949 locupletes
717 866 966 943 calamitatibus,
995 871 1197 936 immortales
1226 873 1405 942 funeribus.

183 965 252 1031 Sed
279 964 325 1031 illi
354 978 516 1052 quatenus
544 970 660 1036 alicnis
694 972 913 1039 incommodis
948 998 1082 1041 suorum
1117 977 1225 1045 adhuc
1258 991 1407 1065 expertes

155 1070 347 1147 sinsultent,
377 1076 499 1161 optima
527 1076 648 1140 uindex
681 1078 893 1153 insolentiae,
928 1084 1072 1149 uarietas
1101 1084 1267 1151 humanae
1295 1085 1409 1153 condi·

185 1178 291 1241 cionis
316 1180 441 1247 uiderit.

582 1732 640 1796 llll
673 1731 1005 1801 LIBERALITATE.

273 1924 430 1993 Nostrum
453 1951 535 2015 opus
559 1931 612 2015 pio
637 1951 775 2017 egressu
800 1932 841 1996 ad
866 1934 1033 2018 proprium
1057 1932 1204 1999 dolorem
1219 1946 1410 2023 prouectum
1419 1928 1509 2002 Vlll.

184 2035 217 2097 in
242 2056 336 2097 suum
361 2035 507 2099 ordinem
521 2050 702 2112 reuocetur,
723 2035 991 2125 liberalitatisque
1007 2044 1299 2107 conmemorationi
1314 2065 1412 2109 uace-

150 2160 270 2208 rontus
312 2140 411 2205 Cuius
436 2142 501 2207 duo
525 2155 602 2207 sunt
624 2146 764 2209 manime
788 2144 976 2229 probabiles
992 2146 1111 2222 sontes,
1129 2169 1243 2213 uerum
1257 2148 1413 2215 iudicium

186 2258 217 2307 et
239 2245 380 2311 honesta
401 2248 630 2313 beniuolentia.
677 2248 762 2313 Nam
788 2272 862 2313 cum
888 2250 929 2313 ab
952 2250 1004 2314 his
1029 2254 1159 2326 orietur,
1183 2263 1258 2317 tunc
1282 2253 1415 2320 demum

187 2356 216 2416 ei
240 2354 322 2439 ratio
347 2365 484 2421 constat.
513 2354 610 2418 Dono
634 2368 743 2419 autem
766 2357 831 2441 ipsi
854 2342 993 2442 gratiam
1019 2372 1049 2423 et
1070 2358 1264 2445 magnitudo
1282 2358 1415 2445 quidem

188 2482 260 2530 stra,
284 2460 344 2523 sed
361 2462 586 2525 efficaciorem
620 2462 785 2549 aliquanto
815 2466 1041 2555 opportunitas
1071 2464 1232 2529 conciliat.
1279 2464 1455 2532 Acceditl.

188 2566 275 2633 euim
298 2569 400 2651 pretio
425 2568 471 2631 rei
494 2568 733 2633 inaestimabile
757 2580 957 2633 momentum
982 2572 1178 2636 occasionis

151 2699 177 2740 to
278 2673 372 2754 Quae
395 2674 497 2739 Fabio
522 2674 666 2740 ttaximo
690 2686 734 2739 tot
757 2686 830 2740 ante
847 2677 983 2742 saccula
1000 2696 1134 2762 paruam
1151 2679 1309 2763 pecuniae
1326 2699 1414 2744 surn-

188 2803 277 2846 mam
301 2793 471 2868 erogatam
496 2781 539 2847 ad
562 2782 625 2846 boe
651 2805 754 2869 usquc
779 2768 907 2870 tempus
929 2782 1127 2850 laudabilem
1142 2786 1227 2850 fecit.
1258 2785 1414 2871 Captiuos

189 2887 229 2950 ab
259 2885 442 2952 Hannibale
475 2889 667 2976 interposita
699 2892 851 2976 pactione
886 2908 1091 2954 nummorum
1124 2902 1303 2976 receperat.
1350 2890 1416 2972 Qui

189 3017 263 3059 cum
287 3017 306 3058 a
331 3007 446 3060 senata
472 3019 535 3060 uoti
559 3007 811 3082 praestarentur,
835 2996 940 3058 misso
963 2996 998 3058 in
1026 2995 1140 3060 urbem
1168 2998 1235 3061 lilio
1266 2997 1415 3075 fundum,

190 3123 286 3188 quem
315 3103 444 3166 unicum
475 3101 685 3188 possidebat,
718 3100 875 3174 uendidit,
906 3102 1042 3188 eiusque
1072 3105 1212 3189 pretium
1239 3101 1417 3168 Hannibali

149 3234 180 3277 20
190 3207 338 3292 protinus
362 3211 556 3282 numerauit,
581 3210 609 3272 si
625 3210 666 3272 ad
684 3207 828 3272 calculos
843 3220 1026 3283 reuocetur,
1050 3231 1198 3292 paruum,
1212 3221 1324 3297 utpote
1339 3232 1415 3294 sep-

191 3329 255 3378 tem
279 3313 447 3398 iugeribus
477 3325 507 3376 ct
538 3313 599 3376 lroc
628 3315 661 3374 in
690 3311 832 3396 Pupinia
860 3313 999 3377 addictis
1028 3314 1212 3390 redactum,
1247 3317 1276 3379 si
1305 3315 1416 3380 animo

697 3417 910 3429 --—.--.-.-.

191 3453 217 3510 2.
237 3456 273 3522 et]
295 3471 327 3505 ac
348 3451 424 3505 Torr.
442 3453 456 3521 ll
472 3449 497 3503 ³.
517 3451 640 3516 alierum]
667 3453 761 3503 alienis
780 3451 809 3506 F.
827 3454 841 3520 11
860 3452 884 3505 d.
904 3458 1019 3519 quantus
1037 3451 1069 3506 F.
1090 3450 1103 3523 ll
1123 3453 1147 3506 8.
1167 3456 1294 3505 Nostrum
1312 3483 1346 3493 -—
1365 3449 1417 3522 (il.)

194 3525 429 3592 liberalitatisque]
450 3525 523 3572 Nunc
543 3523 709 3572 liberalitatis
730 3522 760 3574 Γ.
776 3529 787 3586 Η
802 3525 939 3588 propriam
961 3523 1050 3576 CEF.
1062 3523 1076 3590 ΙΙ
1094 3524 1224 3590 dolorem]
1244 3524 1283 3576 eie
1301 3523 1330 3577 D
1347 3530 1373 3575 et
1388 3531 1419 3577 ttt

191 3595 298 3650 uidetur
311 3612 356 3665 pr.
374 3595 406 3647 A.
425 3596 547 3644 arderem
565 3591 623 3652 (sed
640 3591 688 3645 litt.
708 3595 757 3642 ard
776 3594 804 3642 t'a
823 3601 931 3650 rasura)
949 3609 1018 3644 corr.
1038 3594 1068 3646 A.
1088 3610 1144 3644 rem
1166 3593 1217 3645 GE
1223 3592 1250 3647 F.
1263 3595 1277 3662 ΙΙ
1288 3599 1419 3659 prouentu

193 3668 225 3722 F.
242 3670 255 3736 ΙΙ
272 3665 297 3722 ll.
316 3671 342 3718 iu
362 3681 410 3718 om.
430 3662 457 3716 0.
475 3664 488 3732 Η
506 3665 689 3725 libertatisque
713 3662 744 3714 A.
757 3663 771 3729 ΙΙ
789 3661 830 3714 10.
850 3668 912 3714 sunt
932 3667 983 3714 dno
1009 3661 1037 3716 F.
1050 3661 1063 3728 ΙΙ
1080 3663 1122 3716 ll.
1141 3665 1223 3715 oritur
1240 3662 1407 3734 DFTmnH

193 3741 266 3806 trine]
287 3745 339 3791 tam
361 3735 421 3788 GE.
434 3735 447 3802 ΙΙ
460 3739 484 3786 ei
504 3738 609 3787 dcmrun
629 3733 660 3786 F.
675 3731 687 3804 ll
704 3731 744 3785 12.
763 3734 851 3800 gratia
870 3733 935 3786 ΛΕ.
948 3734 962 3803 Η
976 3730 1015 3785 ld.
1035 3735 1171 3786 ctllcacins
1190 3733 1228 3786 D.
1244 3736 1259 3805 ΙΙ
1275 3738 1418 3802 aliquando

190 3825 236 3878 pr.
254 3810 284 3863 A.
299 3815 312 3876 ΙΙ
326 3809 449 3858 consiliat
468 3805 505 3858 D.
520 3805 532 3877 ll
550 3801 591 3857 15.
610 3805 711 3856 labium
732 3806 874 3854 maritimum
894 3803 951 3856 EF
973 3811 1000 3856 et
1016 3820 1084 3858 corr.
1103 3804 1136 3859 A.
1160 3803 1237 3857 Torr.
1260 3825 1296 3861 m.
1317 3808 1419 3858 fabium

196 3880 226 3934 Γ.
238 3883 374 3949 liparae·
393 3878 423 3929 A.
443 3893 547 3942 paruae
565 3876 600 3928 F..
624 3880 658 3926 ob
677 3891 790 3941 paruam
812 3873 914 3942 Foruli
932 3891 1057 3928 summa·
1081 3880 1214 3944 erogata·
1234 3875 1265 3930 A.
1282 3878 1296 3946 ΙΙ
1313 3874 1353 3930 ll.
1373 3894 1418 3931 a·

194 3955 339 4004 hannibale
357 3949 388 4002 Γ.
400 3950 413 4016 ΙΙ
427 3947 467 4003 lll.
488 3955 566 4015 qtttrm
586 3945 614 4000 F.
628 3947 641 4016 ΙΙ
654 3947 769 4014 unicum]
792 3943 853 3999 add.
873 3947 891 3998 l.
913 3949 940 3999 P.
960 3949 1082 3998 similiter
1100 3962 1190 4014 marqo
1208 3947 1240 4001 A.
1261 3951 1367 4000 unicam
1385 3946 1418 4000 F.

207 4021 353 4092 ilpretinus
372 4021 490 4071 hanibali
508 4019 540 4073 F.
558 4017 629 4086 1120.
655 4021 794 4085 paruulum
819 4017 850 4071 F.
872 4015 883 4088 ΙΙ
903 4015 946 4070 21.
966 4021 1017 4069 boc
1036 4033 1085 4070 om.
1104 4017 1133 4070 F.
1150 4018 1164 4085 ΙΙ
1179 4022 1333 4084 puppinlam
1352 4016 1378 4071 l*
1394 4024 1420 4070 et

188 4111 234 4165 pr.
254 4093 285 4146 A.
304 4094 432 4160 puppiniu
450 4090 478 4143 D
497 4095 523 4142 ct
540 4105 611 4143 cort.
628 4090 660 4141 A.
680 4093 760 4156 punio
781 4087 809 4142 C.
830 4093 929 4155 pupina
948 4087 980 4144 F.
1000 4088 1043 4155 Cs.
1062 4086 1127 4150 llll,
1146 4088 1172 4149 ⁴l,
1192 4088 1218 4142 4.

264 4219 334 4272 vttt.
354 4213 537 4282 etmopttitado
546 4213 649 4283 quidem
662 4231 720 4270 sao.
737 4211 785 4266 sert
794 4213 978 4282 efficaciorem)
996 4215 1106 4282 Pighius
1117 4215 1223 4266 codices
1233 4213 1373 4265 Poimanni
1385 4229 1418 4263 ac

194 4293 268 4344 Sosii
287 4293 397 4341 seculus
420 4289 545 4352 copulam
573 4292 599 4338 et
626 4291 762 4352 tamquam
784 4301 981 4350 superuacuam
1006 4287 1088 4335 deleri
1111 4287 1205 4344 iussit,
1230 4287 1271 4335 cut
1294 4283 1418 4335 vorstius

194 4365 268 4416 reete
286 4361 426 4412 oblocutus
445 4363 496 4418 est,
516 4375 574 4409 enm
595 4361 694 4408 diceret
711 4361 737 4408 et
753 4359 781 4410 h.
800 4359 817 4409 l.
837 4371 901 4408 esse
921 4373 971 4421 pro
989 4354 1075 4406 etiam.
1111 4357 1179 4406 Nam
1197 4358 1266 4405 inter
1284 4355 1354 4402 alias
1372 4363 1418 4401 res

194 4435 350 4503 magnitudo
374 4447 479 4498 quoque
505 4445 557 4481 sua
573 4433 649 4480 dono
679 4429 795 4496 gratiam
825 4429 961 4486 conciliat,
989 4429 1039 4476 sed
1067 4428 1195 4476 maiorem
1224 4424 1418 4488 opportunitas.

195 4511 282 4568 Quam
300 4503 461 4555 sententiam
481 4500 604 4554 Valerius
623 4501 787 4564 insequentis
807 4500 922 4564 exempli
943 4501 1069 4562 respectu
1087 4497 1206 4547 inseruit.

271 4575 292 4628 l.
311 4577 350 4627 Gi.
369 4575 428 4626 Liu.
447 4575 533 4633 XXll,
552 4568 596 4626 23,
624 4573 690 4621 Plut.
709 4571 774 4620 Fab.
794 4571 868 4620 blax.
888 4566 911 4621 7.
934 4569 1009 4620 acet
1029 4569 1128 4618 denir.
1148 4567 1184 4617 ill.
1204 4559 1248 4616 tt.

268 4645 355 4698 onim
373 4644 516 4712 aequam)
534 4645 608 4704 Quod
629 4656 722 4693 omues
741 4643 799 4692 tere
817 4642 877 4692 libri
894 4641 1011 4696 tradunt,
1029 4634 1225 4704 praeropeatis,
1242 4631 1331 4684 tuboe
1349 4649 1419 4688 nexu

196 4721 316 4794 intellegi
333 4719 433 4785 nequit.
469 4717 573 4770 Etenim
591 4715 685 4784 patrois
703 4713 765 4777 illis,
785 4713 830 4764 ubi
847 4713 954 4787 legitur,
971 4711 1092 4760 lctomm
1109 4708 1177 4761 loeis
1188 4707 1328 4772 pecuniam
1341 4721 1421 4772 prae·

1063 4858 1067 4864 .
1134 4794 1203 4866 tt·
