3409 5400
380 483 443 552 tto
703 482 762 552 DE
785 480 1027 555 INSTITVTIS
1052 482 1261 570 ANTIQVIS.

694 772 754 839 DE
777 770 1021 840 INSTITVTIS
1047 771 1260 854 ANTIQVIS.

337 967 367 1031 1.
466 966 563 1053 Apud
591 971 744 1056 antiquos
771 992 840 1036 non
870 969 976 1037 solum
1004 970 1131 1057 publice
1163 969 1223 1035 sed
1248 970 1323 1035 etiam
1341 971 1458 1056 priuatim
1474 974 1517 1037 ui·

376 1074 423 1138 hil
446 1075 621 1161 gerebatur
643 1077 708 1139 nisi
731 1077 879 1161 auspicio
905 1078 994 1164 prius
1019 1088 1160 1162 sumpto.
1198 1076 1264 1157 Quo
1284 1098 1316 1140 ex
1333 1098 1404 1141 more
1423 1080 1518 1162 nuptiis

378 1182 474 1244 etiam
503 1202 589 1244 nunc
619 1184 771 1268 auspices
798 1185 1061 1269 interponuntur,
1086 1185 1159 1270 quI‚
1191 1184 1321 1269 quamuis
1344 1186 1463 1271 auspicia
1480 1202 1519 1269 pe

345 1351 346 1354 ,
377 1299 444 1350 tere
468 1286 632 1363 desierint,
655 1289 728 1375 ipso
752 1301 862 1353 tamen
885 1290 1016 1354 nomine
1041 1291 1159 1354 ueteris
1185 1290 1396 1355 consuetudinis
1415 1291 1521 1377 uestigit

377 1404 546 1479 usurpant.
860 1390 867 1401 '

249 1563 255 1575 ,
336 1494 366 1559 2.
465 1500 620 1566 Feminae
644 1524 718 1567 eum
741 1505 821 1568 uiris
846 1503 1038 1568 cubantibus
1064 1504 1217 1569 sedentes
1239 1504 1425 1569 caeuitabant.
1464 1502 1523 1583 Qua

379 1608 581 1677 consuetudo
612 1632 651 1673 ex
678 1609 847 1678 bominum
878 1612 1029 1677 conuictu
1058 1609 1101 1675 ad
1131 1610 1242 1675 diuina
1269 1612 1436 1697 penetrauit.
1474 1610 1524 1675 Nat

377 1718 465 1784 Iouis
490 1716 586 1805 epulo
609 1718 681 1801 ipse
704 1719 738 1781 in
759 1716 922 1791 lectulum,
947 1716 1028 1781 Iuno
1053 1728 1084 1779 et
1107 1716 1255 1781 Minerua
1275 1720 1304 1781 in
1326 1716 1413 1782 sellas
1435 1716 1474 1781 ad
1490 1738 1525 1781 ca

377 1847 456 1889 nam
479 1822 707 1887 innitebantur.
753 1822 851 1904 Quod
875 1846 982 1911 genus
1007 1824 1190 1887 seueritatis
1215 1834 1300 1889 aetas
1320 1834 1422 1889 nostra
1440 1823 1526 1910 dibge

377 1932 441 1993 tius
465 1932 499 1993 in
516 1929 674 2016 Capitolio
699 1952 797 2017 quam
819 1932 853 1994 in
876 1932 946 1994 suis
971 1929 1121 1994 domibus
1145 1940 1324 2005 conseruat,
1345 1928 1484 1993 uidelicet
1499 1950 1527 2013 qt

377 2038 485 2123 magis
523 2037 567 2101 ad
599 2057 669 2100 rem
701 2038 839 2123 pertinet
875 2037 1008 2101 dearmn
1045 2056 1144 2122 quam
1180 2037 1347 2103 mulierum
1383 2034 1529 2121 disciplina

378 2144 547 2207 contineri.

335 2244 367 2312 3.
467 2247 561 2330 Quae
593 2271 658 2313 uno
687 2261 858 2315 contentae
888 2250 1096 2315 matrimonio
1125 2252 1254 2315 fuerant
1276 2271 1397 2314 corona
1418 2248 1531 2334 pudico

291 2386 321 2447 g
377 2354 632 2423 honorabantur.
671 2356 912 2423 Existimabam
935 2358 1022 2421 enim
1045 2378 1120 2423 eum
1143 2358 1319 2445 praecipue
1335 2366 1506 2421 matronae
1530 2378 1532 2415 l

377 2484 455 2528 cera
480 2462 545 2528 fide
578 2466 799 2548 incorruptum
830 2485 907 2528 esse
931 2466 1091 2538 animum,
1124 2466 1180 2551 qui
1203 2464 1375 2551 depositae
1403 2462 1533 2549 uirginit

379 2637 403 2690 l.
421 2637 620 2709 inscriptionem
637 2638 662 2691 i.
681 2637 696 2691 Ι.
716 2655 766 2692 om.
784 2638 958 2709 surana
979 2643 1003 2707 s.
1026 2640 1048 2695 l.
1068 2657 1116 2695 om.
1136 2638 1167 2695 Γ.
1180 2641 1193 2711 ΙΙ
1209 2636 1235 2693 3.
1255 2657 1289 2692 ex
1310 2656 1362 2693 om.
1382 2638 1449 2692 Par.
1467 2634 1522 2707 lli).

378 2727 435 2764 rura
454 2709 486 2764 Β.
500 2711 512 2784 ΙΙ
526 2709 552 2766 lt.
569 2715 733 2776 usurpantur
755 2709 878 2765 Anca.
896 2714 910 2781 ΙΙ
928 2712 953 2764 I.
973 2716 998 2778 5.
1022 2711 1048 2764 2.
1070 2729 1120 2765 am.
1144 2711 1176 2767 Γ.
1194 2712 1208 2782 ΙΙ
1226 2715 1406 2764 coenitabant
1425 2709 1481 2772 (A).
1511 2708 1535 2760 V

377 2782 440 2835 Par.
454 2780 466 2851 ΙΙ
479 2781 505 2837 9.
525 2785 609 2836 cellas
631 2782 659 2835 C.
671 2782 685 2851 ll
696 2800 810 2835 coenam
827 2783 878 2845 (A.)
889 2786 903 2853 Η
918 2782 957 2837 10.
976 2787 1118 2836 inuitentur
1139 2783 1217 2840 T'orr.
1233 2783 1246 2852 ΙΙ
1266 2783 1309 2837 ll.
1331 2787 1432 2836 seruat
1452 2781 1536 2832 Torr.

377 2855 517 2919 disciplina
534 2852 656 2906 ABDII
673 2859 700 2905 et
713 2870 757 2922 pr.
778 2853 808 2909 0.
831 2852 908 2908 Torr.
920 2853 934 2923 ll
948 2851 988 2907 li.
1006 2857 1093 2922 Quae]
1114 2855 1190 2921 Apud
1204 2858 1333 2922 antiquos
1351 2855 1490 2905 muheres
1512 2870 1535 2918 sp

388 2923 402 2993 ΙΙ
415 2921 455 2979 tt.
475 2926 529 2993 qui]
549 2923 611 2979 add.
629 2928 692 2990 post
708 2924 821 2978 ETorr.
836 2924 847 2993 ΙΙ
863 2929 984 2991 deposito
1002 2926 1034 2978 Γ.

450 3083 473 3138 I.
492 3088 531 3138 ct.
550 3088 603 3136 Cic.
623 3089 656 3136 de
675 3087 728 3136 diu.
747 3087 767 3146 Ι,
789 3083 830 3146 lli,
849 3083 892 3140 28.
921 3088 997 3140 Seru.
1017 3091 1051 3138 ad
1071 3087 1137 3139 den.
1157 3088 1178 3145 1,
1197 3082 1258 3140 346.

446 3153 473 3209 2.
493 3159 531 3208 ct
551 3157 628 3208 Seru.
647 3159 682 3208 ad
701 3156 767 3208 den.
785 3159 842 3217 vu,
865 3155 922 3218 liti.
942 3161 987 3222 qui
1006 3162 1111 3210 omniuo
1124 3159 1240 3210 maiores
1260 3157 1333 3208 olim
1349 3157 1497 3208 sedentes
1513 3169 1535 3204 e

377 3242 441 3279 esse
459 3229 548 3280 relert.

447 3295 637 3359 innitebantur)
671 3299 858 3364 Imperfectum
876 3301 996 3364 tempus,
1024 3302 1092 3366 quod
1118 3317 1170 3351 non
1196 3301 1287 3351 solum
1317 3311 1431 3350 omnes
1460 3297 1534 3346 libri

377 3374 451 3422 mant
460 3373 509 3422 sed
519 3371 599 3426 etiam
611 3369 660 3419 Iul.
672 3370 758 3430 Paris,
772 3387 830 3420 curn
841 3373 977 3434 praesenti
990 3373 1069 3422 tacite
1082 3374 1193 3422 mutauit
1206 3372 1328 3440 Pighius
1345 3371 1478 3434 propter
1495 3383 1532 3416 sc

379 3445 406 3492 ut
424 3441 527 3506 opinor,
549 3437 627 3498 Quod
640 3455 723 3508 penas
738 3440 889 3493 rmeritatis
907 3447 980 3493 aetas
997 3448 1088 3494 nostra
1106 3470 1140 3480 -
1159 3445 1313 3494 consuant.
1362 3441 1499 3491 Poterat
1522 3456 1535 3486 u

377 3515 496 3578 perfecto
514 3515 551 3563 ull
569 3513 701 3571 Valerius,
722 3515 745 3562 si
764 3515 797 3563 de
815 3515 935 3577 tempore
955 3515 1094 3582 cogitauit,
1121 3531 1172 3580 quo
1191 3517 1260 3564 baec
1283 3511 1456 3562 bominum
1482 3525 1535 3558 cor

377 3586 412 3635 nd
437 3586 546 3635 deorum
571 3585 668 3634 cultum
694 3586 917 3636 transferebatur.
958 3585 992 3634 ut
1014 3587 1131 3636 fortasse
1156 3587 1235 3636 eliam
1269 3584 1398 3634 retento
1432 3583 1534 3644 quido

378 3657 489 3707 deorum
506 3658 534 3705 in
552 3670 637 3706 caena
654 3657 815 3714 cubantium.
835 3657 982 3707 sedentium
1002 3658 1112 3707 dearum
1132 3655 1229 3708 Valerii
1254 3655 1366 3706 aetate
1398 3654 1533 3703 inuitati

377 3727 503 3777 lectulum
521 3728 548 3776 ct
565 3728 592 3775 in
610 3726 694 3777 sellas
713 3728 814 3777 abolita
831 3729 884 3777 iarn
904 3729 969 3779 erat.

450 3794 615 3863 disciplinam
633 3796 771 3859 cantinm')
806 3797 851 3847 Sic
870 3799 930 3848 dedi
949 3801 1129 3849 cronloctura
1142 3799 1224 3862 bipsli
1235 3799 1368 3848 omuino
1386 3808 1535 3846 trecessr

379 3883 397 3915 a
415 3867 522 3932 reliquls
540 3868 608 3916 baec
626 3869 664 3917 ita
683 3871 922 3936 distinguerentur,
947 3869 1031 3935 mapa
1049 3865 1085 3920 ad
1107 3884 1161 3920 rem
1174 3866 1302 3936 pertinet
1325 3863 1500 3919 dearum,
1533 3889 1535 3908 ι

378 3939 446 4000 rem)
465 3934 609 3991 nodoso.
629 3935 771 4006 disciplina
784 3939 920 3996 continui.
941 3944 968 3992 in
981 3943 1075 4006 quibus
1088 3942 1204 4004 pendant
1217 3941 1325 3990 ultima
1343 3940 1475 3994 rrerba,
1504 3953 1535 3984 er

378 4011 413 4059 ad
431 4010 468 4062 id,
489 4009 559 4073 quod
577 4010 700 4060 vorstius
719 4013 810 4069 uoluti,
828 4027 911 4077 penas
928 4010 1077 4064 sanitato
1101 4013 1195 4062 reterri
1212 4011 1337 4075 possint
1371 4023 1496 4073 neque
1525 4023 1535 4054 r

377 4081 556 4148 intellegatur,
575 4081 645 4145 quod
663 4083 775 4144 putabat
786 4083 948 4141 Perizonius,
968 4097 1021 4134 eas.
1056 4082 1186 4132 Absolute
1203 4085 1301 4132 autern
1329 4081 1436 4130 nullo
1466 4079 1535 4128 adi«

377 4153 433 4203 tino
451 4148 488 4201 ad
504 4165 558 4201 rem
571 4150 707 4218 pertinen
730 4155 823 4204 dicitur
846 4171 894 4218 pro
920 4169 967 4213 eo,
993 4155 1062 4220 quod
1081 4156 1124 4204 cst
1142 4154 1255 4212 referre,
1289 4153 1505 4208 interesse,
1533 4215 1535 4222 y

378 4225 460 4289 (lnlra
476 4224 509 4283 11,
528 4216 554 4282 t,
573 4224 627 4272 init
655 4222 760 4274 Seneca
783 4241 825 4289 ep.
851 4227 886 4274 ud
910 4225 993 4276 Lucil.
1019 4219 1064 4275 20.
1084 4225 1158 4289 (bis).
1177 4226 1230 4276 CIc.
1251 4239 1330 4287 epp.
1360 4222 1465 4279 xm,
1500 4215 1535 4269 13:

380 4293 540 4360 100.),cum
561 4296 666 4346 iuterim
689 4311 768 4347 nemo
793 4296 872 4347 facilc
898 4311 954 4346 rcm
979 4297 1087 4346 deorum
1107 4297 1151 4345 uel
1174 4297 1291 4346 dearum
1325 4293 1504 4357 posuer-lt

379 4369 482 4420 diuinis.
519 4367 653 4418 Perliaent
677 4367 757 4434 igitur
782 4369 892 4435 genitiui
917 4368 955 4416 illi
973 4368 1006 4416 ad
1026 4363 1206 4433 disciplinam,
1231 4381 1328 4431 quarn
1360 4365 1535 4414 contiuo·

378 4441 403 4489 si
419 4441 521 4490 intacta
538 4441 662 4489 seruatur
679 4439 706 4488 el
723 4440 857 4490 retinetur.
894 4434 1222 4498 etval.11‚t‚oxt2.
1253 4437 1324 4494 vn,
1353 4430 1401 4494 2,
1447 4432 1478 4486 Ι.
1533 4434 1535 4474 l

377 4510 592 4567 1.tu.xxxl111,
611 4506 638 4568 9,
656 4505 682 4560 4.
709 4510 780 4560 Iilor.
799 4509 843 4567 ΙΙΙ,
865 4505 905 4565 12.
924 4505 950 4560 2.
969 4510 1030 4561 cell.

448 4577 474 4632 3.
494 4578 628 4647 ἀφοσίὶικ
645 4578 713 4645 aira.
732 4577 789 4630 aab.
809 4577 850 4644 [in
862 4577 1009 4646 publicam]
1030 4576 1129 4645 effredi)
1166 4580 1466 4631 Grammaticorum
1489 4589 1505 4624 ε
1533 4575 1535 4622 l

379 4651 519 4706 desudem
537 4652 697 4702 sententiam
709 4651 868 4701 coniecturis
881 4665 913 4700 ss
924 4653 1103 4714 permiserunt
1113 4667 1208 4715 parum
1220 4652 1278 4702 ueri
1296 4649 1497 4700 similibus
1534 4661 1535 4667 ¹

379 4717 473 4779 (ntia
485 4718 612 4786 podicem
630 4717 746 4786 spretis),
771 4721 903 4778 Kloltkius
920 4718 1051 4788 (deponam
1068 4719 1221 4788 niryinitate
1238 4719 1343 4774 aab&
1369 4716 1494 4770 unicui
1533 4721 1535 4766 l
