3409 5400
376 470 440 538 182
692 464 757 529 DE
779 459 1022 529 INSTITVTIS
1046 458 1268 543 ANTIQVIS.

375 630 501 693 curiam
520 627 671 691 dabatur.
706 624 775 690 Sed
798 622 958 710 quamuis,
973 620 1133 687 honestus
1157 642 1247 686 error
1263 620 1357 687 Fabii
1372 634 1460 696 esset,
1481 644 1504 686 u

375 745 499 801 menter
536 744 643 797 tamen
680 756 701 796 a
734 730 926 795 consulibus
955 730 1147 816 obiurgatus
1178 739 1237 797 est.
1289 729 1465 819 Numquam
1494 752 1504 792 ε

375 841 635 913 taciturnitatem,
659 839 817 923 optimum
845 860 886 902 ac
898 838 1108 903 tutissimum
1132 834 1455 905 administrandarum
1475 861 1504 905 re

376 946 553 1019 uinculum,
576 945 769 1032 labefactari
792 939 982 1035 uolebant'
1286 1018 1291 1030 ,

462 1030 565 1139 Ergo,
588 1072 663 1115 cum
685 1049 787 1115 Asiae
810 1072 868 1114 rex
882 1050 1059 1127 Eumenes,
1069 1052 1330 1119 *amantissimus
1346 1062 1468 1123 nostrae
1485 1074 1503 1116 u

374 1159 498 1228 bellum
521 1180 542 1221 a
563 1156 668 1220 Perse
691 1156 854 1237 aduersus
877 1158 1034 1244 populum
1057 1157 1246 1223 Romanum
1270 1160 1438 1245 conparari
1460 1182 1504 1225 ser

376 1266 575 1337 nuntiasset,
607 1284 675 1327 nen
698 1262 777 1327 aute
791 1264 874 1329 sciri
897 1265 1002 1349 potuit
1024 1264 1103 1351 quid
1126 1264 1257 1338 sirtille
1280 1261 1504 1358 locutus'cssct

376 1382 487 1457 patres
510 1369 762 1456 respondissent
784 1373 1034 1457 qoame‘aptum
1051 1370 1175 1435 Persen
1193 1362 1361 1459 cognitu'm
1383 1384 1439 1437 est.
1472 1372 1504 1435 Fi

377 1488 449 1542 erat
470 1488 502 1539 et
525 1477 624 1540 altum
646 1474 861 1562 reipublicae
884 1488 999 1561 pectus
1023 1477 1115 1547 curia
1137 1476 1308 1567 silentitpre
1324 1478 1502 1549 salubritate

375 1585 479 1648 nitum
503 1592 536 1645 et
555 1580 713 1647 uallatum
735 1579 890 1669 undique,
914 1584 1007 1647 cuius
1030 1582 1130 1648 limen
1151 1584 1309 1655 intrantes
1326 1586 1449 1649 abiecta
1463 1588 1504 1670 pri

376 1691 511 1754 caritate
522 1688 686 1775 publicam
697 1687 887 1754 induebant.
920 1686 1113 1775 Inquenon
1121 1688 1504 1757 dicam-usumsednem

377 1796 513 1861 audisse
531 1794 686 1863 crederes
705 1793 795 1881 quod
811 1805 879 1859 tam
898 1794 1073 1861 multorum
1093 1796 1227 1864 auribus
1253 1797 1360 1863 fuerat
1372 1798 1504 1863 commis

334 1897 366 1967 2.
464 1902 680 1995 Magistratus
703 1923 783 1965 uero
806 1902 909 1987 prisci
933 1900 1134 1989 quantopere
1147 1886 1246 1967 suam
1256 1903 1435 1989 populique
1450 1902 1504 1968 Ror

375 2010 582 2077 maiestatem
610 2009 787 2072 retinentes
816 2028 854 2072 se
886 2010 1053 2099 gesserint
1076 2006 1158 2073 'hinc
1189 2010 1349 2096 cognosci
1369 2020 1482 2095 potest,

364 2117 461 2208 ,inter
489 2124 600 2179 cetera
629 2114 826 2181 obtinendae
856 2116 1027 2201 grauitatis
1057 2113 1180 2181 indicia
1207 2112 1288 2183 illud
1317 2127 1444 2203 queque
1472 2136 1503 2179 m

378 2244 454 2287 cum
476 2222 723 2309 perseuerantia
745 2219 982 2297 custodiebant,
1007 2244 1047 2285 ne
1065 2220 1200 2287 Graecis
1226 2244 1380 2309 umquam
1404 2223 1465 2287 uisi
1480 2222 1504 2285 Ir

318 2364 322 2372 ·
377 2351 542 2417 responsa
577 2326 703 2393 darent.
755 2326 844 2408 Quin
877 2328 976 2392 etiam
1005 2329 1098 2414 ipses
1126 2328 1260 2416 liuguae
1290 2328 1501 2402 uolubilitate,

377 2437 553 2523 plurimum
583 2432 710 2510 ualent,
741 2456 883 2500 excussa
910 2456 967 2520 per
989 2437 1196 2520 interpretem
1225 2434 1314 2523 loqui
1337 2433 1504 2521 cogebant,

378 2544 414 2608 in
444 2543 524 2606 urbe
553 2552 678 2607 tantum
709 2555 823 2606 nostra
846 2542 907 2606 scd
932 2542 1029 2605 etiam
1053 2542 1087 2605 in
1112 2540 1251 2605 Graecia
1274 2551 1306 2606 et
1327 2539 1422 2615 Asia,
1446 2562 1504 2627 quc

378 2648 455 2716 licet
475 2648 613 2715 Latinae
636 2650 730 2714 uocis
754 2648 861 2714 honos
884 2670 942 2736 per
966 2668 1082 2714 ornnes
1106 2659 1223 2736 gentes
1247 2646 1502 2712 uenerabiliord

380 2754 519 2822 deretur.
567 2755 637 2820 Nee
664 2757 727 2822 illis
759 2756 896 2821 deerant
923 2755 1034 2821 studia
1064 2756 1246 2830 doctrinae,
1276 2753 1337 2820 sed
1365 2753 1456 2820 nulla
1479 2777 1503 2818 n

379 2883 417 2928 re
452 2861 586 2949 pallium
623 2874 721 2950 togae
756 2862 862 2927 subici
890 2860 1009 2926 debere
1038 2861 1294 2936 arbitrabantur,
1322 2860 1498 2950 indignum

353 3002 356 3008 ·
382 2970 606 3034 existimantes
634 2969 808 3034 inlecebris
832 2979 864 3032 et
886 2969 1042 3034 suauitati
1063 2968 1242 3034 litterarum
1264 2963 1395 3053 imperii
1418 2965 1503 3052 pond

383 3077 608 3141 auctoritatem
632 3075 758 3141 donari.

338 3193 371 3261 3,
472 3182 679 3269 Quapropter
709 3201 777 3245 non
806 3203 843 3245 es
872 3179 1080 3248 damnandus
1108 3163 1371 3267 rustici'rigoris
1395 3179 1502 3244 crimir

382 3321 407 3376 1.
427 3327 501 3378 coria
518 3320 675 3390 1011115.
693 3324 895 3374 amantissimus
913 3351 948 3361 -
967 3327 1040 3376 urbis
1059 3341 1108 3377 om.
1127 3321 1186 3448 ndi
1208 3319 1234 3376 6.
1252 3321 1379 3388 populum
1398 3323 1501 3372 Roman

377 3409 423 3462 pr.
442 3393 532 3464 11111.
551 3397 613 3459 quid
632 3396 690 3461 aut]
709 3393 738 3445 ia
756 3390 920 3462 roscreen
932 3391 957 3444 8.
976 3411 1082 3461 persam
1095 3394 1130 3448 E.
1142 3395 1156 3465 11
1186 3431 1193 3445 .
1212 3397 1239 3446 et
1257 3395 1340 3444 altum
1356 3395 1417 3443 erat
1432 3389 1466 3444 E.
1486 3390 1501 3458 11

383 3463 412 3517 C.
431 3482 495 3518 cura
513 3465 541 3516 la
559 3481 656 3518 rasura
666 3464 704 3518 D.
715 3464 730 3532 11
741 3467 891 3530 silentiique
910 3480 980 3517 corr.
992 3464 1023 3518 A.
1036 3468 1187 3536 11ιιιιιιιί1ιιιιι
1201 3469 1228 3520 et
1239 3479 1289 3518 oar.
1302 3461 1333 3516 I’.
1345 3462 1360 3530 11
1373 3459 1417 3515 13.
1431 3465 1501 3531 Mag

382 3565 416 3576 -
435 3533 502 3603 115.)
526 3538 642 3604 quoque]
668 3539 735 3588 Illud
754 3552 858 3604 quoque
882 3539 1057 3605 magistratus
1075 3535 1107 3590 Γ.
1122 3539 1134 3603 1)
1157 3531 1198 3589 lb.
1217 3537 1301 3586 latina
1318 3530 1382 3602 D.ll
1406 3531 1447 3585 11.
1472 3537 1501 3585 et

381 3621 479 3659 rorare
497 3607 528 3660 A.
547 3608 560 3676 1)
576 3608 664 3674 Ipsos]
689 3606 718 3658 ia
737 3622 833 3659 rasura
850 3605 882 3658 Α.
900 3609 962 3672 ipsa
985 3605 1105 3660 CDEP
1118 3612 1144 3658 et
1165 3623 1210 3674 pr.
1229 3604 1270 3662 Β,
1305 3602 1384 3656 Τοιι.
1406 3602 1420 3670 11
1443 3606 1501 3674 ling

381 3691 478 3729 rostro
495 3677 552 3745 au
567 3676 607 3729 18.
625 3680 753 3730 uolebant
771 3675 802 3729 Γ.
822 3675 834 3745 11
848 3678 913 3744 ιιοιι)
934 3693 982 3728 nec
1001 3677 1032 3730 Γ.
1043 3676 1057 3744 11
1077 3674 1117 3730 lo.
1137 3681 1229 3728 urbem
1251 3679 1353 3727 tantum
1375 3680 1500 3727 nostram

392 3746 407 3811 11
419 3750 500 3800 etiam
517 3763 566 3798 ora.
584 3745 698 3816 111120.
717 3751 802 3802 honor
819 3745 937 3817 111121.
958 3750 1013 3800 Nec
1031 3777 1065 3788 -—
1085 3745 1152 3813 111.)
1170 3749 1265 3800 donari
1282 3762 1332 3799 om.
1353 3743 1385 3799 Γ.
1400 3746 1415 3815 11
1434 3762 1492 3798 ιιοιι

393 3813 463 3884 1123.
482 3819 638 3869 estimantes
656 3817 691 3870 Ε.
710 3816 725 3884 11
745 3821 879 3871 suauitate
892 3832 938 3886 pr.
957 3815 989 3870 A.
1009 3817 1023 3886 11
1042 3815 1086 3872 21.
1106 3819 1208 3871 domari
1226 3815 1262 3870 D.
1283 3815 1296 3885 11
1317 3813 1362 3870 25.
1385 3821 1500 3882 Quapro

383 3888 422 3952 (p.
443 3883 502 3945 183,
521 3883 559 3952 11.)
577 3890 703 3951 patefecit
719 3904 768 3939 om.
787 3888 818 3944 Γ.
833 3887 845 3957 11
861 3905 892 3941 es
911 3905 959 3941 oar.
975 3903 1021 3957 pr.
1042 3887 1071 3942 0.

385 4043 434 4106 18,
453 4043 483 4110 5)
501 4048 690 4110 copiosissima
707 4051 735 4098 et
752 4050 911 4100 doctissima
927 4050 1105 4116 (imputatione
1126 4049 1249 4100 euincere
1271 4051 1387 4100 conatus
1408 4053 1454 4100 est
1475 4049 1499 4100 et

383 4117 437 4170 bile
457 4120 529 4168 certe
547 4119 660 4168 reddidit
677 4119 819 4178 Hoffmann,
839 4123 887 4172 der
904 4123 979 4172 Rom.
999 4123 1078 4172 senat
1095 4136 1143 4171 zor
1160 4121 1213 4171 zeii
1231 4120 1257 4172 d.
1275 4121 1381 4186 republ.
1406 4137 1434 4184 p.
1456 4115 1496 4172 39

454 4187 540 4254 Erpa,
561 4202 619 4238 cara
634 4185 725 4250 Asiae)
743 4191 781 4240 ci
800 4191 859 4243 Liu.
877 4193 959 4252 XLII,
982 4187 1021 4243 11.

451 4256 480 4329 2.
500 4260 550 4325 (ct.
569 4261 622 4310 Cic.
641 4261 715 4312 Verr.
735 4262 790 4321 1111,
809 4258 853 4322 to,
876 4259 946 4326 111.)

454 4329 527 4399 ipsos
544 4328 648 4397 linquae
665 4329 837 4392 volubilitate)
855 4330 918 4401 ipso
936 4332 1040 4400 Raptae
1057 4329 1229 4386 uolubilitote.
1251 4335 1321 4398 quod
1334 4333 1498 4397 protuleron

382 4407 466 4469 typus
485 4405 570 4454 codex
588 4406 616 4453 et
633 4418 727 4456 omnes
745 4405 891 4464 editiones,
921 4407 982 4470 quid
1007 4405 1058 4455 sibi
1083 4403 1161 4462 uelit,
1187 4419 1247 4454 cum
1271 4419 1325 4455 non
1344 4405 1457 4454 habeat
1478 4421 1498 4454 cr

382 4476 462 4526 natur
488 4477 534 4525 aut
558 4491 609 4540 quo
633 4475 764 4525 reseratur
786 4476 867 4539 ipsa
895 4477 1005 4543 linguae
1035 4476 1203 4534 uolubilitas,
1232 4475 1356 4540 equidem
1390 4490 1450 4524 non
1484 4475 1498 4524 r

382 4545 521 4596 Valerium
545 4546 700 4596 accusatius
726 4559 791 4595 casu
815 4561 963 4609 pronomen
987 4547 1113 4611 posuisse
1138 4547 1217 4597 docet
1240 4547 1346 4598 Paridis
1372 4545 1498 4611 epitome

384 4617 494 4669 secutos
512 4630 571 4667 sum
590 4631 650 4666 com
669 4616 841 4666 emendatore
859 4618 919 4667 libri
937 4619 1090 4668 Beraensts.

455 4682 482 4740 1.
501 4689 541 4738 Cf.
559 4686 626 4744 8111.
644 4687 702 4760 lug.
720 4681 771 4743 0³3
789 4681 834 4748 85,
853 4681 897 4740 11.
915 4688 983 4741 Prot
1003 4687 1072 4741 uer·
1090 4683 1115 4746 2
