3409 5400
525 433 533 441 “
631 426 713 494 LIB.
736 428 777 535 ll,
802 429 838 495 0.
866 432 895 507 7,
919 441 947 511 8.
974 436 1116 502 9-10.
1419 450 1483 517 215

217 676 221 679 μ
256 592 352 676 equis
374 590 410 652 in
431 586 633 653 tirnditerum
655 591 728 655 alas
746 594 961 678 transcripsit.
999 594 1160 683 Magnum
1175 601 1321 683 profecto
1338 605 1482 674 dedecus

256 696 382 782 patriae
406 696 477 781 pori
499 697 643 760 sontium
671 696 833 761 dedecore
858 700 1057 767 uindicatum
1083 712 1146 777 est,
1171 708 1482 796 quoniamquidem

256 803 293 867 id
321 804 392 889 egit
413 800 510 875 Piso,
538 813 573 865 ut
596 803 852 889 quicupiditate
875 806 962 869 uitae
992 807 1124 873 adducti
1153 832 1248 873 cruce
1277 812 1480 900 dignissimis

255 908 406 995 fugitiuis
429 906 590 991 trophaea
613 907 654 971 de
678 930 716 972 se
739 920 881 973 statuero
905 926 1140 979 concesserant
1167 916 1369 1004 libertatique
1399 942 1478 985 suae

230 1012 368 1079 sseruili
390 1033 493 1077 manu
517 1012 717 1099 flagitiosum
739 1016 853 1101 inponi
877 1019 989 1105 iugum
1013 1042 1079 1085 non
1104 1023 1309 1097 erubuerant,
1333 1046 1479 1091 amarum

257 1120 339 1183 lucis
361 1140 459 1183 usum
483 1120 706 1203 experirentur
734 1130 953 1210 mortemque,
978 1147 1076 1211 quam
1095 1127 1279 1192 effeminate
1296 1130 1477 1206 timuerant,

257 1226 389 1291 uiriliter
412 1235 571 1309 optarent.

343 1330 414 1395 Nec
448 1331 559 1395 minus
587 1332 709 1398 Pisone
738 1337 855 1399 acriter
885 1334 925 1414 t).
953 1336 1112 1403 Metellus.
1172 1338 1246 1419 Qui,
1281 1362 1355 1407 cum
1390 1343 1477 1429 apud
1489 1345 1529 1410 10

257 1438 456 1503 Contrebiam
493 1458 548 1501 res
578 1453 760 1524 gereretur,
789 1441 979 1504 conlocatas
1003 1464 1023 1504 a
1046 1465 1082 1505 se
1098 1444 1140 1504 ⁴in
1164 1446 1306 1527 quedam
1335 1450 1476 1513 statione

219 1544 398 1631 requieque
420 1543 573 1608 cohortes
597 1556 694 1631 etque
718 1568 821 1610 exea
844 1545 966 1609 uiribus
990 1546 1132 1611 hostium
1150 1549 1305 1633 depulsas
1329 1530 1475 1637 repetere

254 1720 280 1773 2
301 1720 415 1785 patriae]
434 1722 527 1785 pariae
543 1735 587 1787 pr.
605 1719 637 1775 A.
662 1725 720 1787 pari
739 1719 755 1774 d
773 1738 840 1775 cerr.
861 1722 891 1775 A.
906 1722 973 1775 'edd
992 1740 1092 1793 magne
1110 1740 1200 1791 meree
1221 1724 1243 1777 C
1260 1732 1284 1777 et
1304 1724 1379 1779 Terr.
1392 1724 1405 1794 ΙΙ
1416 1729 1475 1791 pari

254 1791 380 1857 sentium]
400 1791 530 1854 pisenium
553 1790 618 1843 Cet
630 1807 675 1860 pr.
694 1792 726 1844 Α.
745 1796 868 1858 pisonem
887 1792 920 1853 Β,
936 1810 972 1862 pr
990 1793 1027 1848 E,
1048 1810 1117 1849 corr.
1136 1794 1167 1847 rt.
1191 1798 1294 1861 pisonis
1312 1794 1341 1848 D
1361 1801 1387 1847 et
1403 1812 1472 1851 cerr.

252 1860 291 1916 Ε,
311 1860 388 1914 lber.
406 1863 500 1911 borum
518 1859 549 1913 Γ.
561 1860 575 1927 ΙΙ
587 1862 723 1915 decereD
742 1870 768 1915 et
784 1880 853 1916 cerr.
863 1863 898 1925 E,
917 1864 993 1919 Terr.
1008 1862 1019 1937 ΙΙ
1035 1870 1077 1917 ost
1094 1882 1143 1918 em.
1156 1866 1187 1919 A.
1202 1864 1214 1937 Η
1228 1862 1254 1917 3.
1273 1868 1309 1934 id]
1330 1870 1381 1919 hec
1399 1865 1453 1935 D.l

254 1935 325 1983 uitae
343 1958 377 1967 -
396 1932 561 2000 dignissimis
579 1949 628 1995 em.
647 1932 679 1985 Γ.
690 1933 704 2000 Η
721 1938 881 2002 dignissima
898 1935 981 1989 ΑΘΕ
1001 1943 1026 1988 ct
1043 1952 1112 1989 cerr.
1130 1936 1167 1989 D.
1185 1938 1287 1989 incerte
1300 1954 1346 2005 pr.
1363 1936 1452 2006 BD.l

253 2001 280 2053 4.
298 2004 465 2064 libertatique
483 2028 519 2039 -
537 1998 586 2067 (ἃ)
606 2009 766 2055 erubuerant
785 2022 833 2057 om.
852 2004 878 2057 Γ
877 2046 883 2058 .
896 2004 909 2071 Η
921 2004 946 2058 li.
966 2009 1118 2059 effeminate
1136 2024 1185 2059 em.
1199 2023 1243 2076 pr.
1256 2005 1294 2059 D.
1306 2006 1319 2075 ΙΙ
1330 2011 1474 2061 timuerunt

252 2070 377 2125 ACDE.
389 2071 440 2140 118.
459 2073 515 2123 Nee
532 2102 568 2113 —
586 2078 683 2127 acriter
700 2092 748 2128 ora.
767 2074 799 2128 Γ.
812 2075 825 2142 ΙΙ
836 2080 868 2137 Q.
888 2079 1024 2143 Metellus]
1047 2078 1075 2128 ie
1094 2093 1190 2129 recuro
1207 2076 1238 2129 A.
1266 2096 1292 2141 q.
1312 2082 1429 2130 messius
1448 2078 1474 2131 Β

254 2142 351 2197 cub.
370 2149 401 2205 Q.
420 2145 507 2215 etiruu⁴
519 2146 638 2195 Messius
657 2144 688 2200 Γ.
700 2145 713 2213 ΙΙ
725 2148 775 2207 Qui
794 2162 843 2196 em.
862 2143 960 2213 Γ.119.
980 2150 1090 2198 trebiam
1109 2146 1473 2215 ABCDEJ'.1100ntocatc

245 2230 293 2283 pr.
310 2213 342 2267 Α.
354 2213 369 2281 ΙΙ
383 2212 424 2268 10.
442 2216 562 2279 depulsis
581 2214 636 2268 Bc
653 2222 679 2268 et
690 2232 736 2285 pr.
754 2216 787 2268 A.

757 2324 969 2335 ...n-n...—

320 2372 447 2441 Mopsum
454 2372 587 2441 prrrjeete)
596 2377 732 2427 Edebatur
741 2380 792 2427 hec
803 2377 954 2439 usqueinde
967 2374 1216 2444 aPigbioMepnam
1223 2375 1347 2443 prefecto
1359 2372 1471 2429 dedecet

245 2444 355 2514 petrice
366 2460 458 2510 meone
470 2442 575 2496 Pisonis
586 2443 680 2497 decere
690 2444 851 2497 uindicatam
862 2452 908 2498 cst.
935 2448 1069 2497 Licuisset
1079 2448 1179 2497 auctori
1192 2448 1315 2499 Pisonem
1325 2448 1470 2499 honorilice

248 2520 359 2583 propter
369 2517 480 2584 egregie
498 2519 648 2567 restitutam
660 2520 826 2583 disciplinam
838 2519 978 2568 militarem
993 2520 1076 2569 dceus'
1093 2519 1195 2581 patriae
1211 2518 1361 2581 appellarer
1381 2520 1469 2582 ipsum

248 2590 314 2639 illud
331 2588 431 2637 tectum
449 2588 573 2639 absolute
592 2590 673 2639 decus
691 2606 740 2639 uec
753 2592 837 2653 potuit
848 2590 937 2641 dicero
955 2605 1005 2639 noc
1024 2590 1095 2641 dixit.
1131 2590 1226 2657 Longe
1239 2591 1308 2637 enim
1321 2590 1376 2638 alia
1385 2590 1471 2639 uerba

249 2660 384 2710 Valerium
403 2659 529 2723 posuisse
548 2661 716 2710 consentiens
735 2663 863 2711 bonerum
883 2662 1007 2712 librorum
1019 2662 1199 2711 testimoniam
1217 2661 1378 2726 comprobat,
1398 2660 1469 2726 quod

249 2733 277 2781 in
294 2731 443 2795 archetype
461 2731 553 2780 codiee
571 2731 633 2780 elim
647 2733 686 2780 sic
698 2733 825 2795 scripturn
838 2735 923 2783 luisse
937 2734 1063 2790 declarat,
1083 2729 1208 2797 diepam
1220 2729 1343 2798 prosette
1357 2727 1470 2782 dederas

245 2800 354 2869 patriae
374 2798 507 2868 picenium
531 2798 657 2852 dedecere
681 2799 841 2854 uindicatum
870 2809 922 2861 est,
954 2819 969 2852 e
1001 2804 1095 2866 quibus
1125 2803 1284 2864 reliquorum
1314 2803 1467 2866 discrepen-

248 2874 287 2922 tia
308 2873 387 2921 facile
405 2873 560 2935 explicatur.
597 2873 652 2922 Nec
677 2875 765 2941 magis
783 2890 862 2936 qaam
888 2876 921 2924 de
944 2873 1041 2921 tradita
1066 2875 1197 2936 scriptura
1222 2873 1410 2941 ambigendum
1434 2874 1467 2923 de

248 2944 395 3001 sententia,
424 2957 507 3005 quam
531 2944 575 2992 his
596 2945 686 2994 uerbis
708 2947 870 3008 exposuerat
891 2944 1022 2994 Valerios,
1058 2945 1130 2996 Dixit
1152 2946 1221 2994 haud
1245 2943 1323 2994 dubio
1341 2958 1468 3012 magnum

247 3016 314 3065 illud
338 3015 467 3073 dedecus,
491 3016 562 3076 quod
586 3016 674 3079 patria
694 3029 828 3080 perpesso
851 3017 926 3065 esset
944 3017 971 3064 C.
993 3013 1054 3063 Titii
1075 3016 1206 3079 praesceti
1223 3017 1250 3064 ct
1271 3016 1386 3079 equitum
1409 3015 1466 3064 ille·

247 3101 308 3136 rum
338 3087 460 3152 ignauia,
491 3086 652 3135 uindicatum
676 3100 739 3136 esse
763 3086 841 3135 simili
864 3099 956 3134 eorum
980 3087 1124 3144 dedecore,
1155 3087 1340 3153 ignominiosis
1365 3085 1467 3135 scilieet

248 3156 414 3221 manuum
432 3158 536 3220 pesnis.
573 3161 659 3218 Quam
671 3157 830 3207 sententiam
840 3157 923 3217 liquet
935 3159 1006 3206 recte
1018 3158 1072 3206 iam
1085 3158 1240 3220 percepisse
1252 3155 1466 3205 abbreuieterem

248 3226 498 3290 (truciterbytauum,
517 3244 576 3277 curu
595 3228 696 3278 emisso
715 3229 820 3278 Pisonis
840 3229 884 3278 uel
901 3227 1027 3278 Pisonum
1046 3229 1150 3278 nomine
1170 3229 1298 3278 scriberet
1314 3225 1404 3276 lteram
1423 3221 1466 3274 de·

246 3295 351 3348 decore.
384 3297 512 3362 Equidem
529 3299 582 3348 leni
601 3299 744 3348 mutatione
763 3314 778 3348 e
791 3296 926 3365 picenium
944 3300 1021 3349 offeci
1037 3297 1071 3368 pr·
1081 3295 1192 3348 rentium
1211 3299 1227 3350 i.
1238 3312 1261 3346 e.
1269 3293 1336 3361 peri
1346 3291 1465 3344 seutiam.

245 3368 374 3419 Similiter
392 3369 441 3426 Vl,
466 3363 498 3426 3,
523 3365 649 3419 Bscueri
666 3370 801 3418 Publiciae
820 3374 846 3419 et
864 3369 982 3419 Liciniae
1008 3369 1187 3418 beneficarum
1205 3365 1345 3429 propinqui
1362 3364 1465 3440 mature

246 3439 373 3489 ·sontium
390 3439 519 3490 uindices'
538 3441 660 3489 extitisse
679 3441 806 3490 dicuntur.
853 3441 892 3490 Ci.
912 3439 977 3490 Tnc.
999 3439 1047 3486 illi
1073 3453 1133 3489 ean.
1154 3434 1201 3490 it,
1226 3431 1274 3484 dee
1298 3437 1374 3497 etque
1398 3429 1466 3481 alies

242 3508 357 3562 mem
369 3523 480 3576 pomor-
516 3509 614 3560 Fateor
625 3511 730 3572 quidem
749 3525 792 3558 me
806 3510 910 3558 nescire
930 3511 1013 3558 rurum
1028 3506 1212 3570 compendium
1229 3503 1293 3552 illud
1311 3506 1340 3571 (p
1351 3507 1463 3566 :pert

244 3584 315 3644 quod
335 3582 425 3630 mendi
443 3594 554 3630 musam
572 3582 731 3645 praebuisse
750 3579 907 3646 significari,
926 3579 1093 3628 interioribus
1112 3575 1277 3640 temporibus
1296 3585 1363 3620 seue
1381 3572 1463 3620 usita-

244 3654 394 3707 tissimum,
418 3667 490 3701 neno
507 3654 561 3700 iem
585 3653 695 3701 saecule
717 3653 743 3700 in
765 3650 900 3698 codicibus
919 3663 985 3698 mss.
1005 3647 1150 3696 adhibitum
1174 3647 1221 3701 sii.
1247 3643 1315 3706 quod
1339 3642 1464 3706 syllabae

239 3737 294 3790 per
311 3729 339 3772 et
351 3735 409 3789 por
426 3723 578 3784 frequenter
600 3724 645 3773 uel
667 3724 695 3771 in
719 3719 910 3782 antiquissimis
934 3719 1009 3768 libris
1034 3717 1163 3766 contusae
1186 3712 1325 3780 probabile
1344 3713 1463 3762 reddunt.

244 3795 293 3843 Sin
311 3794 408 3850 minus,
430 3794 565 3843 excidisse
583 3794 610 3842 in
627 3795 775 3859 archetypo
793 3793 849 3840 tres
875 3789 977 3840 litteras
1000 3789 1183 3844 statuendum,
1211 3785 1308 3846 quibus
1333 3784 1463 3848 suppletis

244 3865 390 3932 genuinam
409 3865 567 3926 scripturam
587 3866 697 3916 restitui.

318 3931 360 3986 ib.
379 3935 419 3985 Cl'.
437 3935 506 3986 Veli.
525 3935 557 3989 11,
576 3929 603 3987 5.
621 3935 709 3986 Frent.
729 3936 805 3984 strat.
824 3931 881 3987 1111,
903 3929 926 3988 1,
946 3927 989 3982 23.
1009 3930 1083 3983 Auct.
1102 3931 1135 3977 de
1154 3927 1201 3977 nir.
1222 3928 1257 3976 ill.
1277 3922 1320 3978 lii.

317 4004 350 4062 Q.
368 4001 500 4066 Metellae)
517 4006 665 4071 Archetypi
682 4007 741 4055 libri
759 4005 918 4066 corruptela,
939 4017 962 4069 q.
981 4000 1103 4052 messias,
1124 4000 1193 4047 unde
1213 4001 1272 4047 orta
1291 3999 1325 4046 sit
1344 3999 1463 4047 diuinare

243 4091 358 4138 neqece.
395 4078 506 4126 Constat
524 4077 612 4125 autem
632 4079 663 4135 Q.
676 4077 811 4126 Metellum
825 4075 1025 4124 Macedonicum
1044 4073 1095 4120 hee
1108 4069 1259 4118 seueritatis
1273 4082 1373 4135 genere
1391 4067 1462 4130 apud

244 4148 422 4205 moechiam,
441 4146 589 4212 Hispaniae
601 4148 734 4210 oppidum,
753 4147 887 4196 labentem
898 4145 1101 4211 legionariorum
1114 4139 1291 4188 tortitudinem
1304 4138 1462 4188 correxisse.

245 4218 343 4267 Veram
361 4219 523 4282 scripturam
541 4218 660 4268 seruauit
678 4218 726 4267 lul.
744 4218 834 4273 Paris,
861 4231 875 4265 e
901 4231 952 4280 que
977 4213 1132 4264 emendatus
1157 4209 1290 4277 cstktiber
1308 4206 1461 4260 [ternensis.

244 4291 273 4337 ut
290 4289 372 4338 etiam
394 4290 476 4352 paule
501 4291 575 4351 pest,
596 4289 645 4338 ubi
668 4303 717 4352 pre
741 4288 881 4336 Contrebia
904 4287 930 4335 in
956 4283 1076 4332 omnibus
1101 4282 1176 4330 cedd.
1199 4278 1316 4342 pesitum
1340 4277 1461 4354 uidemus

244 4359 384 4416 Trebiam,
409 4360 529 4410 centusis
547 4359 679 4408 notissimi
702 4359 815 4408 fluminis
840 4359 867 4407 et
891 4353 980 4416 oppidi
1003 4352 1167 4406 bominibus·
1193 4350 1218 4396 5¹¹
1242 4347 1307 4394 111)ΐο
1332 4345 1460 4393 Bflffleflffl

241 4431 451 4495 praepositionis
470 4445 526 4486 eon.
545 4431 693 4480 recentiore
711 4445 791 4478 mauu
809 4427 946 4492 praefixae
965 4425 993 4472 ct
1005 4425 1090 4472 denuo
1109 4432 1206 4470 erasae
1226 4414 1342 4480 uestigia
1359 4412 1460 4494 tantum

242 4502 378 4566 quaedam
394 4503 558 4552 manserunt.
594 4502 668 4552 idem
686 4501 778 4551 uitium
796 4499 850 4554 vu,
870 4491 895 4553 1,
915 4491 932 4546 5
952 4509 1054 4560 quoque
1074 4493 1180 4541 codices
1199 4489 1225 4535 ct
1242 4491 1349 4534 nostres
1363 4482 1460 4566 Valerii

241 4586 338 4622 omnes
356 4574 384 4622 et
400 4573 554 4624 Parideusis
578 4573 727 4637 compendit
746 4570 903 4622 Vaticanum
928 4567 1038 4622 intrusit,
1065 4563 1108 4612 ubi
1132 4561 1166 4609 de
1190 4557 1285 4608 cadem
1304 4554 1460 4604 Contrebiae

242 4645 442 4714 oppugnatione
460 4645 556 4712 agitur.
