<?xml version="1.0" encoding="UTF-8"?>
<!DOCTYPE html PUBLIC "-//W3C//DTD XHTML 1.0 Transitional//EN"
    "http://www.w3.org/TR/xhtml1/DTD/xhtml1-transitional.dtd">
<html xmlns="http://www.w3.org/1999/xhtml" xml:lang="en" lang="en">
 <head>
  <title>
</title>
<meta http-equiv="Content-Type" content="text/html;charset=utf-8" />
  <meta name='ocr-system' content='tesseract 3.04.00' />
  <meta name='ocr-capabilities' content='ocr_page ocr_carea ocr_par ocr_line ocrx_word'/>
</head>
<body>
  <div class='ocr_page' id='page_1' title='image "./valerimaximifac00parigoog_0064.png"; bbox 0 0 3409 5400; ppageno 0'>
   <div class='ocr_carea' id='block_1_1' title="bbox 1385 503 1429 570">
    <p class='ocr_par' dir='ltr' id='par_1_1' title="bbox 1385 503 1429 570">
     <span class='ocr_line' id='line_1_1' title="bbox 1385 503 1429 570; baseline 0 0"><span class='ocrx_word' id='word_1_1' title='bbox 1385 503 1429 570; x_wconf 75' lang='lat'>53</span> 
     </span>
    </p>
   </div>
   <div class='ocr_carea' id='block_1_2' title="bbox 187 625 1429 2132">
    <p class='ocr_par' dir='ltr' id='par_1_2' title="bbox 188 625 1429 1165">
     <span class='ocr_line' id='line_1_2' title="bbox 190 625 1429 752; baseline 0.007 -34"><span class='ocrx_word' id='word_1_2' title='bbox 190 651 284 720; x_wconf 86' lang='lat' dir='ltr'>bene</span> <span class='ocrx_word' id='word_1_3' title='bbox 308 651 447 716; x_wconf 85' lang='lat' dir='ltr'>correxit</span> <span class='ocrx_word' id='word_1_4' title='bbox 469 651 602 718; x_wconf 84' lang='lat' dir='ltr'>alterius</span> <span class='ocrx_word' id='word_1_5' title='bbox 625 654 758 718; x_wconf 89' lang='lat' dir='ltr'>nomine</span> <span class='ocrx_word' id='word_1_6' title='bbox 780 675 840 740; x_wconf 91' lang='lat' dir='ltr'>pro</span> <span class='ocrx_word' id='word_1_7' title='bbox 861 625 962 721; x_wconf 79' lang='lat' dir='ltr'>altdio&#39;</span> <span class='ocrx_word' id='word_1_8' title='bbox 980 657 1163 732; x_wconf 84' lang='lat' dir='ltr'>substituto.</span> <span class='ocrx_word' id='word_1_9' title='bbox 1185 660 1337 752; x_wconf 76' lang='lat' dir='ltr'><strong>idemque</strong></span> <span class='ocrx_word' id='word_1_10' title='bbox 1360 663 1429 728; x_wconf 86' lang='lat' dir='ltr'>fere</span> 
     </span>
     <span class='ocr_line' id='line_1_3' title="bbox 191 757 1427 850; baseline 0.008 -26"><span class='ocrx_word' id='word_1_11' title='bbox 191 757 365 824; x_wconf 83' lang='lat' dir='ltr'>accidisse</span> <span class='ocrx_word' id='word_1_12' title='bbox 391 757 518 826; x_wconf 88' lang='lat' dir='ltr'>uidetur</span> <span class='ocrx_word' id='word_1_13' title='bbox 540 757 565 832; x_wconf 90' lang='grc' dir='ltr'>Ι,</span> <span class='ocrx_word' id='word_1_14' title='bbox 592 761 621 835; x_wconf 93' lang='grc'>1,</span> <span class='ocrx_word' id='word_1_15' title='bbox 645 761 684 833; x_wconf 80' lang='grc'>2,</span> <span class='ocrx_word' id='word_1_16' title='bbox 706 760 762 824; x_wconf 89' lang='lat' dir='ltr'>ubi</span> <span class='ocrx_word' id='word_1_17' title='bbox 789 767 849 847; x_wconf 89' lang='lat' dir='ltr'>pro</span> <span class='ocrx_word' id='word_1_18' title='bbox 879 759 1007 826; x_wconf 88' lang='lat' dir='ltr'>Valerii</span> <span class='ocrx_word' id='word_1_19' title='bbox 1034 762 1101 827; x_wconf 88' lang='lat' dir='ltr'>XV</span> <span class='ocrx_word' id='word_1_20' title='bbox 1127 766 1208 830; x_wconf 89' lang='lat' dir='ltr'>uiris</span> <span class='ocrx_word' id='word_1_21' title='bbox 1240 766 1283 846; x_wconf 91' lang='grc' dir='ltr'>(Ι,</span> <span class='ocrx_word' id='word_1_22' title='bbox 1314 770 1350 843; x_wconf 91' lang='grc'>1,</span> <span class='ocrx_word' id='word_1_23' title='bbox 1383 771 1427 850; x_wconf 88' lang='lat' dir='ltr'>l.)</span> 
     </span>
     <span class='ocr_line' id='line_1_4' title="bbox 189 864 1427 960; baseline 0.007 -30"><span class='ocrx_word' id='word_1_24' title='bbox 189 865 373 940; x_wconf 79' lang='lat' dir='ltr'><strong>Paridem,</strong></span> <span class='ocrx_word' id='word_1_25' title='bbox 397 866 463 930; x_wconf 88' lang='lat' dir='ltr'>nisi</span> <span class='ocrx_word' id='word_1_26' title='bbox 484 864 609 930; x_wconf 84' lang='lat' dir='ltr'>librarii</span> <span class='ocrx_word' id='word_1_27' title='bbox 639 867 795 932; x_wconf 86' lang='lat' dir='ltr'>mendum</span> <span class='ocrx_word' id='word_1_28' title='bbox 824 880 891 944; x_wconf 89' lang='lat' dir='ltr'>est,</span> <span class='ocrx_word' id='word_1_29' title='bbox 922 889 940 931; x_wconf 93' lang='lat' dir='ltr'>e</span> <span class='ocrx_word' id='word_1_30' title='bbox 970 869 1127 935; x_wconf 83' lang='lat' dir='ltr'>Cicerone</span> <span class='ocrx_word' id='word_1_31' title='bbox 1157 874 1205 951; x_wconf 90' lang='lat' dir='ltr'>(in</span> <span class='ocrx_word' id='word_1_32' title='bbox 1231 871 1325 940; x_wconf 92' lang='lat' dir='ltr'>Verr.</span> <span class='ocrx_word' id='word_1_33' title='bbox 1357 874 1427 960; x_wconf 81' lang='lat'>1111,</span> 
     </span>
     <span class='ocr_line' id='line_1_5' title="bbox 188 971 1426 1052; baseline 0.006 -12"><span class='ocrx_word' id='word_1_34' title='bbox 188 973 249 1046; x_wconf 76' lang='lat'>49.</span> <span class='ocrx_word' id='word_1_35' title='bbox 278 971 356 1052; x_wconf 88' lang='grc'>108)</span> <span class='ocrx_word' id='word_1_36' title='bbox 380 971 586 1038; x_wconf 88' lang='lat' dir='ltr'>decemuiros</span> <span class='ocrx_word' id='word_1_37' title='bbox 609 992 787 1040; x_wconf 85' lang='lat' dir='ltr'>reuocasse</span> <span class='ocrx_word' id='word_1_38' title='bbox 804 976 952 1042; x_wconf 81' lang='lat' dir='ltr'>arbitror.</span> <span class='ocrx_word' id='word_1_39' title='bbox 998 976 1099 1045; x_wconf 87' lang='lat' dir='ltr'>Plura</span> <span class='ocrx_word' id='word_1_40' title='bbox 1115 977 1264 1044; x_wconf 86' lang='lat' dir='ltr'>inuenies</span> <span class='ocrx_word' id='word_1_41' title='bbox 1286 981 1322 1044; x_wconf 92' lang='lat' dir='ltr'>in</span> <span class='ocrx_word' id='word_1_42' title='bbox 1338 1004 1426 1048; x_wconf 89' lang='lat' dir='ltr'>com·</span> 
     </span>
     <span class='ocr_line' id='line_1_6' title="bbox 188 1079 679 1165; baseline -0.006 -17"><span class='ocrx_word' id='word_1_43' title='bbox 188 1079 360 1148; x_wconf 78' lang='lat' dir='ltr'>menterio</span> <span class='ocrx_word' id='word_1_44' title='bbox 383 1089 495 1144; x_wconf 86' lang='lat' dir='ltr'>nostro</span> <span class='ocrx_word' id='word_1_45' title='bbox 520 1082 679 1165; x_wconf 86' lang='lat' dir='ltr'>exposita.</span> 
     </span>
    </p>

    <p class='ocr_par' dir='ltr' id='par_1_3' title="bbox 187 1185 1427 2132">
     <span class='ocr_line' id='line_1_7' title="bbox 285 1185 1425 1273; baseline 0.005 -23"><span class='ocrx_word' id='word_1_46' title='bbox 285 1185 369 1250; x_wconf 86' lang='lat' dir='ltr'><strong>Post</strong></span> <span class='ocrx_word' id='word_1_47' title='bbox 392 1185 559 1272; x_wconf 85' lang='lat' dir='ltr'>explicitos</span> <span class='ocrx_word' id='word_1_48' title='bbox 585 1197 694 1252; x_wconf 86' lang='lat' dir='ltr'>autem</span> <span class='ocrx_word' id='word_1_49' title='bbox 715 1209 836 1273; x_wconf 77' lang='lat' dir='ltr'>nouem</span> <span class='ocrx_word' id='word_1_50' title='bbox 860 1187 986 1255; x_wconf 85' lang='lat' dir='ltr'>Valerii</span> <span class='ocrx_word' id='word_1_51' title='bbox 1007 1191 1109 1256; x_wconf 90' lang='lat' dir='ltr'>libros</span> <span class='ocrx_word' id='word_1_52' title='bbox 1138 1192 1346 1257; x_wconf 81' lang='lat' dir='ltr'>abbreuiator</span> <span class='ocrx_word' id='word_1_53' title='bbox 1370 1193 1425 1257; x_wconf 90' lang='lat' dir='ltr'>de·</span> 
     </span>
     <span class='ocr_line' id='line_1_8' title="bbox 188 1295 1425 1385; baseline 0.003 -25"><span class='ocrx_word' id='word_1_54' title='bbox 188 1296 318 1360; x_wconf 85' lang='lat' dir='ltr'>cimum</span> <span class='ocrx_word' id='word_1_55' title='bbox 341 1305 521 1379; x_wconf 78' lang='lat' dir='ltr'>praeterea,</span> <span class='ocrx_word' id='word_1_56' title='bbox 546 1314 643 1381; x_wconf 87' lang='lat' dir='ltr'>quem</span> <span class='ocrx_word' id='word_1_57' title='bbox 666 1295 752 1360; x_wconf 80' lang='lat' dir='ltr'>falso</span> <span class='ocrx_word' id='word_1_58' title='bbox 776 1297 925 1364; x_wconf 84' lang='lat' dir='ltr'>eiusdem</span> <span class='ocrx_word' id='word_1_59' title='bbox 948 1299 1092 1363; x_wconf 88' lang='lat' dir='ltr'>auctoris</span> <span class='ocrx_word' id='word_1_60' title='bbox 1115 1300 1258 1385; x_wconf 77' lang='lat' dir='ltr'>putabat,</span> <span class='ocrx_word' id='word_1_61' title='bbox 1282 1302 1316 1364; x_wconf 92' lang='lat' dir='ltr'>in</span> <span class='ocrx_word' id='word_1_62' title='bbox 1337 1323 1425 1364; x_wconf 91' lang='lat' dir='ltr'>com·</span> 
     </span>
     <span class='ocr_line' id='line_1_9' title="bbox 187 1399 1427 1494; baseline 0.007 -31"><span class='ocrx_word' id='word_1_63' title='bbox 187 1399 352 1489; x_wconf 84' lang='lat' dir='ltr'><strong>pendium</strong></span> <span class='ocrx_word' id='word_1_64' title='bbox 375 1399 544 1466; x_wconf 90' lang='lat' dir='ltr'>redactum</span> <span class='ocrx_word' id='word_1_65' title='bbox 567 1413 776 1478; x_wconf 82' lang='lat' dir='ltr'>annexuerat,</span> <span class='ocrx_word' id='word_1_66' title='bbox 801 1404 893 1469; x_wconf 89' lang='lat' dir='ltr'>cuius</span> <span class='ocrx_word' id='word_1_67' title='bbox 917 1406 1037 1491; x_wconf 82' lang='lat' dir='ltr'>capita,</span> <span class='ocrx_word' id='word_1_68' title='bbox 1058 1416 1094 1468; x_wconf 91' lang='lat' dir='ltr'>ut</span> <span class='ocrx_word' id='word_1_69' title='bbox 1117 1427 1156 1471; x_wconf 84' lang='lat' dir='ltr'>ex</span> <span class='ocrx_word' id='word_1_70' title='bbox 1176 1406 1318 1471; x_wconf 91' lang='lat' dir='ltr'>indiculo</span> <span class='ocrx_word' id='word_1_71' title='bbox 1334 1409 1427 1494; x_wconf 88' lang='lat' dir='ltr'>operi</span> 
     </span>
     <span class='ocr_line' id='line_1_10' title="bbox 188 1505 1425 1596; baseline 0.005 -24"><span class='ocrx_word' id='word_1_72' title='bbox 188 1509 382 1594; x_wconf 87' lang='lat' dir='ltr'>praemisso</span> <span class='ocrx_word' id='word_1_73' title='bbox 406 1509 615 1595; x_wconf 80' lang='lat' dir='ltr'>perspicitur,</span> <span class='ocrx_word' id='word_1_74' title='bbox 639 1505 722 1574; x_wconf 86' lang='lat' dir='ltr'>haec</span> <span class='ocrx_word' id='word_1_75' title='bbox 747 1521 852 1574; x_wconf 86' lang='lat' dir='ltr'>erant:</span> <span class='ocrx_word' id='word_1_76' title='bbox 882 1509 913 1584; x_wconf 90' lang='grc' dir='ltr'>Ι,</span> <span class='ocrx_word' id='word_1_77' title='bbox 943 1510 983 1573; x_wconf 91' lang='lat' dir='ltr'>de</span> <span class='ocrx_word' id='word_1_78' title='bbox 1006 1513 1285 1596; x_wconf 74' lang='lat' dir='ltr'>praenominibus.</span> <span class='ocrx_word' id='word_1_79' title='bbox 1320 1512 1359 1587; x_wconf 88' lang='grc' dir='ltr'>Η,</span> <span class='ocrx_word' id='word_1_80' title='bbox 1384 1515 1425 1578; x_wconf 86' lang='lat' dir='ltr'>do</span> 
     </span>
     <span class='ocr_line' id='line_1_11' title="bbox 189 1611 1425 1705; baseline 0.002 -26"><span class='ocrx_word' id='word_1_81' title='bbox 189 1613 395 1679; x_wconf 85' lang='lat' dir='ltr'>nominibus.</span> <span class='ocrx_word' id='word_1_82' title='bbox 430 1611 486 1688; x_wconf 85' lang='lat'>111,</span> <span class='ocrx_word' id='word_1_83' title='bbox 510 1613 551 1676; x_wconf 86' lang='lat' dir='ltr'>dc</span> <span class='ocrx_word' id='word_1_84' title='bbox 574 1615 838 1701; x_wconf 80' lang='lat' dir='ltr'>cognominibus.</span> <span class='ocrx_word' id='word_1_85' title='bbox 874 1613 944 1690; x_wconf 90' lang='lat' dir='ltr'>llll,</span> <span class='ocrx_word' id='word_1_86' title='bbox 972 1617 1013 1681; x_wconf 91' lang='lat' dir='ltr'>de</span> <span class='ocrx_word' id='word_1_87' title='bbox 1040 1619 1283 1705; x_wconf 76' lang='lat' dir='ltr'>agnominibus.</span> <span class='ocrx_word' id='word_1_88' title='bbox 1318 1617 1361 1694; x_wconf 82' lang='lat' dir='ltr'>V,</span> <span class='ocrx_word' id='word_1_89' title='bbox 1384 1621 1425 1684; x_wconf 91' lang='lat' dir='ltr'>de</span> 
     </span>
     <span class='ocr_line' id='line_1_12' title="bbox 189 1717 1425 1811; baseline 0.003 -25"><span class='ocrx_word' id='word_1_90' title='bbox 189 1718 481 1809; x_wconf 69' lang='lat' dir='ltr'>appellationibus.</span> <span class='ocrx_word' id='word_1_91' title='bbox 517 1717 574 1794; x_wconf 84' lang='lat' dir='ltr'>VI,</span> <span class='ocrx_word' id='word_1_92' title='bbox 598 1720 639 1784; x_wconf 88' lang='lat' dir='ltr'>de</span> <span class='ocrx_word' id='word_1_93' title='bbox 661 1721 782 1787; x_wconf 89' lang='lat' dir='ltr'>uerbis.</span> <span class='ocrx_word' id='word_1_94' title='bbox 829 1720 953 1789; x_wconf 88' lang='lat' dir='ltr'>Verum</span> <span class='ocrx_word' id='word_1_95' title='bbox 978 1744 1019 1788; x_wconf 82' lang='lat' dir='ltr'>ex</span> <span class='ocrx_word' id='word_1_96' title='bbox 1040 1723 1094 1788; x_wconf 89' lang='lat' dir='ltr'>his</span> <span class='ocrx_word' id='word_1_97' title='bbox 1117 1726 1269 1790; x_wconf 88' lang='lat' dir='ltr'>omnibus</span> <span class='ocrx_word' id='word_1_98' title='bbox 1285 1727 1425 1811; x_wconf 88' lang='lat' dir='ltr'>primum</span> 
     </span>
     <span class='ocr_line' id='line_1_13' title="bbox 189 1809 1426 1918; baseline 0.006 -26"><span class='ocrx_word' id='word_1_99' title='bbox 189 1827 363 1892; x_wconf 82' lang='lat' dir='ltr'>dumtaxat</span> <span class='ocrx_word' id='word_1_100' title='bbox 386 1826 427 1891; x_wconf 89' lang='lat' dir='ltr'>de</span> <span class='ocrx_word' id='word_1_101' title='bbox 450 1828 716 1913; x_wconf 81' lang='lat' dir='ltr'>praenominibus</span> <span class='ocrx_word' id='word_1_102' title='bbox 740 1809 840 1893; x_wconf 74' lang='lat' dir='ltr'>nobis</span> <span class='ocrx_word' id='word_1_103' title='bbox 859 1829 1006 1895; x_wconf 87' lang='lat' dir='ltr'>relietum</span> <span class='ocrx_word' id='word_1_104' title='bbox 1028 1844 1088 1896; x_wconf 88' lang='lat' dir='ltr'>est.</span> <span class='ocrx_word' id='word_1_105' title='bbox 1134 1831 1235 1896; x_wconf 82' lang='lat' dir='ltr'>Cuius</span> <span class='ocrx_word' id='word_1_106' title='bbox 1257 1843 1426 1918; x_wconf 81' lang='lat' dir='ltr'>postrema</span> 
     </span>
     <span class='ocr_line' id='line_1_14' title="bbox 187 1933 1424 2027; baseline 0.003 -27"><span class='ocrx_word' id='word_1_107' title='bbox 187 1933 296 2000; x_wconf 86' lang='lat' dir='ltr'>uerba</span> <span class='ocrx_word' id='word_1_108' title='bbox 319 1933 420 1997; x_wconf 66' lang='lat' dir='ltr'>een</span> <span class='ocrx_word' id='word_1_109' title='bbox 448 1953 516 1999; x_wconf 77' lang='lat' dir='ltr'>ecce</span> <span class='ocrx_word' id='word_1_110' title='bbox 539 1953 572 1999; x_wconf 80' lang='lat' dir='ltr'>se</span> <span class='ocrx_word' id='word_1_111' title='bbox 594 1936 746 2010; x_wconf 68' lang='lat' dir='ltr'>dicerunt,</span> <span class='ocrx_word' id='word_1_112' title='bbox 778 1958 863 2022; x_wconf 88' lang='lat' dir='ltr'>quae</span> <span class='ocrx_word' id='word_1_113' title='bbox 885 1959 971 2001; x_wconf 90' lang='lat' dir='ltr'>nunc</span> <span class='ocrx_word' id='word_1_114' title='bbox 984 1939 1115 2025; x_wconf 88' lang='lat' dir='ltr'>quidem</span> <span class='ocrx_word' id='word_1_115' title='bbox 1133 1941 1232 2004; x_wconf 88' lang='lat' dir='ltr'>finem</span> <span class='ocrx_word' id='word_1_116' title='bbox 1253 1941 1424 2027; x_wconf 91' lang='lat' dir='ltr'>imponunt</span> 
     </span>
     <span class='ocr_line' id='line_1_15' title="bbox 188 2039 1423 2132; baseline 0.003 -26"><span class='ocrx_word' id='word_1_117' title='bbox 188 2043 370 2106; x_wconf 80' lang='lat' dir='ltr'>mnuersae</span> <span class='ocrx_word' id='word_1_118' title='bbox 393 2039 568 2105; x_wconf 85' lang='lat' dir='ltr'>Paridsnsi</span> <span class='ocrx_word' id='word_1_119' title='bbox 591 2043 770 2127; x_wconf 83' lang='lat' dir='ltr'>epitomae,</span> <span class='ocrx_word' id='word_1_120' title='bbox 793 2044 879 2108; x_wconf 92' lang='lat' dir='ltr'>mira</span> <span class='ocrx_word' id='word_1_121' title='bbox 900 2066 1037 2130; x_wconf 86' lang='lat' dir='ltr'>prorsus</span> <span class='ocrx_word' id='word_1_122' title='bbox 1067 2047 1185 2132; x_wconf 89' lang='lat' dir='ltr'>excipit</span> <span class='ocrx_word' id='word_1_123' title='bbox 1215 2046 1423 2130; x_wconf 59' lang='lat' dir='ltr'>subscriptio.</span> 
     </span>
    </p>
   </div>
   <div class='ocr_carea' id='block_1_3' title="bbox 187 2140 1424 4481">
    <p class='ocr_par' dir='ltr' id='par_1_4' title="bbox 187 2140 1424 4481">
     <span class='ocr_line' id='line_1_16' title="bbox 189 2140 1422 2217; baseline 0.003 -4"><span class='ocrx_word' id='word_1_124' title='bbox 189 2147 228 2213; x_wconf 89' lang='lat' dir='ltr'>G.</span> <span class='ocrx_word' id='word_1_125' title='bbox 267 2145 353 2210; x_wconf 87' lang='grc' dir='ltr'>ΤΙΤΙ</span> <span class='ocrx_word' id='word_1_126' title='bbox 381 2145 517 2210; x_wconf 90' lang='lat' dir='ltr'>PROBI</span> <span class='ocrx_word' id='word_1_127' title='bbox 547 2145 662 2211; x_wconf 82' lang='lat' dir='ltr'><strong>FINIT</strong></span> <span class='ocrx_word' id='word_1_128' title='bbox 697 2140 896 2213; x_wconf 85' lang='lat' dir='ltr'><strong>EPITOMA</strong></span> <span class='ocrx_word' id='word_1_129' title='bbox 930 2149 1240 2216; x_wconf 86' lang='lat' dir='ltr'><strong>HISTORIARVM</strong></span> <span class='ocrx_word' id='word_1_130' title='bbox 1268 2150 1422 2217; x_wconf 85' lang='lat' dir='ltr'>DIVER·</span> 
     </span>
     <span class='ocr_line' id='line_1_17' title="bbox 189 2251 1424 2344; baseline 0 -24"><span class='ocrx_word' id='word_1_131' title='bbox 189 2251 354 2320; x_wconf 81' lang='lat' dir='ltr'>SARVM</span> <span class='ocrx_word' id='word_1_132' title='bbox 383 2251 740 2335; x_wconf 72' lang='lat' dir='ltr'>EXEMPLORVMQ&#39;</span> <span class='ocrx_word' id='word_1_133' title='bbox 776 2255 1086 2330; x_wconf 80' lang='lat' dir='ltr'>ROMANORVM.</span> <span class='ocrx_word' id='word_1_134' title='bbox 1125 2259 1221 2344; x_wconf 89' lang='lat' dir='ltr'>quasi</span> <span class='ocrx_word' id='word_1_135' title='bbox 1258 2259 1326 2322; x_wconf 90' lang='lat' dir='ltr'>iam</span> <span class='ocrx_word' id='word_1_136' title='bbox 1355 2258 1424 2321; x_wconf 85' lang='lat' dir='ltr'>non</span> 
     </span>
     <span class='ocr_line' id='line_1_18' title="bbox 188 2358 1422 2446; baseline -0.002 -20"><span class='ocrx_word' id='word_1_137' title='bbox 188 2360 294 2426; x_wconf 90' lang='lat' dir='ltr'>lulius</span> <span class='ocrx_word' id='word_1_138' title='bbox 318 2358 416 2424; x_wconf 87' lang='lat' dir='ltr'>Paris</span> <span class='ocrx_word' id='word_1_139' title='bbox 440 2358 500 2426; x_wconf 84' lang='lat' dir='ltr'>sed</span> <span class='ocrx_word' id='word_1_140' title='bbox 524 2359 627 2424; x_wconf 90' lang='lat' dir='ltr'>Gaius</span> <span class='ocrx_word' id='word_1_141' title='bbox 650 2359 703 2424; x_wconf 89' lang='lat' dir='ltr'>ille</span> <span class='ocrx_word' id='word_1_142' title='bbox 728 2360 829 2425; x_wconf 87' lang='lat' dir='ltr'>Titius</span> <span class='ocrx_word' id='word_1_143' title='bbox 837 2361 861 2442; x_wconf 82' lang='lat'>¹)</span> <span class='ocrx_word' id='word_1_144' title='bbox 883 2361 1011 2428; x_wconf 88' lang='lat' dir='ltr'>Probus</span> <span class='ocrx_word' id='word_1_145' title='bbox 1032 2375 1145 2427; x_wconf 81' lang='lat' dir='ltr'>auctor</span> <span class='ocrx_word' id='word_1_146' title='bbox 1168 2364 1265 2426; x_wconf 89' lang='lat' dir='ltr'>totius</span> <span class='ocrx_word' id='word_1_147' title='bbox 1289 2365 1331 2426; x_wconf 89' lang='lat' dir='ltr'>sit</span> <span class='ocrx_word' id='word_1_148' title='bbox 1354 2363 1422 2446; x_wconf 85' lang='lat' dir='ltr'>epi&#39;·</span> 
     </span>
     <span class='ocr_line' id='line_1_19' title="bbox 189 2465 1423 2555; baseline 0.002 -23"><span class='ocrx_word' id='word_1_149' title='bbox 189 2479 312 2532; x_wconf 87' lang='lat' dir='ltr'>tornae.</span> <span class='ocrx_word' id='word_1_150' title='bbox 359 2465 401 2531; x_wconf 85' lang='lat' dir='ltr'>Et</span> <span class='ocrx_word' id='word_1_151' title='bbox 424 2487 505 2531; x_wconf 85' lang='lat' dir='ltr'>sane</span> <span class='ocrx_word' id='word_1_152' title='bbox 528 2465 616 2530; x_wconf 89' lang='lat' dir='ltr'>idem</span> <span class='ocrx_word' id='word_1_153' title='bbox 632 2467 870 2532; x_wconf 86' lang='lat' dir='ltr'>abbreuiatoris</span> <span class='ocrx_word' id='word_1_154' title='bbox 894 2468 1014 2542; x_wconf 86' lang='lat' dir='ltr'>titulus,</span> <span class='ocrx_word' id='word_1_155' title='bbox 1039 2471 1143 2555; x_wconf 88' lang='lat' dir='ltr'>quiin</span> <span class='ocrx_word' id='word_1_156' title='bbox 1159 2469 1423 2554; x_wconf 88' lang='lat' dir='ltr'>antiquissimum</span> 
     </span>
     <span class='ocr_line' id='line_1_20' title="bbox 188 2571 1422 2662; baseline 0 -22"><span class='ocrx_word' id='word_1_157' title='bbox 188 2585 343 2640; x_wconf 90' lang='lat' dir='ltr'>nostrum</span> <span class='ocrx_word' id='word_1_158' title='bbox 364 2572 568 2638; x_wconf 86' lang='lat' dir='ltr'>Beruensom</span> <span class='ocrx_word' id='word_1_159' title='bbox 592 2571 717 2638; x_wconf 85' lang='lat' dir='ltr'>Valerii</span> <span class='ocrx_word' id='word_1_160' title='bbox 739 2573 858 2639; x_wconf 88' lang='lat' dir='ltr'>librum</span> <span class='ocrx_word' id='word_1_161' title='bbox 887 2597 984 2662; x_wconf 89' lang='lat' dir='ltr'>quem</span> <span class='ocrx_word' id='word_1_162' title='bbox 1014 2574 1057 2640; x_wconf 87' lang='lat' dir='ltr'>ad</span> <span class='ocrx_word' id='word_1_163' title='bbox 1080 2575 1214 2640; x_wconf 91' lang='lat' dir='ltr'>modum</span> <span class='ocrx_word' id='word_1_164' title='bbox 1237 2575 1325 2638; x_wconf 83' lang='lat' dir='ltr'>infra</span> <span class='ocrx_word' id='word_1_165' title='bbox 1347 2594 1422 2640; x_wconf 90' lang='lat' dir='ltr'>eum</span> 
     </span>
     <span class='ocr_line' id='line_1_21' title="bbox 188 2665 1421 2769; baseline -0.001 -22"><span class='ocrx_word' id='word_1_166' title='bbox 188 2681 357 2767; x_wconf 82' lang='lat' dir='ltr'>descripsi</span> <span class='ocrx_word' id='word_1_167' title='bbox 380 2681 519 2757; x_wconf 86' lang='lat' dir='ltr'>transiit,</span> <span class='ocrx_word' id='word_1_168' title='bbox 544 2681 673 2747; x_wconf 87' lang='lat' dir='ltr'>cuinam</span> <span class='ocrx_word' id='word_1_169' title='bbox 697 2681 903 2747; x_wconf 86' lang='lat' dir='ltr'>tribuendum</span> <span class='ocrx_word' id='word_1_170' title='bbox 926 2694 1015 2748; x_wconf 84' lang='lat' dir='ltr'>esset</span> <span class='ocrx_word' id='word_1_171' title='bbox 1029 2681 1093 2749; x_wconf 89' lang='lat' dir='ltr'>hoc</span> <span class='ocrx_word' id='word_1_172' title='bbox 1117 2665 1355 2769; x_wconf 76' lang='lat' dir='ltr'>compendium</span> <span class='ocrx_word' id='word_1_173' title='bbox 1380 2681 1421 2747; x_wconf 87' lang='lat' dir='ltr'>de</span> 
     </span>
     <span class='ocr_line' id='line_1_22' title="bbox 189 2787 1420 2877; baseline 0 -24"><span class='ocrx_word' id='word_1_174' title='bbox 189 2810 257 2877; x_wconf 90' lang='lat' dir='ltr'>quo</span> <span class='ocrx_word' id='word_1_175' title='bbox 289 2788 437 2875; x_wconf 82' lang='lat' dir='ltr'>agimus.</span> <span class='ocrx_word' id='word_1_176' title='bbox 469 2787 702 2853; x_wconf 82' lang='lat' dir='ltr'>dubitationem</span> <span class='ocrx_word' id='word_1_177' title='bbox 732 2791 799 2855; x_wconf 87' lang='lat' dir='ltr'>iam</span> <span class='ocrx_word' id='word_1_178' title='bbox 827 2792 931 2853; x_wconf 90' lang='lat' dir='ltr'>mouit</span> <span class='ocrx_word' id='word_1_179' title='bbox 958 2792 1030 2855; x_wconf 92' lang='lat' dir='ltr'>uiro</span> <span class='ocrx_word' id='word_1_180' title='bbox 1058 2790 1172 2867; x_wconf 80' lang='lat' dir='ltr'>docto,</span> <span class='ocrx_word' id='word_1_181' title='bbox 1203 2790 1258 2877; x_wconf 93' lang='lat' dir='ltr'>qui</span> <span class='ocrx_word' id='word_1_182' title='bbox 1286 2788 1420 2855; x_wconf 88' lang='lat' dir='ltr'>saeculo</span> 
     </span>
     <span class='ocr_line' id='line_1_23' title="bbox 189 2895 1421 2973; baseline -0.002 -12"><span class='ocrx_word' id='word_1_183' title='bbox 189 2896 323 2961; x_wconf 88' lang='lat' dir='ltr'>decimo</span> <span class='ocrx_word' id='word_1_184' title='bbox 347 2895 401 2960; x_wconf 87' lang='lat' dir='ltr'>uel</span> <span class='ocrx_word' id='word_1_185' title='bbox 423 2895 484 2960; x_wconf 91' lang='lat' dir='ltr'>sub</span> <span class='ocrx_word' id='word_1_186' title='bbox 508 2896 587 2959; x_wconf 91' lang='lat' dir='ltr'>noni</span> <span class='ocrx_word' id='word_1_187' title='bbox 610 2898 708 2960; x_wconf 86' lang='lat' dir='ltr'>finem</span> <span class='ocrx_word' id='word_1_188' title='bbox 732 2896 820 2962; x_wconf 87' lang='lat' dir='ltr'>illum</span> <span class='ocrx_word' id='word_1_189' title='bbox 853 2896 1002 2966; x_wconf 82' lang='lat' dir='ltr'>codicem</span> <span class='ocrx_word' id='word_1_190' title='bbox 1029 2897 1248 2973; x_wconf 84' lang='lat' dir='ltr'>Beruensem‚</span> <span class='ocrx_word' id='word_1_191' title='bbox 1278 2918 1345 2963; x_wconf 87' lang='lat' dir='ltr'>uon</span> <span class='ocrx_word' id='word_1_192' title='bbox 1375 2897 1421 2960; x_wconf 89' lang='lat' dir='ltr'>ita</span> 
     </span>
     <span class='ocr_line' id='line_1_24' title="bbox 187 3001 1419 3092; baseline -0.006 -21"><span class='ocrx_word' id='word_1_193' title='bbox 187 3004 294 3071; x_wconf 84' lang='lat' dir='ltr'>multo</span> <span class='ocrx_word' id='word_1_194' title='bbox 318 3012 394 3069; x_wconf 82' lang='lat' dir='ltr'>ante</span> <span class='ocrx_word' id='word_1_195' title='bbox 418 3012 596 3078; x_wconf 78' lang='lat' dir='ltr'>exaratum,</span> <span class='ocrx_word' id='word_1_196' title='bbox 621 3001 766 3069; x_wconf 78' lang='lat' dir='ltr'>adhibito</span> <span class='ocrx_word' id='word_1_197' title='bbox 780 3005 942 3089; x_wconf 86' lang='lat' dir='ltr'>epitomae</span> <span class='ocrx_word' id='word_1_198' title='bbox 965 3005 1108 3092; x_wconf 90' lang='lat' dir='ltr'>quodam</span> <span class='ocrx_word' id='word_1_199' title='bbox 1125 3004 1283 3090; x_wconf 80' lang='lat' dir='ltr'>exemplo,</span> <span class='ocrx_word' id='word_1_200' title='bbox 1306 3023 1419 3067; x_wconf 87' lang='lat' dir='ltr'>recen-</span> 
     </span>
     <span class='ocr_line' id='line_1_25' title="bbox 189 3108 1420 3197; baseline -0.009 -18"><span class='ocrx_word' id='word_1_201' title='bbox 189 3112 258 3179; x_wconf 82' lang='lat' dir='ltr'>suit</span> <span class='ocrx_word' id='word_1_202' title='bbox 280 3124 312 3174; x_wconf 87' lang='lat' dir='ltr'>et</span> <span class='ocrx_word' id='word_1_203' title='bbox 335 3108 531 3183; x_wconf 81' lang='lat' dir='ltr'>emendauit,</span> <span class='ocrx_word' id='word_1_204' title='bbox 555 3108 639 3175; x_wconf 86' lang='lat' dir='ltr'>adeo</span> <span class='ocrx_word' id='word_1_205' title='bbox 664 3120 698 3173; x_wconf 91' lang='lat' dir='ltr'>ut</span> <span class='ocrx_word' id='word_1_206' title='bbox 719 3120 851 3197; x_wconf 86' lang='lat' dir='ltr'>propter</span> <span class='ocrx_word' id='word_1_207' title='bbox 879 3111 977 3176; x_wconf 85' lang='lat' dir='ltr'>istam</span> <span class='ocrx_word' id='word_1_208' title='bbox 1002 3108 1247 3197; x_wconf 80' lang='lat' dir='ltr'>ambiguitatem</span> <span class='ocrx_word' id='word_1_209' title='bbox 1276 3111 1347 3194; x_wconf 88' lang='lat' dir='ltr'>ipse</span> <span class='ocrx_word' id='word_1_210' title='bbox 1370 3109 1420 3171; x_wconf 88' lang='lat' dir='ltr'>in.-</span> 
     </span>
     <span class='ocr_line' id='line_1_26' title="bbox 188 3214 1416 3303; baseline -0.005 -20"><span class='ocrx_word' id='word_1_211' title='bbox 188 3230 301 3283; x_wconf 86' lang='lat' dir='ltr'>certus</span> <span class='ocrx_word' id='word_1_212' title='bbox 339 3215 577 3303; x_wconf 76' lang='lat' dir='ltr'>marginalibus</span> <span class='ocrx_word' id='word_1_213' title='bbox 615 3216 738 3302; x_wconf 84' lang='lat' dir='ltr'>aliquot</span> <span class='ocrx_word' id='word_1_214' title='bbox 774 3217 1005 3281; x_wconf 82' lang='lat' dir='ltr'>additamentis</span> <span class='ocrx_word' id='word_1_215' title='bbox 1039 3238 1079 3281; x_wconf 85' lang='lat' dir='ltr'>ex</span> <span class='ocrx_word' id='word_1_216' title='bbox 1115 3238 1156 3281; x_wconf 89' lang='lat' dir='ltr'>ea</span> <span class='ocrx_word' id='word_1_217' title='bbox 1188 3216 1332 3301; x_wconf 85' lang='lat' dir='ltr'>epitoma</span> <span class='ocrx_word' id='word_1_218' title='bbox 1361 3214 1416 3277; x_wconf 80' lang='lat' dir='ltr'>de·-</span> 
     </span>
     <span class='ocr_line' id='line_1_27' title="bbox 188 3320 1417 3411; baseline -0.006 -20"><span class='ocrx_word' id='word_1_219' title='bbox 188 3326 332 3411; x_wconf 88' lang='lat' dir='ltr'>sumptis</span> <span class='ocrx_word' id='word_1_220' title='bbox 354 3324 552 3409; x_wconf 84' lang='lat' dir='ltr'>praefigeret</span> <span class='ocrx_word' id='word_1_221' title='bbox 572 3322 696 3387; x_wconf 86' lang='lat' dir='ltr'>litteras</span> <span class='ocrx_word' id='word_1_222' title='bbox 708 3322 777 3388; x_wconf 88' lang='lat' dir='ltr'>BR.</span> <span class='ocrx_word' id='word_1_223' title='bbox 803 3322 992 3405; x_wconf 79' lang='lat' dir='ltr'>(breuiator)</span> <span class='ocrx_word' id='word_1_224' title='bbox 1017 3322 1157 3388; x_wconf 90' lang='lat' dir='ltr'>autI.P.</span> <span class='ocrx_word' id='word_1_225' title='bbox 1182 3320 1417 3402; x_wconf 70' lang='lat' dir='ltr'>(ludiusParis)</span> 
     </span>
     <span class='ocr_line' id='line_1_28' title="bbox 188 3425 1418 3518; baseline -0.007 -21"><span class='ocrx_word' id='word_1_226' title='bbox 188 3444 246 3498; x_wconf 86' lang='lat' dir='ltr'>aut</span> <span class='ocrx_word' id='word_1_227' title='bbox 279 3432 419 3518; x_wconf 89' lang='lat' dir='ltr'>denique</span> <span class='ocrx_word' id='word_1_228' title='bbox 451 3429 555 3495; x_wconf 86' lang='lat' dir='ltr'>semel</span> <span class='ocrx_word' id='word_1_229' title='bbox 581 3429 644 3505; x_wconf 84' lang='lat' dir='ltr'>IX,</span> <span class='ocrx_word' id='word_1_230' title='bbox 675 3431 732 3503; x_wconf 91' lang='grc'>11,</span> <span class='ocrx_word' id='word_1_231' title='bbox 761 3430 782 3494; x_wconf 82' lang='grc'><strong><em>2</em></strong></span> <span class='ocrx_word' id='word_1_232' title='bbox 818 3430 854 3494; x_wconf 85' lang='lat' dir='ltr'>C.</span> <span class='ocrx_word' id='word_1_233' title='bbox 879 3430 914 3496; x_wconf 88' lang='lat' dir='ltr'>T.</span> <span class='ocrx_word' id='word_1_234' title='bbox 938 3432 960 3493; x_wconf 93' lang='lat' dir='ltr'>i.</span> <span class='ocrx_word' id='word_1_235' title='bbox 984 3452 1013 3494; x_wconf 88' lang='lat' dir='ltr'>e.</span> <span class='ocrx_word' id='word_1_236' title='bbox 1038 3430 1141 3495; x_wconf 82' lang='lat' dir='ltr'>Gaius</span> <span class='ocrx_word' id='word_1_237' title='bbox 1165 3428 1278 3493; x_wconf 86' lang='lat' dir='ltr'>Titius.</span> <span class='ocrx_word' id='word_1_238' title='bbox 1330 3425 1418 3490; x_wconf 90' lang='lat' dir='ltr'>Nam</span> 
     </span>
     <span class='ocr_line' id='line_1_29' title="bbox 188 3532 1419 3624; baseline -0.01 -19"><span class='ocrx_word' id='word_1_239' title='bbox 188 3540 233 3605; x_wconf 89' lang='lat' dir='ltr'>ad</span> <span class='ocrx_word' id='word_1_240' title='bbox 275 3538 522 3623; x_wconf 87' lang='lat' dir='ltr'>inscriptionem</span> <span class='ocrx_word' id='word_1_241' title='bbox 554 3538 669 3623; x_wconf 88' lang='lat' dir='ltr'>capitis</span> <span class='ocrx_word' id='word_1_242' title='bbox 702 3539 807 3624; x_wconf 90' lang='lat' dir='ltr'>quarti</span> <span class='ocrx_word' id='word_1_243' title='bbox 839 3535 914 3600; x_wconf 92' lang='lat' dir='ltr'>libri</span> <span class='ocrx_word' id='word_1_244' title='bbox 943 3534 1022 3600; x_wconf 87' lang='lat' dir='ltr'>Vlll</span> <span class='ocrx_word' id='word_1_245' title='bbox 1056 3536 1152 3623; x_wconf 88' lang='lat' dir='ltr'>plene</span> <span class='ocrx_word' id='word_1_246' title='bbox 1186 3532 1332 3598; x_wconf 89' lang='lat' dir='ltr'>additum</span> <span class='ocrx_word' id='word_1_247' title='bbox 1368 3540 1419 3594; x_wconf 91' lang='lat' dir='ltr'>est</span> 
     </span>
     <span class='ocr_line' id='line_1_30' title="bbox 190 3637 1418 3727; baseline -0.009 -16"><span class='ocrx_word' id='word_1_248' title='bbox 190 3648 221 3711; x_wconf 85' lang='lat' dir='ltr'>C.</span> <span class='ocrx_word' id='word_1_249' title='bbox 252 3647 341 3709; x_wconf 74' lang='lat' dir='ltr'>titus.</span> <span class='ocrx_word' id='word_1_250' title='bbox 371 3649 392 3707; x_wconf 89' lang='lat' dir='ltr'>t.</span> <span class='ocrx_word' id='word_1_251' title='bbox 419 3644 458 3707; x_wconf 81' lang='lat' dir='ltr'>de</span> <span class='ocrx_word' id='word_1_252' title='bbox 489 3642 665 3707; x_wconf 62' lang='lat' dir='ltr'>emmens.</span> <span class='ocrx_word' id='word_1_253' title='bbox 695 3646 781 3723; x_wconf 88' lang='lat' dir='ltr'>(sic).</span> <span class='ocrx_word' id='word_1_254' title='bbox 828 3642 935 3707; x_wconf 86' lang='lat' dir='ltr'>Simul</span> <span class='ocrx_word' id='word_1_255' title='bbox 957 3643 1113 3706; x_wconf 75' lang='lat' dir='ltr'>adnotatu</span> <span class='ocrx_word' id='word_1_256' title='bbox 1142 3641 1280 3727; x_wconf 89' lang='lat' dir='ltr'>dignum</span> <span class='ocrx_word' id='word_1_257' title='bbox 1311 3637 1418 3701; x_wconf 89' lang='lat' dir='ltr'>estin</span> 
     </span>
     <span class='ocr_line' id='line_1_31' title="bbox 188 3742 1417 3842; baseline -0.007 -24"><span class='ocrx_word' id='word_1_258' title='bbox 188 3752 355 3842; x_wconf 89' lang='lat' dir='ltr'>prioribus</span> <span class='ocrx_word' id='word_1_259' title='bbox 379 3760 504 3836; x_wconf 85' lang='lat' dir='ltr'>septem</span> <span class='ocrx_word' id='word_1_260' title='bbox 528 3762 651 3815; x_wconf 85' lang='lat' dir='ltr'>tantum</span> <span class='ocrx_word' id='word_1_261' title='bbox 679 3750 789 3825; x_wconf 83' lang='lat' dir='ltr'>libris,</span> <span class='ocrx_word' id='word_1_262' title='bbox 817 3760 927 3834; x_wconf 92' lang='lat' dir='ltr'>utpote</span> <span class='ocrx_word' id='word_1_263' title='bbox 957 3750 991 3812; x_wconf 93' lang='lat' dir='ltr'>in</span> <span class='ocrx_word' id='word_1_264' title='bbox 1020 3748 1137 3836; x_wconf 89' lang='lat' dir='ltr'>quibus</span> <span class='ocrx_word' id='word_1_265' title='bbox 1167 3747 1291 3811; x_wconf 91' lang='lat' dir='ltr'>codicis</span> <span class='ocrx_word' id='word_1_266' title='bbox 1319 3742 1417 3809; x_wconf 84' lang='lat' dir='ltr'>Beru</span> 
     </span>
     <span class='ocr_line' id='line_1_32' title="bbox 189 3854 1418 3939; baseline -0.007 -16"><span class='ocrx_word' id='word_1_267' title='bbox 189 3858 386 3925; x_wconf 84' lang='lat' dir='ltr'>emendator</span> <span class='ocrx_word' id='word_1_268' title='bbox 407 3858 553 3924; x_wconf 90' lang='lat' dir='ltr'>nondum</span> <span class='ocrx_word' id='word_1_269' title='bbox 577 3856 850 3923; x_wconf 81' lang='lat' dir='ltr'>animaduertisse</span> <span class='ocrx_word' id='word_1_270' title='bbox 865 3855 1015 3920; x_wconf 89' lang='lat' dir='ltr'>uideatur</span> <span class='ocrx_word' id='word_1_271' title='bbox 1026 3855 1115 3920; x_wconf 88' lang='lat' dir='ltr'>illam</span> <span class='ocrx_word' id='word_1_272' title='bbox 1135 3854 1418 3939; x_wconf 77' lang='lat' dir='ltr'>subscriptionem,</span> 
     </span>
     <span class='ocr_line' id='line_1_33' title="bbox 188 3959 1419 4046; baseline -0.006 -15"><span class='ocrx_word' id='word_1_273' title='bbox 188 3986 363 4031; x_wconf 88' lang='lat' dir='ltr'>occurrere</span> <span class='ocrx_word' id='word_1_274' title='bbox 387 3978 483 4032; x_wconf 88' lang='lat' dir='ltr'>notas</span> <span class='ocrx_word' id='word_1_275' title='bbox 507 3965 532 4030; x_wconf 92' lang='lat' dir='ltr'>I.</span> <span class='ocrx_word' id='word_1_276' title='bbox 556 3962 641 4046; x_wconf 79' lang='lat' dir='ltr'>P.¹);</span> <span class='ocrx_word' id='word_1_277' title='bbox 664 3962 741 4028; x_wconf 90' lang='lat' dir='ltr'>inde</span> <span class='ocrx_word' id='word_1_278' title='bbox 766 3961 807 4028; x_wconf 85' lang='lat' dir='ltr'>ab</span> <span class='ocrx_word' id='word_1_279' title='bbox 829 3962 912 4027; x_wconf 91' lang='lat' dir='ltr'>libro</span> <span class='ocrx_word' id='word_1_280' title='bbox 937 3959 1015 4027; x_wconf 92' lang='lat' dir='ltr'>VllI</span> <span class='ocrx_word' id='word_1_281' title='bbox 1037 3984 1066 4027; x_wconf 90' lang='lat' dir='ltr'>c.</span> <span class='ocrx_word' id='word_1_282' title='bbox 1089 3962 1129 4036; x_wconf 80' lang='lat'>4,</span> <span class='ocrx_word' id='word_1_283' title='bbox 1151 3963 1207 4026; x_wconf 91' lang='lat' dir='ltr'>ubi</span> <span class='ocrx_word' id='word_1_284' title='bbox 1231 3972 1317 4026; x_wconf 87' lang='lat' dir='ltr'>extat</span> <span class='ocrx_word' id='word_1_285' title='bbox 1337 3959 1419 4025; x_wconf 88' lang='lat' dir='ltr'>illud</span> 
     </span>
     <span class='ocr_line' id='line_1_34' title="bbox 190 4068 1417 4159; baseline -0.007 -21"><span class='ocrx_word' id='word_1_286' title='bbox 190 4076 222 4138; x_wconf 80' lang='lat' dir='ltr'>G.</span> <span class='ocrx_word' id='word_1_287' title='bbox 245 4075 335 4147; x_wconf 72' lang='lat' dir='ltr'>titus,</span> <span class='ocrx_word' id='word_1_288' title='bbox 358 4094 489 4159; x_wconf 89' lang='lat' dir='ltr'>semper</span> <span class='ocrx_word' id='word_1_289' title='bbox 513 4070 743 4139; x_wconf 86' lang='lat' dir='ltr'>additamentis</span> <span class='ocrx_word' id='word_1_290' title='bbox 757 4070 915 4157; x_wconf 81' lang='lat' dir='ltr'>praeponi</span> <span class='ocrx_word' id='word_1_291' title='bbox 925 4068 995 4133; x_wconf 91' lang='lat' dir='ltr'>BR.</span> <span class='ocrx_word' id='word_1_292' title='bbox 1010 4080 1142 4155; x_wconf 88' lang='lat' dir='ltr'>excepto</span> <span class='ocrx_word' id='word_1_293' title='bbox 1159 4092 1225 4133; x_wconf 92' lang='lat' dir='ltr'>uno</span> <span class='ocrx_word' id='word_1_294' title='bbox 1237 4068 1309 4135; x_wconf 91' lang='lat' dir='ltr'>loco</span> <span class='ocrx_word' id='word_1_295' title='bbox 1321 4088 1417 4155; x_wconf 84' lang='lat' dir='ltr'>prae·</span> 
     </span>
     <span class='ocr_line' id='line_1_35' title="bbox 189 4174 1417 4255; baseline -0.007 -10"><span class='ocrx_word' id='word_1_296' title='bbox 189 4180 278 4247; x_wconf 85' lang='lat' dir='ltr'>dicto</span> <span class='ocrx_word' id='word_1_297' title='bbox 301 4176 360 4255; x_wconf 87' lang='lat' dir='ltr'>IX,</span> <span class='ocrx_word' id='word_1_298' title='bbox 387 4180 437 4255; x_wconf 88' lang='lat'>11,</span> <span class='ocrx_word' id='word_1_299' title='bbox 461 4180 492 4245; x_wconf 82' lang='lat'>2.</span> <span class='ocrx_word' id='word_1_300' title='bbox 539 4178 608 4245; x_wconf 88' lang='lat' dir='ltr'>Sed</span> <span class='ocrx_word' id='word_1_301' title='bbox 619 4178 776 4243; x_wconf 90' lang='lat' dir='ltr'>dubitauit</span> <span class='ocrx_word' id='word_1_302' title='bbox 793 4177 922 4242; x_wconf 87' lang='lat' dir='ltr'>iniuria.</span> <span class='ocrx_word' id='word_1_303' title='bbox 970 4176 1196 4243; x_wconf 88' lang='lat' dir='ltr'>Certissimum</span> <span class='ocrx_word' id='word_1_304' title='bbox 1220 4177 1306 4239; x_wconf 86' lang='lat' dir='ltr'>cuim</span> <span class='ocrx_word' id='word_1_305' title='bbox 1329 4174 1417 4238; x_wconf 87' lang='lat' dir='ltr'>testi·</span> 
     </span>
     <span class='ocr_line' id='line_1_36' title="bbox 188 4280 1417 4374; baseline -0.009 -19"><span class='ocrx_word' id='word_1_306' title='bbox 188 4288 338 4355; x_wconf 85' lang='lat' dir='ltr'>monium</span> <span class='ocrx_word' id='word_1_307' title='bbox 361 4289 396 4352; x_wconf 92' lang='lat' dir='ltr'>in</span> <span class='ocrx_word' id='word_1_308' title='bbox 418 4287 559 4374; x_wconf 88' lang='lat' dir='ltr'>epistula</span> <span class='ocrx_word' id='word_1_309' title='bbox 581 4286 624 4351; x_wconf 89' lang='lat' dir='ltr'>ad</span> <span class='ocrx_word' id='word_1_310' title='bbox 645 4286 817 4373; x_wconf 83' lang='lat' dir='ltr'>Cyriacum</span> <span class='ocrx_word' id='word_1_311' title='bbox 838 4306 941 4368; x_wconf 90' lang='lat' dir='ltr'>supra</span> <span class='ocrx_word' id='word_1_312' title='bbox 963 4282 1115 4359; x_wconf 80' lang='lat' dir='ltr'>exhibita,</span> <span class='ocrx_word' id='word_1_313' title='bbox 1140 4307 1204 4372; x_wconf 93' lang='lat' dir='ltr'>quo</span> <span class='ocrx_word' id='word_1_314' title='bbox 1227 4283 1299 4367; x_wconf 90' lang='lat' dir='ltr'>ipse</span> <span class='ocrx_word' id='word_1_315' title='bbox 1321 4280 1417 4345; x_wconf 86' lang='lat' dir='ltr'>Paris</span> 
     </span>
     <span class='ocr_line' id='line_1_37' title="bbox 190 4386 1418 4481; baseline -0.009 -23"><span class='ocrx_word' id='word_1_316' title='bbox 190 4406 359 4459; x_wconf 75' lang='lat' dir='ltr'>auctorem</span> <span class='ocrx_word' id='word_1_317' title='bbox 384 4415 420 4457; x_wconf 90' lang='lat' dir='ltr'>se</span> <span class='ocrx_word' id='word_1_318' title='bbox 444 4396 612 4459; x_wconf 84' lang='lat' dir='ltr'>confltetur</span> <span class='ocrx_word' id='word_1_319' title='bbox 636 4394 797 4481; x_wconf 88' lang='lat' dir='ltr'>epitomae</span> <span class='ocrx_word' id='word_1_320' title='bbox 825 4391 896 4455; x_wconf 87' lang='lat' dir='ltr'>cius</span> <span class='ocrx_word' id='word_1_321' title='bbox 920 4402 952 4453; x_wconf 89' lang='lat' dir='ltr'>et</span> <span class='ocrx_word' id='word_1_322' title='bbox 975 4412 1116 4477; x_wconf 90' lang='lat' dir='ltr'>quocum</span> <span class='ocrx_word' id='word_1_323' title='bbox 1138 4391 1234 4479; x_wconf 88' lang='lat' dir='ltr'>plane</span> <span class='ocrx_word' id='word_1_324' title='bbox 1258 4386 1418 4453; x_wconf 87' lang='lat' dir='ltr'>consentit</span> 
     </span>
    </p>
   </div>
   <div class='ocr_carea' id='block_1_4' title="bbox 189 4579 1416 4802">
    <p class='ocr_par' dir='ltr' id='par_1_5' title="bbox 189 4579 1416 4802">
     <span class='ocr_line' id='line_1_38' title="bbox 255 4579 1416 4657; baseline -0.011 -15"><span class='ocrx_word' id='word_1_325' title='bbox 255 4592 282 4656; x_wconf 91' lang='lat'>¹)</span> <span class='ocrx_word' id='word_1_326' title='bbox 302 4592 361 4641; x_wconf 86' lang='lat' dir='ltr'>Non</span> <span class='ocrx_word' id='word_1_327' title='bbox 381 4592 478 4657; x_wconf 87' lang='lat' dir='ltr'>duplici</span> <span class='ocrx_word' id='word_1_328' title='bbox 497 4592 669 4657; x_wconf 80' lang='lat' dir='ltr'>praenomine</span> <span class='ocrx_word' id='word_1_329' title='bbox 688 4590 771 4638; x_wconf 85' lang='lat' dir='ltr'>Gaius</span> <span class='ocrx_word' id='word_1_330' title='bbox 790 4586 876 4645; x_wconf 84' lang='lat' dir='ltr'>Titus,</span> <span class='ocrx_word' id='word_1_331' title='bbox 898 4602 977 4654; x_wconf 87' lang='lat' dir='ltr'>quem</span> <span class='ocrx_word' id='word_1_332' title='bbox 999 4589 1032 4637; x_wconf 87' lang='lat' dir='ltr'>ad</span> <span class='ocrx_word' id='word_1_333' title='bbox 1052 4589 1159 4639; x_wconf 84' lang='lat' dir='ltr'>modum</span> <span class='ocrx_word' id='word_1_334' title='bbox 1183 4600 1244 4637; x_wconf 81' lang='lat' dir='ltr'>eum</span> <span class='ocrx_word' id='word_1_335' title='bbox 1267 4584 1330 4649; x_wconf 82' lang='lat' dir='ltr'>post</span> <span class='ocrx_word' id='word_1_336' title='bbox 1347 4579 1416 4651; x_wconf 82' lang='lat' dir='ltr'>Aug.</span> 
     </span>
     <span class='ocr_line' id='line_1_39' title="bbox 189 4660 999 4723; baseline -0.006 -9"><span class='ocrx_word' id='word_1_337' title='bbox 189 4666 294 4715; x_wconf 68' lang='lat' dir='ltr'>Heium</span> <span class='ocrx_word' id='word_1_338' title='bbox 313 4665 396 4713; x_wconf 77' lang='lat' dir='ltr'>etiam</span> <span class='ocrx_word' id='word_1_339' title='bbox 414 4678 483 4713; x_wconf 88' lang='lat' dir='ltr'>nuuc</span> <span class='ocrx_word' id='word_1_340' title='bbox 501 4664 631 4713; x_wconf 86' lang='lat' dir='ltr'>interdum</span> <span class='ocrx_word' id='word_1_341' title='bbox 649 4662 744 4711; x_wconf 83' lang='lat' dir='ltr'>inscite</span> <span class='ocrx_word' id='word_1_342' title='bbox 763 4660 896 4723; x_wconf 77' lang='lat' dir='ltr'>appellari</span> <span class='ocrx_word' id='word_1_343' title='bbox 914 4661 999 4709; x_wconf 82' lang='lat' dir='ltr'>uideo.</span> 
     </span>
     <span class='ocr_line' id='line_1_40' title="bbox 253 4728 1146 4802; baseline -0.008 -16"><span class='ocrx_word' id='word_1_344' title='bbox 253 4734 283 4801; x_wconf 86' lang='lat'>¹)</span> <span class='ocrx_word' id='word_1_345' title='bbox 303 4736 470 4802; x_wconf 74' lang='lat' dir='ltr'>Aliquotiens</span> <span class='ocrx_word' id='word_1_346' title='bbox 487 4734 515 4784; x_wconf 90' lang='lat' dir='ltr'>iu</span> <span class='ocrx_word' id='word_1_347' title='bbox 533 4736 576 4785; x_wconf 77' lang='lat' dir='ltr'>bis</span> <span class='ocrx_word' id='word_1_348' title='bbox 595 4734 670 4785; x_wconf 84' lang='lat' dir='ltr'>libris</span> <span class='ocrx_word' id='word_1_349' title='bbox 689 4732 804 4798; x_wconf 80' lang='lat' dir='ltr'>simplex</span> <span class='ocrx_word' id='word_1_350' title='bbox 821 4732 995 4797; x_wconf 71' lang='lat' dir='ltr'>praeponitur</span> <span class='ocrx_word' id='word_1_351' title='bbox 1011 4746 1037 4783; x_wconf 78' lang='lat' dir='ltr'>c.</span> <span class='ocrx_word' id='word_1_352' title='bbox 1056 4732 1101 4781; x_wconf 81' lang='lat' dir='ltr'>aut</span> <span class='ocrx_word' id='word_1_353' title='bbox 1119 4728 1146 4780; x_wconf 74' lang='lat' dir='ltr'>l’.</span> 
     </span>
    </p>
   </div>
   <div class='ocr_carea' id='block_1_5' title="bbox 0 0 1710 5400">
    <p class='ocr_par' dir='ltr' id='par_1_6' title="bbox 0 0 1710 5400">
     <span class='ocr_line' id='line_1_41' title="bbox 0 0 1710 5400; baseline 0 1"><span class='ocrx_word' id='word_1_354' title='bbox 0 0 1710 5400; x_wconf 95' lang='lat' dir='ltr'> </span> 
     </span>
    </p>
   </div>
  </div>
 </body>
</html>
