3409 5400
566 522 648 590 LIB.
670 522 742 600 1111,
766 524 801 591 0.
827 524 859 601 3,
882 532 911 601 1.
936 524 1069 593 8-11.
1363 524 1430 595 839

209 683 320 771 populi
343 688 525 771 permissu3
548 692 568 761 †
591 686 702 774 legata
725 692 918 771 quaestores
941 694 1094 771 prompta
1112 686 1171 748 uni
1193 684 1309 769 cuique
1325 682 1440 753 distri·

209 792 356 855 buerunt.
389 791 439 857 lta
461 794 495 857 in
507 792 612 857 isdem
629 790 810 857 Ptolemaei
824 791 1014 865 liberalitas,
1026 790 1211 877 legatorum
1226 789 1435 870 abstinentia,

210 909 345 963 senatus
374 920 413 963 ae
441 899 554 986 populi
585 901 733 987 aequitas
764 897 905 963 debitam
932 897 1112 985 probabilis
1146 897 1225 961 facti
1252 899 1437 981 portionem

211 1004 357 1069 obtinuit.

186 1129 200 1175 a
298 1110 476 1178 Fabiorum
508 1124 539 1177 et
567 1112 690 1199 Ogulni
727 1113 945 1177 continentiae
975 1092 1187 1197 Calpurnium
1215 1108 1373 1177 Pisonem
1401 1112 1437 1177 in
1448 1108 1501 1175 10.

211 1216 373 1281 consimili
397 1238 519 1305 genere
542 1217 650 1284 laudis
675 1218 839 1283 aemulum
862 1218 967 1283 fuisse
989 1240 1044 1283 res
1067 1220 1142 1303 ipsa
1164 1216 1360 1283 documento
1376 1230 1438 1312 est..

212 1322 345 1397 Consul,
369 1324 463 1410 graui
486 1325 696 1412 fugitiuorum
719 1324 804 1389 bello
828 1346 848 1388 a
869 1348 906 1389 se
920 1325 1059 1391 liberata
1075 1325 1199 1399 Sicilia
1222 1346 1281 1389 eos
1299 1346 1437 1410 quorum

109 1440 113 1449 '
210 1430 388 1515 praecipua
411 1440 513 1517 opera
535 1454 616 1495 usus
639 1432 746 1496 suerat
772 1432 983 1516 imperatorin
1005 1452 1097 1497 more
1128 1432 1225 1497 donis
1254 1454 1436 1519 proseque-

209 1536 312 1602 batur.
347 1535 433 1601 lnter
456 1560 539 1626 ques
562 1538 663 1603 filium
687 1560 783 1603 suum
808 1537 932 1624 aliquot
951 1538 1034 1603 locis
1051 1537 1243 1623 proeliatum
1257 1540 1437 1604 fortissime

174 1642 301 1706 retitule
331 1644 429 1708 trium
455 1644 612 1710 librarum
642 1666 762 1710 aureae
792 1666 935 1709 coronae
967 1645 1146 1719 decorauit.
1175 1645 1342 1730 praefatus
1370 1667 1438 1710 non

211 1760 370 1836 oportere·
383 1772 404 1815 a
425 1752 620 1839 magistratu
643 1774 662 1815 c
685 1750 817 1838 publica
838 1753 981 1837 pecunia
1004 1752 1133 1839 erogari
1163 1750 1252 1837 qnod
1273 1751 1307 1815 in
1329 1751 1436 1838 ipsius

212 1854 346 1923 domum
368 1856 546 1923 rediturum
570 1870 669 1933 esset,
692 1868 885 1944 tantumque
906 1857 1065 1944 ponderis
1089 1879 1127 1923 se
1143 1867 1338 1922 testamento
1354 1858 1437 1923 adu·

209 1962 346 2029 lescenti
368 1964 551 2052 legaturum
575 1964 736 2050 promisit,
758 1974 794 2027 ut
815 1962 975 2030 honorem
996 1964 1127 2051 publice
1144 1987 1165 2030 a
1180 1964 1274 2039 duee,
1297 1966 1437 2050 pretium

211 2070 362 2158 priuatim
386 2082 520 2159 epatre
542 2072 711 2157 reciperet.

175 2190 202 2236 tt
299 2176 384 2265 Age,
407 2174 437 2242 si
462 2178 535 2265 quis
557 2174 622 2241 hoc
646 2177 781 2243 sacerdo
804 2178 856 2241 nir
877 2176 1015 2242 inluster
1037 2176 1178 2265 pellibus
1201 2175 1353 2243 haedinis
1376 2175 1502 2263 proll.

212 2283 369 2371 stragulis
391 2293 499 2349 utatur
521 2284 689 2370 tribusque
721 2285 828 2349 seruis
861 2286 1033 2349 comitatus
1061 2284 1258 2370 Hispaniam
1284 2293 1380 2371 regat
1407 2294 1440 2349 at

213 2392 466 2479 quingentorum
490 2391 615 2455 assium
647 2400 778 2476 surnptu
813 2392 1067 2456 transmarinam
1101 2389 1307 2474 prouinciam
1340 2400 1439 2476 petat,

214 2497 330 2563 eodem
354 2497 426 2561 cibo
451 2496 632 2584 eodemque
655 2499 733 2563 uino
757 2518 822 2583 quo
845 2508 967 2562 nautae
988 2497 1036 2561 uti
1059 2506 1230 2561 contentus
1252 2496 1306 2571 eit,
1327 2516 1439 2561 nenne

212 2604 409 2671 miserabilis
434 2601 658 2668 existimaturi
703 2602 805 2691 Atqui
826 2604 893 2669 ista
914 2605 1154 2691 patientissime
1178 2604 1327 2689 superior
1356 2603 1438 2667 (late

175 2709 370 2786 rotolerauit,
394 2713 472 2799 quia
492 2711 582 2776 illum
607 2721 703 2798 grata
724 2711 922 2798 frugalitatis
945 2710 1148 2776 consuetudo
1170 2711 1205 2774 in
1227 2710 1292 2774 hoe
1315 2730 1439 2798 genere

212 2820 300 2883 uitae
324 2839 398 2884 cum
422 2839 553 2884 summa
575 2817 748 2883 dulcedine
772 2819 967 2884 continebat.

216 2973 239 3030 1.
251 2980 376 3043 permissi
397 2977 425 3032 0.
438 2979 451 3048 Η
462 2977 566 3048 legata]
587 2994 672 3046 saque
689 2979 787 3046 legatis
805 2992 875 3030 corr.
892 2976 926 3032 A.
949 2975 1025 3029 Torr.
1044 2977 1124 3044 atque
1136 2979 1230 3046 legata
1247 2971 1315 3030 ΒΓ.
1338 2977 1438 3046 tegatis

213 3047 244 3102 F.
257 3049 404 3118 ilprompte
422 3063 492 3102 corr.
510 3048 542 3108 A.
563 3047 639 3102 Terr.
658 3051 782 3114 prompta
800 3065 880 3099 manu
899 3049 928 3100 r'rr
945 3063 1044 3100 rasura
1061 3043 1094 3101 Β.
1113 3046 1169 3116 112.
1188 3049 1258 3098 idem
1276 3044 1308 3098 F.
1332 3050 1440 3098 hisdem

213 3117 307 3188 11113.
325 3121 428 3187 populi}
448 3119 509 3172 add.
529 3123 641 3172 Romani
662 3117 737 3174 Torr.
754 3119 768 3188 ΙΙ
784 3115 810 3172 5.
830 3121 974 3172 Fabiorum
998 3149 1033 3158 -
1055 3115 1104 3184 (6.)
1123 3119 1281 3170 documento
1300 3119 1353 3185 est]
1380 3118 1439 3169 Cal·

213 3193 343 3255 phurnios
361 3192 424 3242 Piso
448 3189 509 3258 1111
527 3193 627 3260 egulini
648 3189 677 3244 G.
701 3191 800 3259 ogolnii
818 3185 855 3242 D.
881 3192 980 3260 egolini
998 3189 1025 3242 E
1051 3187 1176 3241 etaltera
1200 3207 1216 3241 o
1238 3188 1267 3252 itt
1290 3203 1388 3239 rasura
1405 3186 1439 3241 Β.

214 3277 230 3312 e
269 3258 313 3312 lint
331 3257 362 3312 F.
374 3259 387 3326 ΙΙ
400 3261 556 3312 callumium
574 3260 605 3313 F.
618 3259 631 3327 ΙΙ
643 3259 668 3312 e.
687 3261 858 3327 documento]
876 3261 972 3311 indicio
991 3259 1028 3312 D.
1039 3259 1053 3326 ΙΙ
1072 3256 1098 3312 il.
1116 3261 1183 3311 loeis
1202 3260 1303 3323 aliquot
1321 3257 1427 3322 Tamti

216 3331 228 3384 1
249 3369 256 3384 .
277 3332 302 3397 e]
323 3333 356 3381 de
365 3327 432 3382 DF.
444 3329 457 3396 ΙΙ
471 3327 512 3382 li.
523 3349 539 3382 a
554 3335 631 3396 patre
649 3333 772 3396 priuatim
784 3330 812 3382 E
821 3329 897 3384 Torr.
909 3331 922 3398 ΙΙ
936 3328 978 3383 15.
995 3326 1195 3382 ittustchCD
1202 3327 1233 3380 Γ.
1252 3329 1365 3378 illustris
1382 3326 1410 3380 E
1416 3324 1443 3378 F

216 3401 294 3454 Torr-
317 3397 377 3452 th.
396 3399 433 3451 od
449 3398 516 3454 llll.
539 3399 563 3456 1.
583 3399 689 3468 5.1116.
712 3404 835 3452 utebatur
852 3398 917 3469 1111
940 3399 980 3454 17.
1000 3403 1204 3468 quingentarum
1223 3397 1258 3450 Ε.
1274 3395 1288 3461 ΙΙ
1305 3400 1442 3462 sumptum

209 3488 255 3542 pr.
273 3469 306 3525 Α.
318 3469 331 3539 ΙΙ
352 3467 391 3524 111.
409 3472 538 3522 mirabilis
556 3469 584 3524 Ε
590 3469 616 3522 F
619 3469 645 3522 Γ
643 3508 650 3523 .
669 3467 681 3540 ll
701 3473 755 3536 atq.
773 3473 828 3522 ista
845 3469 905 3532 (ric)
921 3468 953 3523 A.
970 3469 985 3539 ΙΙ
1001 3471 1125 3521 tolerauit
1144 3471 1203 3520 cato
1221 3467 1255 3520 Β.
1274 3465 1287 3540 ll
1307 3466 1351 3521 20.
1369 3469 1442 3520 uitae

213 3557 315 3614 genere
332 3537 398 3596 DF.
410 3535 478 3610 1121.
497 3541 568 3608 cum]
591 3557 641 3592 con
656 3555 700 3609 pr.
718 3539 750 3594 Α.

215 3687 346 3746 homines,
366 3701 425 3736 cum
445 3683 534 3736 aetate
553 3685 634 3753 longe
651 3681 852 3746 praecesserint
865 3681 977 3732 Paulum
1000 3677 1155 3742 Aemilium,
1177 3681 1267 3746 inepta
1291 3698 1309 3732 a
1331 3681 1440 3734 Valerio

216 3757 287 3810 lilius
305 3757 386 3808 animi
404 3757 500 3807 iudicio
520 3755 717 3818 subscripsisse
736 3754 870 3804 dicuntur.

287 3826 401 3896 'siceota
419 3833 567 3896 quaestores
581 3829 716 3892 prompta)
733 3823 887 3888 Scripturas
906 3827 1034 3876 bonoram
1054 3825 1181 3874 librorum
1201 3825 1352 3876 testimonie
1371 3824 1439 3876 satis

217 3899 310 3950 itunae
328 3901 542 3951 emendationem
561 3897 680 3948 inuenire
699 3897 814 3946 nondum
833 3897 914 3959 potui.
956 3897 1025 3945 Naar
1049 3899 1119 3957 quod
1145 3898 1285 3959 temptauit
1308 3898 1441 3947 corrector

216 3971 276 4020 libri
293 3973 438 4022 Berneneis
457 3972 485 4022 et
503 3971 538 4019 ab
558 3984 590 4020 eo
610 3969 770 4031 aeceperunt
789 3967 951 4016 recentiores
964 3967 1140 4034 grammatici,
1160 3981 1242 4033 eoque
1257 3964 1360 4033 tepetis.
1380 3983 1440 4018 oum

216 4056 234 4090 a
251 4043 357 4092 traditis
376 4043 469 4091 litteris
488 4041 568 4090 nimis
587 4039 722 4096 abhorret,
741 4040 796 4088 tum
815 4037 929 4088 moleste
949 4040 1072 4087 iteratam
1092 4039 1174 4087 habet
1191 4039 1342 4104 legatorum
1361 4041 1441 4090 deno·

216 4113 351 4162 tationem.
383 4113 423 4160 Ne
431 4111 560 4161 Perizonii
570 4111 675 4173 quidem
686 4111 838 4160 coniectura
846 4103 905 4168 (sed
913 4107 992 4161 etiam
997 4105 1092 4175 papali
1097 4105 1228 4177 perscissa
1243 4124 1276 4160 ea
1289 4114 1442 4176 quaestores

216 4181 279 4245 ate.)
290 4183 378 4248 aliquo
388 4196 498 4232 numero
509 4181 647 4232 satisfacit.
672 4181 772 4244 ltaque,
784 4181 868 4229 donec
879 4181 990 4230 meliora
1000 4181 1123 4237 docebor,
1134 4181 1198 4229 iliud
1208 4177 1293 4244 leyata
1304 4196 1321 4229 a
1334 4180 1441 4230 librario

216 4253 331 4318 quodam
342 4253 493 4317 protectum
506 4267 569 4304 esse
582 4253 709 4308 arbitror,
730 4252 875 4314 ascriptum
894 4255 923 4300 ut
939 4252 1117 4314 explicaretur
1129 4256 1263 4316 prompta,
1281 4253 1308 4300 et
1319 4251 1348 4298 ut
1359 4249 1442 4315 signi-

216 4323 359 4374 ficarentur
376 4326 448 4392 regis
467 4339 586 4382 mernere,
606 4322 744 4388 quasillis
764 4323 869 4386 ineptus
886 4323 967 4373 homo
986 4335 1004 4370 a
1021 4336 1086 4388 rega
1106 4322 1198 4388 tegata
1219 4335 1283 4370 esse
1299 4319 1442 4383 putauerit

215 4394 390 4445 Desideratur
402 4395 491 4446 autem
505 4409 537 4446 eo
551 4396 610 4444 loco
625 4407 674 4460 qao
685 4390 764 4458 sacto
778 4393 820 4442 uel
833 4393 905 4441 aliud
923 4393 1044 4442 eiusdem
1059 4392 1226 4459 significatus
1238 4389 1406 4440 uocabulum.

291 4464 329 4518 10.
349 4467 388 4515 01.
408 4467 473 4518 Ptin.
492 4467 519 4517 h.
538 4483 565 4516 n.
582 4464 709 4520 xxxnt,
728 4461 746 4514 Β
764 4465 790 4512 in
810 4464 853 4513 tin.

288 4534 330 4589 11.
350 4538 389 4586 Ct'.
408 4537 475 4588 Plin.
495 4538 521 4586 h.
540 4551 565 4587 n.
585 4535 668 4592 Xllll,
690 4528 730 4594 1³,
754 4529 793 4584 14.
821 4535 911 4587 arant.
931 4537 1007 4585 strat.
1025 4535 1083 4592 llll,
1108 4529 1139 4591 ³.
1168 4530 1191 4582 l.
1227 4531 1296 4582 Plut.
1315 4531 1444 4595 apophtlt.¹

216 4607 285 4671 (Gai.
303 4609 367 4660 mai.
383 4603 440 4671 27.)
459 4610 486 4659 et
504 4623 589 4671 comp.
610 4605 690 4656 Arist.
710 4619 769 4654 eum
788 4607 844 4656 Cat.
864 4607 937 4656 idem
955 4608 982 4656 in
1000 4608 1057 4655 nita
1075 4604 1186 4654 Catonis
1205 4617 1228 4654 e.
1247 4599 1265 4652 a
1289 4615 1364 4660 earm,
1384 4617 1444 4651 eum

215 4677 367 4729 Sardiniam
384 4679 550 4744 prouinciam
569 4679 737 4733 obtinuisset,
757 4675 852 4728 eodem
865 4679 1043 4728 continentiae
1055 4689 1157 4745 genere
1168 4687 1245 4724 nsum
1261 4687 1326 4725 esse
1343 4673 1444 4728 narrat.

216 4748 270 4804 bed
288 4751 323 4804 et.
342 4751 441 4805 Festus
459 4765 488 4805 u.
505 4751 619 4804 Nauttas
637 4763 664 4816 p.
686 4742 736 4802 ree
755 4748 831 4804 1111111.

588 4833 593 4845 ,
1159 4833 1229 4903 22.
