3409 5400
1391 535 1436 604 tt

204 711 295 774 quern
328 713 422 758 mann
451 699 591 760 nunaut
618 695 738 759 erdem
766 701 795 760 et
821 698 916 763 litora
947 698 1067 764 eretria
1097 699 1222 781 imtibtte
1242 699 1383 783 saleim
1408 705 1437 763 et

204 810 296 867 emite
319 804 540 888 carmaniae
562 805 700 879 audaste,
726 805 861 870 omissis
878 808 994 871 ceteris
1012 828 1095 895 quae
1118 808 1312 896 interposita
1334 819 1435 882 erant,

202 913 314 998 prima
349 933 422 976 cum
456 912 576 978 ultimis
612 916 740 980 conexit
768 913 841 980 loco
877 915 1008 1002 quidem
1041 916 1176 982 minime
1211 921 1435 1008 congruentia,

202 1021 380 1108 statimque
405 1021 551 1088 adimat
569 1025 695 1088 tertium
712 1035 880 1110 tamquam
903 1024 980 1087 item
1003 1024 1036 1086 in
1054 1022 1169 1088 Sicilia
1190 1023 1323 1102 factum,
1347 1026 1436 1114 quod

202 1127 321 1194 Liuius
337 1130 523 1196 Antiatibus
539 1131 703 1198 accidisse
718 1129 816 1217 paulo
833 1143 909 1216 post
926 1131 1107 1196 memoriae
1123 1131 1264 1198 tradidit.
1307 1133 1435 1199 Eodem

203 1238 305 1304 modo
330 1235 415 1302 Liuii
438 1239 546 1303 uerbis
572 1239 679 1326 decipi
702 1261 739 1304 sc
762 1262 884 1326 passus
909 1250 960 1302 est
981 1237 1039 1312 VI,
1064 1239 1098 1313 li,
1123 1239 1159 1312 3,
1188 1239 1243 1304 ubi
1267 1239 1304 1304 L.
1327 1241 1433 1305 Minu-

203 1347 292 1410 cium
330 1357 361 1408 et
388 1345 427 1411 L.
457 1345 616 1412 Manlium
647 1346 692 1410 M.
723 1347 850 1412 Claudii
880 1347 1040 1433 praetoris
1071 1346 1182 1421 iussu,
1211 1348 1289 1434 quia
1315 1347 1434 1438 legatis

202 1475 325 1518 manus
349 1453 547 1528 attulissent,
572 1453 904 1542 Karthaginiensibus
929 1453 1056 1519 deditos
1081 1475 1157 1517 esse
1179 1455 1278 1519 refert
1300 1455 1344 1520 Μ.
1369 1454 1433 1520 Ae·

201 1561 293 1626 milio
324 1559 361 1625 L.
394 1561 458 1640 (C.)
490 1561 650 1628 Flaminio
685 1562 894 1635 consulibus,
930 1583 1067 1649 quorum
1098 1561 1271 1626 consulum
1300 1565 1434 1629 nomina

202 1689 288 1734 sane
313 1669 410 1733 ctiam
435 1669 522 1754 apud
545 1667 673 1734 Liuium
698 1667 891 1742 XXXVIII,
915 1668 958 1734 42
981 1668 1070 1734 illam
1095 1671 1316 1735 narrationem
1338 1691 1433 1757 prae·

203 1777 341 1852 cedunt3
373 1776 430 1842 sed
462 1778 491 1840 si
515 1777 702 1864 diligentius
727 1777 824 1864 paulo
850 1795 949 1863 quam
971 1774 1125 1842 Valerius
1156 1779 1300 1842 altimum
1331 1789 1432 1842 atten-

204 1882 304 1956 deris,
328 1881 401 1956 hos,
426 1883 618 1972 designatos
639 1885 672 1950 in
688 1886 872 1974 proximum
885 1905 1018 1958 annum,
1042 1897 1116 1948 tunc
1140 1887 1295 1972 temporis
1326 1887 1432 1974 magi-

203 2005 341 2056 stratum
365 1990 509 2054 nondum
534 1992 648 2056 iniisse
672 1992 928 2058 animaduertes.
983 1991 1138 2056 Similiter
1162 1991 1208 2068 II,
1241 1994 1276 2068 5,
1303 1995 1331 2068 l,
1355 1995 1434 2080 quia

200 2097 289 2162 Liuii
314 2095 397 2178 (XL,
424 2097 479 2176 tt)
510 2119 563 2162 uu.
595 2101 626 2162 ie
648 2106 716 2162 erat
738 2102 791 2182 qni
814 2102 893 2182 ipse,
917 2121 1001 2187 quae
1030 2099 1075 2164 ad
1097 2099 1198 2164 filium
1223 2099 1432 2166 Glabrionem

201 2207 376 2291 pertinent,
399 2204 443 2270 ad
463 2217 588 2290 petrem
608 2205 725 2282 retulit,
749 2206 887 2272 celerius
904 2230 1002 2295 quam
1019 2229 1079 2292 par
1104 2217 1173 2271 erat
1188 2206 1331 2292 perlecta
1346 2206 1433 2273 Liuii

201 2314 390 2380 narratione
427 2335 558 2378 omnem
594 2335 702 2380 rerum
739 2313 887 2378 ordinem
924 2315 1072 2379 turbauit.
1130 2312 1273 2378 Nonnisi
1301 2324 1432 2400 propter

202 2419 343 2486 eandem
360 2421 602 2486 festinationem
626 2419 651 2496 I,
670 2424 698 2497 l,
724 2422 764 2487 15
783 2433 893 2506 aperte
908 2419 995 2485 Liuii
1011 2421 1195 2484 testimonio
1220 2417 1343 2499 (XXII,
1375 2419 1430 2499 tt)

200 2528 408 2603 contradixit,
431 2541 596 2614 cumpost
613 2529 821 2592 Cannensem
839 2527 977 2603 cladem,
1001 2539 1034 2590 ut
1057 2549 1154 2594 saera
1172 2527 1300 2592 Cereris
1316 2527 1432 2612 peragi

200 2647 350 2725 possent,
363 2633 504 2736 ¹publico
526 2637 718 2723 priuatoque
742 2635 840 2701 luctui
866 2636 999 2722 triginta
1022 2635 1147 2701 dierum
1171 2635 1313 2720 spatium
1336 2652 1430 2720 prae·

201 2748 360 2830 scriptum
384 2765 459 2807 esse
484 2743 640 2818 traderet,
665 2765 761 2830 quem
783 2743 906 2808 luctum
935 2741 1051 2807 Liuius
1082 2744 1216 2807 omissis
1247 2743 1314 2807 iam
1344 2740 1430 2805 illius

199 2852 284 2917 deae
308 2854 425 2925 saorla,
450 2852 529 2937 quia
549 2864 683 2915 senatus
701 2852 823 2915 ueritus
848 2862 938 2915 esset
958 2872 998 2915 ue
1014 2850 1099 2915 aliae
1112 2871 1240 2937 quoque
1252 2848 1429 2937 religiones

200 2970 377 3046 propterea
392 2960 652 3049 neglegerentur,
677 2960 799 3023 finitum
818 2959 951 3043 scripsit
966 2960 1053 3024 intra
1067 2958 1269 3045 praedictum
1292 2968 1430 3043 tempus.

200 3064 342 3153 Turpius
367 3089 434 3132 nou
457 3068 616 3133 intellecto
640 3064 734 3131 Liuio
760 3064 881 3145 (XXV,
908 3066 961 3144 14)
991 3067 1104 3131 omnia
1125 3067 1271 3132 confudit
1300 3088 1339 3131 ac
1369 3067 1430 3131 mi·

200 3176 286 3239 seuit
308 3173 364 3248 Ill,
387 3176 419 3249 2,
433 3176 486 3261 Ι20
509 3176 542 3240 in
566 3174 675 3239 uerbis
699 3194 769 3239 cam
784 3170 944 3235 Hannibal
958 3172 1105 3255 Capuam,
1129 3176 1163 3237 in
1185 3196 1247 3257 qtta
1267 3175 1429 3239 Romam

199 3284 359 3349 aaran
381 3290 458 3357 aot,
483 3283 643 3347 obsideret.
689 3280 802 3367 Neque
820 3280 908 3343 enim
930 3279 1077 3367 Capuam
1097 3292 1171 3345 tunc
1196 3281 1348 3345 tenebant
1362 3281 1429 3345 Ro·

198 3392 303 3466 mani,
327 3410 432 3477 noque
445 3389 611 3456 Hannibal
624 3410 779 3476 umquam
800 3408 875 3455 eam
889 3389 1003 3454 urbem
1020 3388 1158 3462 obsedit,
1174 3408 1280 3475 neque
1297 3389 1429 3453 omnino

199 3512 316 3564 contra
339 3496 556 3563 Hannibalem
582 3495 641 3561 sed
665 3507 779 3561 contra
800 3494 998 3561 Hannonem
1028 3507 1123 3584 gesta
1152 3507 1244 3558 erant
1277 3513 1361 3580 quae
1384 3493 1431 3557 ibi

199 3606 393 3671 resentntur.
440 3604 516 3669 Alia
539 3624 579 3669 ex
603 3604 718 3667 eodem
741 3625 866 3690 genere
887 3614 1025 3689 peccata
1048 3601 1210 3688 castigaui
1239 3597 1317 3674 IIII,
1346 3600 1377 3674 3,
1409 3600 1428 3663 1

199 3716 235 3779 in
259 3714 571 3780 commemoratione
588 3709 734 3776 Indibilis
753 3709 915 3783 Celtiberi,
938 3706 996 3782 VI,
1020 3708 1052 3781 2,
1076 3708 1096 3773 t
1118 3708 1153 3771 in
1169 3704 1278 3771 uerbis
1301 3706 1431 3771 directis

199 3824 234 3885 in
256 3822 439 3904 Pompeiam
460 3820 604 3883 monibus
627 3818 765 3905 aliisque
787 3817 882 3882 locis.
932 3814 960 3881 Ε
991 3812 1089 3879 simili
1117 3812 1256 3901 denique
1288 3816 1430 3901 segnitia

199 3942 360 4017 perpetua
383 3930 453 3994 eius
477 3940 550 3995 orta
573 3938 622 3991 est
649 3922 814 3990 fluctuatio
838 3925 1089 4010 frequentesque
1119 3920 1234 4008 lapsus
1265 3922 1299 3985 in
1323 3923 1428 4009 magi·

199 4048 361 4103 strattmm
387 4036 646 4123 dignitatumque
669 4032 921 4121 significatione.
966 4031 1053 4095 Nam
1075 4028 1107 4105 1,
1138 4028 1177 4103 li,
1208 4028 1229 4094 4
1261 4028 1429 4095 constdem

198 4143 327 4231 Syllam
351 4142 502 4229 appellat,
526 4144 581 4231 qui
605 4143 702 4207 etiam
726 4152 793 4205 tum
816 4140 998 4226 praetorius
1022 4148 1108 4211 erat;
1133 4134 1329 4211 contrallll,
1344 4134 1428 4211 ·1,8

199 4274 260 4339 pro
286 4249 421 4315 consule
444 4272 565 4336 ponere
590 4250 728 4315 debebat
751 4258 953 4335 praetorem
980 4245 1011 4323 Ι,
1036 4247 1072 4320 ii,
1103 4245 1125 4309 8
1155 4243 1197 4307 de
1221 4242 1355 4307 consule
1380 4240 1427 4305 Ti.

201 4356 354 4423 Graccho
378 4368 490 4423 narrat
520 4378 604 4446 quae
636 4376 723 4422 anno
753 4366 830 4441 post
853 4354 989 4419 alterum
1020 4355 1089 4417 eius
1113 4351 1318 4417 consulatum
1341 4347 1427 4413 acci-

198 4466 332 4543 derunt3
356 4460 416 4541 ΙΙΙ,
442 4466 479 4541 7,
509 4464 528 4530 6
552 4464 590 4529 L.
616 4464 774 4529 Crassum
804 4482 844 4527 ex
867 4460 1038 4527 consulatu
1060 4460 1264 4553 prouinciam
1287 4452 1428 4520 Galbam

197 4574 382 4641 obtinuisse
406 4571 513 4647 tradit,
538 4592 636 4660 quam
659 4570 797 4637 obtinuit
820 4569 954 4645 consul;
983 4566 1049 4641 IX,
1072 4566 1110 4643 3,
1142 4567 1161 4630 3
1186 4564 1245 4631 Cn.
1268 4562 1427 4638 Flauium,

197 4704 273 4747 etun
297 4680 415 4748 aedilis
440 4690 619 4757 crearetur,
650 4689 836 4766 praeturam
860 4676 1013 4762 adeptum
1043 4692 1119 4739 esse
1143 4671 1229 4745 dicit
1259 4680 1308 4744 et,
1339 4666 1428 4754 (1¹10d
