3409 5400
328 490 391 554 724
562 483 621 548 Dli
645 481 873 550 MORTIBVS
897 482 991 550 NON
1014 481 1318 550 VVLGARIBVS.

325 655 357 706 et
379 667 399 707 a
422 644 557 706 crimine
581 642 779 708 domesticae
808 643 1029 709 damnationis
1058 644 1213 708 inusitato
1241 646 1386 728 paterni
1423 644 1486 706 fati
1513 663 1557 726 ge

325 769 402 812 nere
424 748 607 812 uindicatus
632 761 692 813 est.

282 853 313 918 8.
413 855 519 918 Fortis
553 854 650 918 huius
685 874 792 928 inore,
827 854 955 918 illorum
989 854 1195 938 perridicula.
1253 854 1449 918 Cornelius
1485 855 1556 914 enin

325 961 440 1026 Gallus
468 961 650 1044 praetorius
680 971 710 1022 et
738 959 772 1026 T:
797 959 957 1036 moreius,
987 981 1090 1046 eques
1118 961 1308 1035 RomanuS,
1344 961 1445 1023 inter
1476 980 1556 1021 usnn

325 1065 483 1152 [puerilis]
513 1067 642 1129 ueneris
674 1064 836 1150 absumpti
865 1077 950 1130 sunt.
1008 1065 1216 1152 Quamquam
1247 1087 1428 1151 quorsum
1459 1066 1570 1128 certine:v

325 1194 438 1236 eorum
455 1171 689 1246 cauillandos,
714 1191 796 1256 quos
813 1191 880 1232 non
894 1170 995 1234 libido
1010 1193 1082 1247 sua,
1106 1170 1166 1234 sed
1181 1170 1377 1257 fragilitatis
1396 1169 1557 1234 humanae

324 1279 407 1344 ratio
432 1274 586 1340 ebsttditi
610 1276 689 1340 Fine
714 1297 857 1361 namque
880 1277 967 1340 uitae
989 1289 1123 1341 nostrae
1138 1278 1240 1340 uariis
1263 1287 1296 1338 et
1312 1276 1468 1340 occultis
1492 1295 1557 1338 can·

324 1386 372 1450 sis
397 1383 544 1470 exposito
567 1382 740 1455 interdum,
764 1402 849 1466 quae
872 1382 1066 1446 inmerentia
1085 1389 1164 1456 suat,-
1188 1384 1337 1468 supremi
1351 1384 1426 1447 fati
1441 1379 1556 1445 titulun

324 1559 350 1614 3.
374 1562 461 1612 Fortis
480 1587 515 1598 -
538 1560 697 1624 perridicula
719 1573 767 1610 om.
793 1555 824 1611 Γ.
840 1557 855 1624 ΙΙ
871 1559 958 1609 Fortis
982 1559 1073 1625 huius]
1096 1561 1171 1612 Mors
1193 1561 1273 1610 buius
1297 1561 1382 1612 tortis
1409 1557 1453 1612 D.
1479 1559 1555 1608 som

323 1632 475 1682 huiusmodi
493 1628 528 1683 E.
541 1629 554 1696 ΙΙ
568 1629 746 1696 [perridicule.
767 1629 917 1694 Gorne1lius
935 1627 967 1680 A.
977 1628 992 1696 11
1004 1630 1084 1695 enim}
1103 1634 1191 1680 autem
1201 1627 1232 1681 Γ.
1247 1629 1260 1698 ΙΙ
1273 1628 1300 1683 4.
1321 1629 1364 1695 [et
1376 1657 1420 1666 —
1434 1628 1517 1693 intelr
1530 1623 1555 1675 A

337 1701 350 1770 ΙΙ
364 1705 479 1754 etereius
500 1698 556 1752 CF.
576 1701 698 1750 echeriae
716 1695 752 1750 D.
772 1701 890 1750 etherius
908 1697 1004 1753 EPar.
1022 1702 1148 1752 Haterius
1169 1699 1246 1753 Porr.
1260 1705 1273 1766 11
1291 1715 1386 1766 eques
1409 1695 1553 1760 ΒοιιιιιιιιεΙ

325 1777 450 1835 equestre
469 1769 500 1822 Γ.
515 1768 526 1838 ΙΙ
541 1768 566 1821 5.
585 1769 705 1835 puerilis]
726 1785 774 1821 om.
793 1767 885 1822 PPar.
902 1768 959 1820 siae
976 1771 1052 1822 sacis
1071 1767 1147 1823 Torr.
1158 1769 1173 1836 ΙΙ
1183 1770 1308 1838 poer1llis
1320 1765 1553 1830 -Quarnqaeni

324 1841 357 1895 Δ.
369 1843 382 1910 ll
393 1841 419 1894 8.
438 1842 509 1906 sunt]
529 1855 578 1891 om.
590 1837 679 1891 Aur.
698 1843 758 1890 onte
773 1841 930 1890 inmerentia
944 1838 1022 1894 Tere.
1035 1837 1098 1892 add.
1116 1843 1272 1892 inherencia
1289 1837 1329 1893 D.
1341 1841 1357 1908 ΙΙ
1370 1835 1553 1905 suppremi!-

395 1998 421 2052 Β.
441 1999 479 2049 Cl.
498 1997 564 2049 Plio.
583 1998 610 2046 h.
628 2013 654 2050 ιι.
674 1999 729 2055 vll.
748 1995 791 2056 53.
810 1996 854 2051 ol.
887 1994 891 2002 ’

397 2065 427 2121 Τ.
446 2065 577 2121 Eteree'us,
597 2083 675 2134 eques
692 2065 835 2132 Romanus)
855 2076 1022 2133 Quamquam
1041 2073 1171 2122 intercidit
1190 2071 1319 2122 hocloco
1336 2072 1500 2122 Bemensis
1517 2085 1551 2117 ee

325 2141 392 2190 dicis
410 2141 598 2198 testimonium,
617 2139 730 2188 dubitari
748 2142 837 2190 tamen
856 2157 909 2192 uon
927 2144 1088 2206 potestquin
1106 2144 1282 2207 archetypum
1300 2144 1469 2206 exemplum
1488 2141 1549 2190 exbi-

325 2212 411 2262 buerit
428 2207 563 2268 scedas,
588 2211 658 2272 quod
681 2225 777 2260 nomen
802 2212 865 2260 alibi
891 2228 995 2278 quoqpe
1016 2215 1150 2264 inuentum
1174 2217 1224 2264 est.
1261 2213 1300 2264 ct
1325 2212 1400 2262 Ptin.
1421 2213 1492 2266 XV.
1513 2205 1548 2258 21

325 2279 382 2347 (25)
402 2279 436 2333 94
455 2279 488 2334 cl.
507 2296 564 2330 cum
585 2281 667 2337 xvll.
691 2277 730 2334 lt.
751 2275 819 2344 (26.)
839 2278 874 2333 94
892 2286 919 2331 et
941 2280 997 2334 112.
1017 2285 1089 2334 Grut.
1109 2286 1187 2334 inser.
1206 2299 1232 2346 p.
1251 2277 1312 2340 tila,
1331 2280 1375 2332 ll.
1412 2285 1475 2333 Nec
1493 2293 1547 2329 seur

323 2353 434 2402 multum
451 2353 513 2401 inde
532 2351 684 2413 discrepant
703 2351 787 2408 Plinii,
806 2354 849 2416 qui
869 2354 938 2402 baec
956 2367 972 2402 e
991 2355 1099 2404 Valerio
1116 2354 1273 2416 desumpsit.
1292 2353 1419 2411 codices,
1445 2365 1546 2414 quorun

325 2424 509 2472 Cbililetianns
528 2419 665 2472 Aetherius
687 2422 808 2476 exhibet.
836 2424 995 2486 conspirans
1019 2425 1075 2474 lere
1099 2439 1158 2473 com
1182 2421 1286 2473 Paridis
1308 2424 1456 2486 scripture
1480 2419 1546 2472 Me

323 2491 389 2550 rius,
410 2493 599 2542 Riecardlanns
618 2489 774 2549 Hectierr'ua
794 2491 940 2542 'Polctanns
959 2491 1090 2546 lieterr'es.
1126 2495 1215 2544 Fuerit
1233 2494 1313 2560 igitur
1331 2508 1428 2554 eques
1448 2495 1493 2542 ille
1508 2497 1544 2539 sot

324 2560 449 2614 Etereius
467 2565 513 2612 aut
529 2560 639 2612 Etenim
657 2563 702 2610 aut
724 2559 853 2613 Haterius.
895 2567 1011 2623 Qrtocum
1036 2566 1098 2630 qnid
1116 2565 1282 2628 potissimum
1301 2563 1399 2630 eligas
1425 2566 1542 2614 iaceam

324 2634 375 2682 est.
412 2633 516 2681 isterius
533 2633 638 2694 quidem
657 2633 683 2682 in
702 2633 776 2682 titulo
795 2633 939 2695 sepulcrali
959 2650 1010 2684 non
1029 2636 1181 2693 admodum,
1200 2639 1229 2683 ut
1247 2635 1359 2691 uidetur.
1377 2636 1497 2701 antique
1513 2635 1542 2680 in·

323 2704 426 2753 ueniter
445 2719 488 2766 ap.
502 2704 574 2753 Grut.
593 2706 672 2755 inser.
686 2719 710 2767 p.
728 2697 802 2760 titt,
821 2697 846 2751 8.
884 2704 994 2771 Pighius
1013 2720 1085 2762 uero.
1104 2722 1164 2755 oum
1183 2705 1210 2756 iu
1228 2706 1365 2755 ueteribus
1386 2706 1541 2756 editionibus

323 2770 452 2826 littereas
469 2776 515 2822 erit
536 2772 673 2823 Aetherius
691 2774 805 2836 positum
819 2776 901 2831 esset.
920 2777 1000 2826 tacite
1011 2776 1149 2827 Haterium
1167 2777 1311 2833 substituit.
1329 2776 1454 2827 notioris
1467 2775 1540 2845 gentis

323 2858 434 2902 nomen,
460 2844 529 2907 quod
548 2844 642 2892 deinde
666 2858 718 2892 non
743 2845 829 2894 solnm
848 2845 994 2895 Valeriana
1011 2848 1101 2897 omnia
1123 2849 1248 2909 exempla
1270 2849 1436 2910 occupauit„
1463 2858 1539 2895 naun

323 2914 403 2961 stiam
422 2915 457 2959 ab
476 2912 610 2961 Haeduico
634 2912 659 2961 ln
679 2913 762 2963 Plinio
786 2917 922 2980 tamquam
945 2931 963 2964 e
981 2916 1089 2967 Valerio
1111 2917 1259 2981 prolectam
1280 2919 1385 2966 temere
1414 2920 1538 2980 receptae

323 2984 373 3032 est.
406 2985 489 3040 Quem
509 2982 589 3030 mirer
606 2980 737 3048 Silligiam
756 3000 862 3048 quoque
879 2988 999 3049 secutum
1017 3000 1091 3038 esse.

393 3048 462 3099 later
473 3064 546 3100 usum
566 3049 702 3118 [puerilia]
717 3053 830 3109 ueneris)
848 3056 907 3106 vox
921 3072 938 3105 a
948 3058 1026 3107 nobis
1039 3058 1149 3108 seclusa
1160 3061 1287 3120 suspecta
1299 3058 1353 3107 iem
1367 3062 1436 3109 erat
1446 3059 1538 3127 rigua

323 3122 391 3185 quod
411 3135 484 3178 eum,
507 3122 636 3171 omissam
656 3124 681 3172 in
700 3125 790 3173 codice
809 3126 971 3184 Cauchiauo.
990 3142 1025 3177 ne
1035 3128 1134 3179 Plinius
1154 3130 1258 3193 quidem
1277 3130 1403 3188 baberet.
1426 3133 1538 3195 quodque

322 3192 448 3241 indecora
465 3192 545 3256 atque
564 3193 735 3256 impertinens
759 3196 906 3254 uideretur.
931 3199 991 3261 ipae
1015 3200 1124 3249 audere
1146 3212 1238 3249 eorum
1262 3200 1362 3249 exitura
1386 3208 1537 3253 excusauit

322 3260 375 3311 Sed
399 3263 513 3325 primum
533 3263 669 3321 Valerius,
696 3278 776 3324 quam
801 3280 933 3317 excusare
956 3270 1064 3331 putatur
1087 3285 1104 3318 a
1127 3270 1236 3337 rigulo,
1265 3270 1404 3321 libidinem
1433 3275 1536 3323 utam

321 3334 423 3381 illorum
443 3348 611 3398 nequaquam
631 3338 755 3393 excirent,
779 3338 828 3386 sed
854 3352 914 3387 eam
939 3354 997 3388 curn
1021 3343 1106 3389 morte
1129 3354 1221 3389 eornm
1244 3341 1308 3391 nibil
1331 3343 1490 3395 cebmre
1508 3343 1537 3389 ἰιι·

322 3404 405 3461 dicam
425 3405 519 3453 deinde
539 3406 637 3454 codicis
657 3406 809 3463 uouentem,
830 3408 901 3465 eius,
921 3409 965 3469 qui
984 3412 1062 3459 nobis
1081 3413 1253 3461 abbreuiatus
1271 3408 1538 3477 Guelferbytanasl

322 3476 372 3530 est.
392 3475 536 3523 auctoritas
555 3475 635 3533 nulle,
655 3476 784 3539 siqnidem
798 3479 890 3539 procul
904 3480 1023 3529 dublein
1036 3482 1183 3546 archetypo
1202 3483 1317 3533 omnium
1333 3484 1443 3544 codice,
1463 3502 1479 3536 e
1496 3500 1537 3545 qur

320 3544 366 3592 ille
384 3558 488 3604 quoque
506 3544 586 3601 fiuxit,
601 3542 716 3610 puerilis
732 3547 866 3597 inuentum
885 3554 952 3606 erat,
972 3550 1161 3614 librariumqne
1173 3554 1261 3616 potins
1279 3555 1305 3601 id
1324 3559 1372 3603 aut
1388 3569 1466 3605 casu
1485 3571 1538 3617 qoo-

321 3614 382 3661 dam
408 3618 454 3662 aut
472 3614 526 3663 alia
545 3615 577 3663 de
596 3630 688 3672 causa.
709 3616 824 3666 tortasse
849 3623 957 3681 prepter
979 3621 1066 3683 ipsam
1090 3624 1127 3672 rei
1152 3625 1343 3674 obscenitatem
1365 3629 1538 3687 praeteriisse

321 3684 540 3734 existimabimus.
582 3683 674 3748 itaque
698 3688 833 3749 siparum
859 3689 950 3738 tinient
972 3692 1041 3741 haec
1064 3696 1237 3759 argumente.
1259 3695 1331 3743 allud
1356 3710 1433 3745 nrtnc
1458 3698 1537 3747 incidit

319 3755 428 3802 maximi
451 3755 588 3815 ponderis.
618 3754 712 3821 Pighio
742 3758 843 3807 scillcet
866 3760 1000 3825 ignotum,
1030 3764 1102 3823 qnod
1123 3764 1200 3814 Paris
1228 3766 1255 3813 in
1278 3767 1444 3828 compendio
1469 3770 1538 3817 baim

321 3823 435 3884 exempli
453 3838 540 3887 aeque
557 3839 590 3874 ac
608 3825 707 3874 Plinius
732 3828 795 3877 nihil
819 3830 926 3878 omnine
950 3832 985 3881 de
1003 3833 1097 3894 puerili
1115 3848 1216 3885 uenere
1233 3836 1348 3899 protulit.
1372 3850 1469 3902 neque
1493 3839 1539 3887 ulte

319 3892 466 3953 probabilis
484 3908 569 3942 eausa
586 3896 734 3962 excogitari
752 3902 841 3959 potest
864 3914 910 3947 cur
934 3902 962 3949 et
979 3901 1080 3952 Plinius
1098 3905 1125 3953 et
1143 3904 1234 3963 Paris,
1257 3907 1281 3954 sl
1304 3908 1419 3968 rrterqm
1445 3911 1475 3959 ia
1494 3910 1537 3957 1ι-

319 3960 385 4009 lerio
395 3960 508 4026 legisset
519 3961 588 4013 inter
599 3980 672 4015 esum
678 3965 792 4031 puerilia
804 3967 917 4021 ameris.
937 3973 1050 4022 eandem
1063 3988 1156 4025 uocem
1169 3977 1359 4039 praeterierint,
1378 3982 1538 4039 praesertin

319 4044 378 4079 enm
397 4045 430 4079 ee
449 4033 551 4082 omissa
568 4035 649 4097 plane
668 4038 721 4085 alie
746 4052 791 4089 res
809 4040 945 4092 indicetur.
986 4046 1063 4103 Quae
1084 4060 1144 4094 eom
1167 4047 1206 4095 ite
1230 4048 1295 4103 sint.
1319 4049 1537 4111 suspicionem·

317 4100 413 4168 Pighio
426 4102 524 4151 motam
537 4106 680 4166 reprimere
693 4120 805 4172 nequeo,
823 4124 970 4175 uocemque
988 4113 1143 4165 s'l'erreuio
1161 4117 1222 4167 sols
1234 4117 1360 4167 derorum
1378 4124 1538 4171 aemorum

317 4172 455 4223 defensam
474 4172 620 4223 eiciendum
639 4190 745 4229 censeo.
781 4181 943 4243 ascripserit
960 4196 1020 4232 eam
1039 4185 1132 4236 loram
1148 4188 1341 4253 grmmatieos
1362 4190 1479 4253 quidam
1496 4206 1537 4241 aa·

316 4244 388 4309 tique
407 4244 461 4293 iarn
479 4243 599 4306 tempore
617 4250 726 4311 propter
742 4252 910 4312 praecedens
926 4250 1096 4318 perridicula
1116 4258 1145 4307 st
1168 4271 1285 4323 sequens
1302 4255 1445 4321 mutas,
1471 4276 1537 4326 qaae

316 4316 405 4377 aptius
423 4317 458 4364 ad
476 4316 627 4379 pudendam
645 4318 719 4369 illam
736 4321 902 4383 naturaeque
919 4327 1114 4393 repugnantem
1131 4326 1267 4380 libidinem
1286 4329 1377 4381 subite
1393 4335 1487 4385 mode
1503 4337 1536 4385 in·

314 4384 426 4435 bibitam
444 4386 537 4437 referri
554 4388 701 4441 crediderit.

385 4469 451 4521 qaue
468 4456 621 4509 inmerentia
638 4465 705 4520 suat,
723 4460 839 4529 cupressi
847 4462 919 4529 sarit
935 4464 965 4517 in
978 4469 1114 4519 codicibus
1125 4475 1248 4521 mtnon
1260 4472 1343 4523 extet.
1378 4474 1535 4545 Meduiglas

315 4525 348 4573 ad
368 4526 422 4574 Cle.
440 4528 474 4577 de
491 4528 535 4586 lin,
555 4530 587 4589 ll.
605 4529 630 4589 1,
648 4527 684 4582 20
702 4548 727 4595 p.
749 4528 799 4583 tlt
818 4537 902 4585 uerba
919 4541 959 4587 ert
975 4541 1004 4588 et
1019 4542 1081 4590 seat
1101 4542 1128 4592 in
1146 4542 1268 4593 relatiuis
1288 4543 1435 4595 eruamus
1454 4549 1536 4597 omitti

313 4606 396 4655 posse
414 4598 520 4649 omnino
538 4604 658 4668 negauit.
695 4602 749 4653 Sed
767 4604 837 4655 idem
855 4607 897 4656 air
914 4608 1086 4661 doctissimus
1103 4612 1192 4676 poetis
1216 4613 1292 4677 (lior.
1310 4628 1354 4678 ep.
1371 4609 1452 4675 m.
1474 4614 1534 4679 i³8l

312 4660 383 4715 benc
401 4662 535 4721 licentiam
553 4675 687 4725 concessit
703 4675 730 4725 in
748 4688 863 4745 gramm.
880 4678 941 4734 Lat.
960 4680 986 4745 §t
1005 4678 1068 4744 441,
1087 4697 1113 4737 a.
1131 4686 1186 4736 not.
1225 4684 1357 4749 liquidem
1379 4687 1409 4739 1ιι
1425 4687 1533 4741 vatem
