3409 5400
333 479 397 546 tot
792 477 852 546 Du
876 475 1093 546 PERFIDIA.

288 635 320 704 4.
419 633 561 702 Viriathi
591 637 689 702 etiam
719 639 840 704 caedes
865 639 1028 727 duplicem
1049 636 1207 724 perfidiae
1232 639 1509 702 accusationem
1531 657 1575 699 re·

331 743 432 827 cepit,
459 743 494 808 in
524 746 657 821 amicis,
687 745 775 832 quod
803 766 917 810 eorum
945 745 1099 810 manibus
1122 745 1339 830 interemptus
1364 755 1442 818 cst,
1477 746 1515 807 in
1539 740 1572 820 Q.

330 847 472 914 Seruilio
487 851 653 938 Caepione
669 852 815 927 consule,
839 854 917 938 qnia
931 854 960 916 is
978 850 1113 916 sceleris
1127 849 1226 914 huius
1243 861 1362 915 auctor
1380 851 1569 936 inpunitate

331 956 497 1041 promissa
515 958 575 1021 fuit
598 959 832 1044 uictoriamque
856 981 923 1024 non
946 959 1073 1032 meruit,
1097 955 1157 1022 sed
1180 957 1265 1022 emit.

200 1057 268 1125 text.
290 1056 319 1123 1.
419 1059 543 1126 Verum
568 1074 602 1138 ut
622 1065 731 1149 ipsnm
752 1065 876 1130 fontem
899 1063 1056 1149 perfidiae
1079 1062 1351 1148 contemplemur,
1384 1059 1584 1147 Karthagi·

331 1170 464 1234 uienses
486 1167 713 1256 Xanthippum
732 1169 1041 1246 Lacedaemonium,
1065 1170 1156 1234 cuius
1177 1170 1300 1254 optima
1325 1189 1443 1253 opera
1470 1169 1568 1252 prime

331 1272 456 1340 Punico
478 1273 564 1340 bello
586 1277 641 1340 nsi
662 1277 791 1342 inerant
813 1289 846 1340 ct
868 1299 932 1363 qno
957 1278 1088 1341 iuuante
1111 1275 1245 1339 Atilium
1265 1274 1449 1360 Regulum
1479 1297 1568 1359 cepo

332 1393 416 1455 rant,
439 1381 633 1447 simulantes
657 1382 791 1448 domum
819 1405 857 1448 se
885 1382 1058 1456 conchem,
1087 1384 1122 1446 in
1150 1381 1212 1446 alto
1242 1394 1461 1456 merserunt;
1500 1380 1569 1466 quil

331 1496 421 1552 tauto
438 1488 585 1554 facinore
599 1486 771 1574 petentes?
793 1511 837 1554 an
852 1511 894 1552 ne
910 1489 1065 1552 uictoriae
1083 1508 1194 1551 corum
1210 1487 1323 1550 socins
1340 1484 1568 1572 superesset?

332 1591 427 1658 Extat
455 1593 682 1669 nihilominus,
712 1605 743 1658 ct
773 1594 905 1680 quidem
933 1615 1008 1658 cnm
1036 1593 1226 1680 opprobrio,
1258 1611 1359 1678 quem
1391 1595 1477 1657 sine
1510 1592 1586 1656 utu.

332 1697 458 1786 gloriae
481 1701 607 1765 iactura
629 1699 822 1791 inuiolatum
843 1699 1062 1786 reliquissent.

290 1803 323 1870 2.
419 1803 585 1870 Hannibal
599 1827 696 1890 porro
713 1805 908 1882 Nucerinos,
932 1805 1062 1872 hortatu
1078 1827 1139 1872 suo
1156 1827 1228 1870 cum
1244 1805 1330 1871 binis
1347 1807 1568 1870 uestimentis

331 1909 443 1975 urbem
467 1912 893 1998 inexpugnabilibusmuris
909 1914 1048 1978 cinctam
1073 1932 1238 2000 egressos,
1263 1933 1392 1998 uapore
1421 1925 1457 1976 et
1480 1916 1567 1978 fumo

331 2015 521 2082 balnearum
538 2017 776 2104 strangulando
800 2029 832 2082 et
846 2018 1089 2085 Acerranorum
1108 2029 1268 2095 senatum,
1292 2018 1420 2084 eadem
1439 2022 1565 2084 ratione

333 2135 424 2188 extra
445 2124 578 2188 moenia
600 2135 786 2202 euocatum,
809 2127 843 2191 in
866 2127 1030 2212 profundo
1054 2137 1224 2212 puteorum
1248 2125 1431 2190 abiciendo
1458 2147 1586 2191 nonner

331 2229 451 2296 bellum
483 2229 643 2296 aduersus
672 2231 830 2316 populum
853 2233 1039 2298 Romanum
1071 2243 1101 2296 et
1122 2229 1248 2296 ltaliam
1274 2233 1483 2318 professus,
1514 2231 1564 2296 ad·

332 2359 450 2402 uersus
479 2337 587 2422 ipsam
616 2336 715 2402 fidem
738 2339 847 2404 acrius
876 2341 996 2426 gessit,
1024 2338 1204 2404 mendaciis
1236 2350 1268 2402 et
1293 2337 1439 2403 fallacia
1472 2329 1578 2425 qnasi'

332 2444 511 2531 praeclaris
539 2444 661 2509 artibus
697 2442 875 2532 gandensi
914 2444 988 2526 Quo
1023 2447 1131 2511 euenit
1164 2455 1200 2512 ut
1233 2444 1356 2530 alioqui
1390 2446 1560 2532 insignem

332 2549 475 2614 nominis
506 2550 557 2614 sni
585 2551 778 2615 memoriam
800 2551 990 2628 relicturus,
1022 2554 1056 2617 in
1086 2553 1184 2618 dubio
1211 2551 1362 2616 maiorne
1394 2575 1446 2618 an
1476 2555 1561 2639 peior

332 2657 382 2722 uir
404 2655 519 2722 haberi
541 2657 673 2723 deberet
694 2668 839 2744 poneret.

331 2904 357 2963 2.
368 2908 394 2961 ln
405 2922 456 2976 qne
465 2908 574 2959 seruilio
587 2906 615 2960 0.
629 2904 642 2975 Ι]
655 2904 682 2961 3.
691 2928 707 2958 ι
720 2908 744 2959 is
753 2905 785 2961 Δ.
795 2910 838 2959 bls
853 2904 916 2962 01).
928 2906 942 2975 ΙΙ
953 2905 979 2962 5.
989 2908 1180 2977 Karthaginem
1193 2922 1241 2959 sex
1255 2902 1286 2959 Γ.
1297 2904 1311 2973 Η
1322 2899 1348 2958 b.
1357 2906 1554 2973 Xanthippum]

327 2980 418 3049 prima
437 2977 526 3029 littero
543 2976 572 3027 in
590 2993 686 3031 rasura
704 2976 746 3032 A..
757 2980 921 3043 etantippum
936 2977 965 3031 C.
977 2979 991 3045 Η
1003 2994 1086 3043 opera
1104 2980 1204 3043 optima
1220 2975 1257 3037 Ε.
1268 2976 1281 3044 Η
1293 2974 1318 3027 1.
1337 2966 1379 3046 ἓ.
1393 2976 1430 3031 Α.
1447 2978 1501 3045 1181
1518 2978 1553 3041 se]

331 3049 372 3102 sic
392 3046 510 3101 orror.
529 3064 590 3099 sere
604 3063 649 3117 pr.
667 3048 699 3103 A.
719 3064 783 3102 sese
800 3047 862 3102 DE
880 3048 985 3101 carm
1005 3054 1029 3101 ct
1047 3052 1107 3100 unte
1119 3051 1224 3100 domum
1239 3045 1316 3098 Torr.
1328 3046 1341 3112 ΙΙ
1355 3048 1383 3097 tn
1402 3064 1459 3101 ota
1476 3047 1553 3116 pal

342 3120 356 3187 ΙΙ
368 3120 433 3184 ulto]
453 3114 515 3170 aad.
535 3121 602 3171 mari
620 3119 656 3172 D.
675 3122 759 3171 altum
776 3119 837 3185 ΕΗ
849 3123 979 3171 miserunt
999 3118 1054 3187 ΟΠ
1073 3116 1098 3173 11.
1118 3118 1249 3183 petentes]
1272 3120 1418 3180 patenum
1440 3118 1477 3172 Β.
1492 3122 1504 3185 tl
1519 3118 1553 3170 tu

332 3192 424 3241 extant
437 3203 483 3257 pr.
502 3187 533 3242 A.
546 3191 559 3258 ΙΙ
571 3194 598 3242 et
616 3192 733 3258 quidem}
753 3192 875 3258 equidem
893 3188 1046 3244 Aenus.
1062 3189 1073 3257 ΙΙ
1093 3190 1163 3257 cum]
1183 3187 1245 3241 cdd.
1265 3189 1372 3238 illorum
1394 3187 1478 3243 Torr.
1489 3192 1503 3255 Ιξ
1514 3207 1553 3253 op

331 3262 440 3326 probriu
453 3274 499 3327 pr.
511 3258 542 3313 A.
561 3264 684 3313 obrobrio
697 3263 838 3327 opprobrio
856 3259 913 3320 (ted
925 3263 1048 3313 obrobrio
1057 3260 1163 3328 punctis
1174 3264 1297 3313 column)
1315 3256 1349 3311 E.
1363 3258 1378 3324 ΙΙ
1394 3258 1440 3313 11.
1461 3263 1553 3311 iactura

332 3334 435 3401 gloriae
452 3328 487 3383 Ε.
503 3332 515 3395 ΙΙ
537 3330 578 3384 ta
596 3335 736 3383 nocerinus
755 3331 792 3385 D.
808 3333 823 3400 ΙΙ
840 3328 882 3386 13.
902 3334 966 3383 urbe
985 3331 1077 3453 Ponpl
1099 3330 1137 3383 11.
1155 3334 1319 3383 balineorum
1337 3329 1405 3383 Por.
1426 3330 1443 3397 ΙΙ
1461 3344 1552 3383 aceru-

331 3420 431 3463 norum,
445 3401 474 3458 0.
489 3400 503 3472 ΙΙ
521 3399 560 3457 15.
579 3405 735 3468 profundum
754 3401 841 3456 PPor.
863 3400 940 3455 Torr.
964 3399 1053 3455 Vita
1095 3398 1125 3463 V,
1144 3400 1169 3461 4,
1189 3406 1239 3455 eut.
1258 3398 1283 3455 5.
1298 3400 1310 3469 ΙΙ
1325 3413 1442 3465 putenm
1463 3402 1544 3462 Pam,

333 3468 375 3528 16.
393 3477 537 3527 aduersum
554 3472 584 3527 Γ.
596 3474 610 3543 ΙΙ
623 3473 664 3527 tu.
683 3475 799 3537 alioquin
816 3472 887 3527 DE.

834 3596 1047 3612 ψ

401 3703 427 3757 l.
447 3708 486 3758 Gi
505 3706 563 3758 Lin.
582 3706 644 3771 epit.
662 3706 722 3757 libr.
739 3705 820 3755 Lllll.
842 3706 911 3758 Flor.
929 3705 962 3765 ll,
984 3701 1024 3765 17,
1046 3701 1087 3756 11.
1114 3702 1184 3769 App.
1204 3704 1278 3768 lllsp.
1298 3696 1341 3755 11.
1368 3702 1489 3772 liulrop.
1506 3706 1554 3757 1111.

334 3770 373 3827 lh.
398 3776 476 3827 Anct.
495 3779 529 3827 ds
547 3778 594 3827 nir.
613 3778 649 3827 111.
668 3770 711 3825 11.
735 3777 813 3829 Oros.
833 3778 865 3835 V,
883 3772 901 3826 2
920 3778 972 3829 alii.

400 3847 460 3898 Exi.
481 3844 505 3897 1.
530 3846 649 3910 CtApp.
661 3846 726 3898 Pnu.
746 3844 772 3898 t.
790 3848 887 3899 Zonar.
901 3846 968 3905 vill,
992 3843 1031 3899 13.
1054 3845 1089 3896 At
1107 3848 1213 3897 domum
1232 3846 1345 3896 rediisse
1358 3845 1553 3915 Xanthippum.

331 3916 456 3965 inuidiam
475 3918 735 3983 canhsglniensinm
753 3920 928 3975 metuentem,
953 3919 1097 3968 memoriae
1120 3918 1290 3981 prodiderunt
1308 3914 1408 3981 Polyb.
1430 3920 1459 3979 Ι,
1484 3918 1519 3973 {lb
1534 3932 1555 3969 ct

332 3986 411 4038 Oros.
424 3986 480 4043 1111,
496 3982 521 4044 l,
534 3988 582 4037 sed
596 3987 724 4053 Polyblns
742 3990 823 4038 aliam
842 4002 948 4052 qnoque
961 3988 995 4037 ‹le
1007 4003 1040 4039 cc
1054 3988 1152 4039 lamam
1172 3988 1333 4037 circumferri
1351 4000 1555 4043 commemorst

401 4052 427 4108 2
446 4057 483 4109 Cf.
494 4059 561 4122 App.
576 4058 640 4112 Pun.
650 4054 693 4113 63.
711 4058 770 4111 Dio.
780 4060 860 4111 Casa
872 4073 930 4111 cxc.
946 4056 1067 4111 renuo.
1086 4058 1182 4110 Zonur.
1198 4058 1245 4118 tx,
1256 4055 1282 4111 2.
1301 4058 1493 4126 (1.1ιι.ΧΧ111,
1511 4059 1555 4120 tt.)

833 4340 1044 4353 n*-
