3409 5400
301 641 387 709 Inter
408 642 562 731 exempla
578 644 670 709 enim
693 638 821 708 Valerii
841 641 867 717 I,
894 642 923 717 l,
949 640 990 708 18
1012 649 1045 705 et
1071 642 1111 709 19
1140 641 1181 707 de
1211 642 1386 731 saeriIegio
1417 639 1508 707 allo·

300 752 409 816 manis
442 752 597 817 militibus
630 753 665 816 in
695 749 814 838 templo
843 749 1006 835 Apollinis
1036 760 1220 837 perpetrato
1250 761 1282 814 et
1313 750 1355 814 de
1384 748 1510 815 Turullio

300 860 436 926 Antonii
456 860 638 947 praefecte,
660 861 717 947 qui
737 860 872 924 meciso
895 856 1086 943 Aesculapii
1108 857 1183 923 luco
1212 860 1284 923 eius
1308 857 1363 923 dei
1385 858 1462 923 iram
1481 858 1511 922 in

302 992 340 1036 se
376 967 549 1042 conuertit,
581 966 672 1055 apud
703 977 875 1053 utrumque
910 966 1157 1051 epitomatorem
1192 967 1351 1031 insertam
1384 964 1511 1053 legimus

301 1074 593 1150 mirationcuhm,
626 1082 739 1139 notam
767 1072 985 1137 e¹Oieeronis
1013 1070 1027 1136 I
1052 1071 1097 1137 de
1122 1073 1194 1139 diu.
1222 1074 1285 1150 37,
1318 1072 1379 1148 81,
1412 1070 1513 1137 Iustini

299 1180 443 1258 XXIIII,
465 1184 503 1258 8,
527 1182 618 1256 aliis,
646 1180 687 1247 de
715 1178 848 1247 Brenno
877 1179 1045 1247 Gallorum
1074 1180 1157 1245 duee
1192 1181 1348 1267 templum
1375 1178 1514 1267 Delphici

299 1290 464 1378 Apollinis
494 1292 648 1377 ingresse
675 1288 793 1377 deique
815 1287 940 1353 mribus
971 1287 1162 1377 profligato,
1194 1290 1362 1375 copiosius
1388 1288 1515 1353 relatam

300 1422 323 1464 a
344 1397 540 1484 Nepotiane,
559 1398 599 1461 in
618 1396 752 1461 breuius
774 1406 977 1461 contractam
1001 1416 1023 1460 a
1044 1394 1175 1472 Paride,
1200 1418 1284 1484 quae
1307 1396 1370 1464 hoc
1395 1398 1515 1485 quidem

298 1505 372 1571 loce
396 1503 563 1571 aValerio
587 1508 696 1591 posita
707 1526 783 1570 esse
795 1504 918 1591 nequit,
942 1525 1026 1577 eum,
1050 1522 1108 1590 per
1125 1513 1225 1568 totum
1242 1526 1326 1591 opus
1339 1516 1516 1570 constanter

164 1591 170 1606 ἱ
238 1610 243 1617 ’
300 1623 431 1679 seruato
454 1634 494 1677 eo
518 1611 716 1691 diserImine
742 1614 826 1677 inter
852 1620 987 1675 externa
1009 1612 1118 1697 petius
1147 1634 1246 1699 quam
1270 1614 1352 1693 inter
1374 1613 1519 1677 Romana

299 1718 449 1807 exempla
471 1720 589 1785 fuisset
609 1719 793 1786 referenda.
837 1718 879 1782 Et
893 1732 1009 1782 reuera
1024 1718 1070 1782 ibi
1086 1740 1160 1783 cam
1183 1740 1249 1784 non
1265 1722 1369 1785 fuisse
1384 1721 1518 1805 positam

299 1827 496 1893 documento
519 1838 573 1890 est
594 1826 683 1913 quod
705 1827 910 1892 desideratur
927 1826 962 1889 in
978 1826 1130 1891 omnibus
1147 1826 1338 1892 melioribus
1358 1828 1475 1891 nostris
1487 1832 1521 1907 ¹),

300 1934 323 1999 i.
346 1954 376 1996 e.
399 1934 435 1997 in
457 1931 635 2019 archetypo
659 1931 784 1998 codice.
835 1933 948 2021 Itaque
977 1934 1048 1997 siue
1077 1952 1151 1999 eam
1181 1934 1315 1999 omnino
1339 1934 1478 1999 alienam
1502 1960 1521 2000 a

302 2037 434 2104 Valerio
452 2050 548 2125 putas
569 2050 601 2103 et
620 2038 661 2105 ab
685 2040 916 2127 interpolatore
939 2040 1083 2128 quodam
1107 2040 1280 2116 adiectam,
1306 2042 1393 2129 quod
1418 2052 1523 2106 tamen

298 2147 353 2212 uix
387 2145 556 2233 probabile
588 2147 730 2223 uidetur,
771 2148 843 2213 siue
885 2148 1063 2235 genuinam
1103 2156 1135 2210 et
1169 2148 1255 2213 false
1290 2158 1413 2213 tantum
1451 2148 1523 2212 loco

298 2255 457 2319 insertam
489 2256 724 2342 repetitumque
762 2276 782 2317 e
824 2254 1036 2342 sequentibus
1072 2256 1213 2319 externis
1237 2255 1411 2341 exemplis,
1447 2276 1526 2341 quo·

298 2384 371 2426 rum
403 2362 512 2427 maier
543 2385 622 2449 pars
660 2364 696 2427 in
725 2362 895 2427 codicibus
923 2363 1045 2426 nostris
1078 2362 1213 2439 interiit,
1252 2364 1287 2427 in
1322 2382 1419 2449 quarn
1455 2364 1524 2448 opi-

299 2473 432 2537 nionem
469 2472 622 2561 equidem
660 2491 734 2535 cum
775 2471 918 2535 maxime
952 2469 1090 2545 incline,
1136 2469 1169 2533 id
1203 2490 1304 2534 uuum
1344 2470 1528 2533 certissime

300 2588 444 2655 constat,
470 2582 639 2644 inuentum
667 2598 744 2643 esse
765 2577 890 2642 Brenni
917 2576 1113 2674 exemplum·
1128 2598 1169 2641 eo
1193 2576 1265 2641 loco
1294 2576 1389 2663 plene
1413 2598 1529 2641 narra·

300 2694 368 2749 tum
395 2685 431 2750 in
457 2685 540 2751 libro
571 2684 715 2773 quedam
738 2683 865 2752 Valerii
889 2686 1092 2773 perantiquo,
1123 2705 1262 2772 emnque
1296 2683 1413 2750 librum
1438 2707 1530 2750 com·

298 2811 432 2857 munem
475 2794 598 2860 fontem
650 2795 794 2858 extitisse
842 2791 970 2856 duabus
1012 2791 1104 2856 hisce
1139 2793 1306 2878 epitomis,
1360 2791 1531 2857 diuersum

300 2909 409 2966 autem
430 2900 554 2965 fonwm
576 2899 753 2989 archetypo
777 2900 885 2965 codici
906 2899 1026 2976 fuisse,
1056 2920 1153 2989 quem
1182 2920 1223 2964 ca
1252 2899 1434 2986 corruptela
1463 2921 1534 2963 non

299 3017 529 3093 occupauerat.
597 3007 697 3073 Aliud
742 3029 848 3094 aeque
892 3008 1103 3073 manifestum
1147 3005 1295 3073 eiusdem
1334 3025 1438 3072 nexus
1481 3009 1536 3072 in-

301 3113 423 3180 dicium
445 3116 588 3180 cernitur
610 3117 644 3180 in
672 3125 809 3203 utroque
837 3114 1033 3200 compendio
1063 3114 1262 3180 Valerianos
1290 3113 1460 3180 relationis
1492 3116 1536 3178 cle

301 3221 465 3287 dedecore
492 3221 690 3289 Punicarum
712 3223 909 3287 seminmum
937 3222 1031 3287 dotes
1064 3226 1212 3310 corporis
1244 3225 1365 3289 iniuria
1398 3233 1533 3288 contra-

300 3328 448 3394 hentium
471 3328 523 3412 (ll,
547 3331 579 3407 t,
605 3331 672 3412 15).
717 3330 1000 3395 Commemoratur
1012 3329 1057 3394 ibi
1069 3331 1181 3396 fanum
1194 3330 1336 3397 Veneris
1349 3331 1537 3404 Siccensis,

300 3438 335 3501 iu
359 3436 448 3524 quod
471 3459 509 3503 se
532 3437 712 3502 contulisse
736 3436 886 3502 dicuntur
915 3437 1068 3502 mulieres
1093 3449 1219 3525 turpem
1241 3439 1332 3504 illum
1357 3448 1539 3524 quaestum

299 3545 457 3611 facturae.
502 3545 602 3632 Atqui
630 3566 690 3631 pro
717 3545 799 3608 urbe
829 3546 944 3620 Sicca,
982 3567 1080 3631 quarn
1110 3545 1306 3633 archetypus
1336 3545 1408 3609 cod.
1444 3555 1541 3608 reete

301 3662 416 3727 tuetur,
450 3674 614 3741 quamque
648 3663 779 3741 propter
813 3654 923 3738 ipsum
958 3650 1056 3716 httius
1091 3652 1173 3718 deae
1209 3653 1329 3717 cultum
1364 3649 1543 3716 Veneriae

301 3777 421 3822 nomen
443 3759 557 3824 tulisse
581 3762 715 3837 ssimae,
740 3759 826 3846 apud
842 3757 998 3823 Paridem
1022 3771 1052 3822 et
1068 3758 1287 3846 Nepotianum
1311 3757 1396 3823 male
1413 3759 1544 3834 notior,

300 3873 336 3926 ut
357 3862 494 3938 uidetur,
517 3865 596 3930 urbs
608 3869 708 3943 Cirta,
732 3867 773 3930 de
796 3889 863 3954 qua
885 3865 967 3930 nibil
977 3866 1139 3932 eiusmodi
1152 3877 1290 3940 constat,
1315 3865 1545 3940 substituitur,

301 3990 370 4034 non
392 3970 522 4035 fortuito
545 3971 751 4039 librariorum
777 3994 888 4037 errore
918 3973 978 4038 sed
1001 3973 1249 4060 interpolatione
1278 3971 1418 4038 consilio
1452 3983 1546 4036 tem-

302 4086 403 4163 ptata,
427 4099 513 4164 quae
536 4080 634 4145 simul
655 4081 691 4145 in
713 4079 846 4145 Periclis
870 4091 902 4144 et
913 4079 1088 4166 Nepotiani
1112 4081 1273 4166 epitomas
1297 4082 1441 4145 transire
1470 4102 1549 4144 nen

301 4185 406 4273 potuit
432 4185 498 4249 nisi
525 4207 565 4251 ex
600 4186 717 4253 eadem
739 4185 866 4252 Valerii
893 4189 1096 4252 recensione.
1148 4185 1325 4252 Praeterea
1354 4187 1551 4252 minutiora

301 4313 432 4380 quoque
453 4291 576 4358 menda
591 4296 719 4381 utrique
737 4297 936 4371 communia,
961 4318 1046 4382 quae
1067 4294 1230 4359 eiusmodi
1254 4305 1339 4371 sunt,
1362 4305 1398 4358 ut
1422 4295 1550 4380 suspi-

302 4402 430 4467 cionem
454 4421 521 4464 non
534 4400 705 4468 admittant
715 4425 798 4469 casu
810 4402 926 4469 eodem
939 4403 1038 4469 medo
1053 4402 1234 4490 eodemque
1258 4403 1331 4468 leco
1349 4403 1383 4467 in
1401 4401 1551 4466 duobus

372 4667 394 4737 ¹)
412 4672 442 4723 In
460 4672 623 4724 recentiores
642 4674 773 4737 quosdam
792 4687 826 4723 eo
843 4674 904 4725 loco
923 4673 1027 4725 Paridis
1051 4674 1238 4739 compendium
1262 4673 1370 4738 irrepsit
1395 4687 1411 4723 o
1433 4671 1555 4740 margi-

303 4740 360 4793 nali
377 4743 558 4798 additamento
577 4743 676 4796 cedlels
691 4745 848 4798 Beruensis.
