3409 5400
432 534 515 606 LIB.
538 534 594 615 lli,
617 536 654 603 0.
677 538 710 613 4,
733 536 804 604 Eat.
828 544 860 615 1.
882 534 1000 603 2-0.
1025 534 1056 611 5,
1078 543 1108 611 t.
1133 535 1163 600 1.
1186 532 1217 601 2.
1366 531 1431 599 281

209 702 334 767 maiore
359 711 513 789 exparte
537 708 729 785 recuperata
752 698 835 764 Asia
858 718 994 785 surgere
1016 696 1198 779 incipiente,
1221 716 1338 759 manus
1361 694 1432 757 uin·

211 808 347 875 ciendos
370 807 459 873 hosti
481 806 624 883 tradere,
654 810 789 894 eiusque
817 806 975 871 beneficio
1000 804 1183 889 precarium
1206 802 1354 886 spiritum
1376 802 1433 865 ob-

210 916 321 992 tinere,
338 915 379 979 de
396 938 460 1003 quo
477 936 554 979 mox
568 912 605 981 L.
623 914 735 1000 Scipio
756 913 1037 1000 speciosissimum
1052 911 1186 975 deorum
1202 908 1433 995 hominumque
1474 952 1479 960 -

212 1022 315 1088 oeulis
341 1022 543 1087 subiecturus
568 1029 637 1085 erat
660 1010 873 1107 triumphum!

186 1144 202 1189 s
301 1128 392 1194 Idem
420 1140 591 1215 praeturae
618 1114 748 1214 petitor
769 1128 944 1193 candidam
972 1138 1083 1213 togam
1112 1128 1196 1191 adeo
1227 1126 1434 1213 turpitudinis

211 1234 351 1301 maculis
376 1234 612 1300 obsolefactam
635 1237 670 1299 in
694 1257 846 1321 eampum
870 1233 982 1298 detulit
1002 1244 1051 1310 ut,
1079 1236 1144 1298 nisi
1168 1234 1275 1321 gratia
1299 1234 1435 1308 Cicerei,

214 1343 270 1431 qui
292 1342 395 1427 patris
419 1343 490 1406 eius
519 1342 629 1407 scriba
651 1344 769 1417 fuerat,
799 1342 930 1406 adiutus
953 1351 1058 1414 esset,
1085 1340 1246 1405 honorem
1270 1364 1290 1405 a
1311 1339 1434 1426 populo

212 1449 432 1534 inpetraturus
457 1469 524 1512 non
545 1449 721 1513 uideretur.
757 1450 966 1533 Quamquam
991 1447 1066 1533 quid
1090 1448 1233 1511 interfuit
1253 1458 1361 1512 ulrum
1383 1468 1434 1512 rc·

212 1555 344 1642 pulsam
368 1577 412 1621 an
435 1556 483 1620 sio
508 1553 661 1642 adeptam
676 1566 863 1641 praeturam
880 1554 1012 1617 domum
1033 1552 1195 1618 referretl
1229 1554 1338 1635 Quam
1361 1576 1434 1619 cum

171 1662 389 1749 repropinqui
412 1662 453 1727 ab
478 1682 517 1726 eo
533 1662 635 1748 pollui
652 1661 958 1735 animaduerterent,
981 1659 1016 1723 id
1039 1670 1176 1747 egerunt
1191 1681 1232 1724 ne
1248 1672 1305 1725 aut
1319 1661 1435 1725 sellam

212 1790 336 1855 ponere
360 1770 487 1835 antius
512 1768 619 1835 dicere
643 1770 787 1843 auderet,
811 1769 1009 1853 insuperque
1034 1788 1052 1832 e
1075 1788 1175 1831 manu
1199 1770 1268 1833 eius
1292 1768 1434 1841 anulum,

212 1878 248 1941 in
268 1898 332 1963 quo
356 1886 455 1962 caput
467 1876 614 1941 Africani
637 1876 799 1961 sculptum
819 1885 897 1948 erat,
921 1873 1137 1938 detraxerunt.
1171 1874 1224 1940 Dii
1239 1876 1325 1951 boni,
1350 1895 1433 1961 quas

213 1983 365 2047 tenebras
390 2006 407 2047 e
432 2006 496 2071 qno
520 1983 653 2048 fulmine
677 1984 769 2047 nasci
793 1982 888 2067 passi
911 1980 1004 2044 estis!

302 2089 376 2178 Age
408 2091 448 2173 Q.
478 2090 559 2155 Fabi
587 2090 721 2154 Maximi
749 2089 965 2173 Allobrogici,
1001 2098 1032 2151 et
1054 2091 1136 2155 ciuis
1166 2101 1197 2153 et
1229 2092 1474 2176 imperatoris2.

176 2222 205 2268 rs
215 2194 401 2271 clarissimi,
424 2196 510 2261 filius
534 2194 575 2277 Q.
599 2196 721 2261 Fabius
746 2194 909 2262 Maximus
934 2220 1032 2285 quam
1055 2197 1215 2280 perditam
1237 2196 1366 2261 luxuria
1386 2199 1435 2261 ui·

217 2411 241 2465 l.
259 2413 354 2463 malosi
370 2409 408 2464 D.
420 2411 433 2479 ΙΙ
446 2414 594 2477 recuperati
613 2410 634 2463 C
650 2418 676 2463 ct
688 2428 733 2483 pr.
752 2412 784 2467 A.
804 2409 816 2483 ΙΙ
835 2415 969 2479 incipienti
985 2409 1023 2465 D.
1035 2411 1048 2479 ΙΙ
1059 2414 1206 2463 iniciendus
1224 2409 1262 2463 D.
1282 2410 1294 2473 ll
1314 2407 1340 2463 2.
1358 2424 1436 2474 prae·

215 2484 317 2535 clarum
336 2480 363 2537 0.
375 2483 388 2550 ΙΙ
400 2478 425 2536 3.
446 2486 668 2549 pretiosissimum
689 2484 717 2538 0.
732 2481 784 2554 115.
803 2488 877 2539 idem
895 2483 1049 2550 praeturae]
1076 2481 1349 2535 udd.i.i³.tliu1um
1366 2482 1437 2531 inse.

216 2556 320 2621 quentis
342 2556 460 2623 paginae
484 2556 535 2606 boc
558 2557 617 2607 loco
641 2559 723 2607 babet
745 2572 834 2624 morpo
854 2555 886 2609 A.
910 2554 1052 2607 Promisit
1073 2554 1140 2605 enim
1158 2553 1221 2605 Pur.
1239 2553 1300 2606 isic
1323 2552 1437 2619 esernpio

210 2623 331 2696 prouimi
348 2623 446 2694 capitis
463 2624 658 2693 inscriptionem
683 2630 732 2689 Qui
751 2630 802 2679 sibi
825 2629 947 2681 licentius
971 2643 1051 2689 qrram
1075 2641 1135 2677 mos
1159 2627 1260 2690 patrius
1279 2625 1438 2688 permiserat

215 2699 390 2759 indulserunt,
410 2701 436 2748 et
451 2695 500 2750 boe
517 2704 597 2766 caput
613 2714 671 2752 cum
688 2699 834 2768 insequenti
852 2701 881 2751 in
897 2715 975 2751 unum
993 2696 1135 2751 coniunsit.
1153 2695 1165 2766 ΙΙ
1185 2700 1306 2763 turpibus
1329 2694 1393 2749 Par.
1412 2701 1438 2748 et

214 2769 245 2821 in
263 2782 360 2822 rasura
378 2768 409 2822 A.
431 2768 442 2838 ΙΙ
463 2766 488 2820 11.
509 2772 623 2823 obsols·
634 2774 688 2822 tam
708 2776 773 2838 (tarn
787 2771 814 2824 in
826 2772 934 2834 casuro)
946 2769 979 2822 A.
998 2772 1147 2822 obsoletam
1160 2768 1223 2821 Pur.
1241 2769 1436 2820 obsolefactam

215 2839 254 2894 D.
269 2837 281 2912 ΙΙ
295 2843 405 2892 citherei
422 2841 457 2893 E.
470 2840 483 2909 ΙΙ
498 2839 538 2893 ll.
556 2857 656 2906 ponere
675 2842 835 2910 empuli.
854 2843 868 2911 ΙΙ
883 2845 992 2906 insuper
1016 2843 1077 2908 quia
1102 2843 1208 2892 anulum
1234 2856 1250 2892 e
1273 2855 1353 2892 manu
1378 2841 1436 2890 ctus

217 2915 350 2978 sculptum
370 2914 490 2964 affricani
510 2916 595 2978 capud
614 2921 673 2966 erut
689 2913 724 2968 E.
737 2915 750 2982 ΙΙ
770 2913 810 2968 12.
830 2919 887 2966 erut
905 2916 1038 2979 sculptum
1056 2911 1087 2964 Γ.
1105 2913 1120 2980 ΙΙ
1139 2909 1178 2966 13.
1198 2929 1231 2964 ex
1251 2929 1302 2978 quo
1324 2909 1400 2963 Your.
1411 2911 1426 2978 ΙΙ

219 2980 260 3038 ll.
280 2999 333 3053 age
353 2999 403 3050 que
422 2985 477 3034 fabi
497 2980 550 3107 Oq}
565 2986 697 3053 allobrogi
714 2983 865 3038 ABCDI'.
880 2981 942 3036 odd.
956 2986 977 3035 l.
990 2985 1018 3034 Ρ.
1037 2985 1185 3055 allobrogis
1203 2981 1328 3050 uurporl
1347 2979 1435 3036 erar.

216 3057 355 3126 ulubrogis
376 3052 412 3110 Ε.
438 3053 479 3124 Cs.
503 3052 549 3112 V.
572 3051 597 3116 9.
616 3054 642 3112 l.
657 3055 669 3122 ΙΙ
686 3053 727 3110 lt.
745 3058 869 3124 illiusque
886 3057 975 3107 fabius
995 3052 1024 3108 G.

724 3162 936 3178 m

217 3230 325 3294 maiore,
345 3235 390 3284 sut
407 3235 631 3298 interpretationis
652 3235 753 3305 gratia,
773 3241 801 3286 ut
825 3238 899 3302 prius
924 3233 1007 3286 alteru
1030 3234 1229 3302 intellegeretur
1247 3240 1281 3287 dc
1300 3237 1437 3300 superiore

217 3305 352 3357 Ain'cauo.
388 3305 429 3353 lta
448 3308 566 3369 spurium
586 3310 745 3358 uocabulum
764 3309 842 3358 facile
861 3308 1045 3372 poteratinter
1058 3309 1175 3374 genuina
1186 3309 1279 3356 sedem
1297 3321 1438 3370 occupare.

288 3371 360 3424 idem
375 3379 527 3439 pructunue)
546 3375 573 3426 Si
593 3379 700 3429 Valerio
719 3379 776 3438 llil,
795 3375 821 3439 5,
839 3375 857 3429 3
877 3381 954 3429 fldem
974 3379 1116 3435 habemus,
1135 3380 1243 3427 (inacus
1262 3379 1286 3426 ls
1305 3380 1364 3426 erat
1382 3377 1437 3426 Scl-

216 3448 272 3512 pio.
308 3443 448 3494 Dubilalur
467 3451 555 3496 aretem
575 3449 608 3498 de
625 3453 810 3512 praenomine,
831 3467 889 3500 curn
911 3451 1020 3518 Pighius
1039 3449 1130 3498 causis
1149 3463 1201 3496 non
1220 3461 1287 3497 sane
1304 3449 1437 3512 improba·

217 3517 317 3568 bilibus
335 3516 447 3564 eundem
466 3518 536 3566 hunc
555 3531 619 3567 esse
638 3521 791 3584 suspicatus
813 3524 847 3570 sit
872 3524 951 3587 atque
973 3521 1046 3570 illum
1070 3521 1100 3568 L.
1120 3519 1267 3568 Cornelium
1287 3517 1437 3582 Scipionem

217 3589 379 3653 praetorem,
399 3601 477 3651 quem
490 3589 582 3637 litoius
595 3589 664 3644 XLI.
684 3588 727 3648 ri,
748 3607 805 3640 curn
825 3593 889 3641 iuris
908 3593 1047 3641 dictionem
1066 3592 1134 3639 inter
1153 3591 1225 3639 ciues
1242 3590 1437 3658 etperegriuos

217 3659 367 3715 habuisset,
387 3672 405 3706 s
414 3660 570 3708 censoribus
584 3661 614 3719 Q.
627 3661 722 3712 Fuluio
734 3663 831 3712 Flacco
842 3665 869 3712 et
882 3664 912 3711 A.
925 3663 1060 3711 Postumio
1073 3661 1168 3710 Albino
1187 3663 1221 3710 de
1234 3663 1329 3710 senatu
1338 3663 1437 3709 motam

219 3743 283 3780 esse
300 3733 400 3780 narrat.
437 3731 513 3789 Quod
531 3731 595 3782 mihi
613 3747 718 3797 quoque
735 3733 773 3782 itu
793 3734 903 3782 uidetur.
939 3733 1050 3781 Miratur
1062 3733 1167 3796 quidem
1183 3732 1326 3782 Torrcnlus
1339 3732 1438 3781 Valerii

219 3801 361 3858 silentium,
381 3803 450 3865 quod
468 3803 492 3850 is
511 3803 664 3870 grauiorem
683 3805 751 3852 hane
770 3805 942 3872 ignominiam
959 3804 1165 3866 increpandique
1183 3805 1322 3853 materiam
1338 3805 1394 3852 lam
1411 3804 1438 3852 in

218 3872 366 3936 propinquo
391 3873 509 3922 oblatam
533 3889 585 3923 rron
609 3876 849 3938 praetermissurus
873 3875 958 3924 fuerit
1003 3874 1037 3925 At
1065 3875 1190 3923 facillime
1217 3875 1275 3924 fleri
1303 3875 1387 3939 potuit
1411 3877 1439 3923 ut

218 3943 362 4000 Valerium,
382 3959 475 4008 parum
495 3945 648 4012 diligentem
662 3949 689 3995 et
707 3951 861 3996 urerrratum
880 3946 1042 4010 antiquitatis
1060 3948 1292 4009 perscrutatorem,
1318 3948 1386 3995 haec
1404 3947 1437 3996 de

219 4014 342 4064 censoria
362 4015 593 4066 unimudrrersione
612 4019 704 4068 notitia
722 4019 836 4085 ingeret.
873 4018 966 4082 Neque
976 4017 1056 4067 etiam
1074 4017 1126 4074 hic,
1145 4018 1178 4067 de
1192 4033 1243 4082 quo
1262 4019 1358 4086 agitur,
1378 4033 1437 4068 cum

217 4085 247 4136 P.
257 4083 389 4148 Scipione,
409 4088 553 4149 superioris
572 4087 690 4138 Africani
709 4089 761 4139 fllto
781 4088 964 4153 Scipionisque
975 4088 1114 4138 Aemiliani
1131 4092 1208 4151 putre
1223 4091 1356 4154 adoptiuo,
1377 4105 1437 4139 con·

217 4155 367 4205 hundendus
387 4161 437 4215 est,
458 4173 536 4222 quem
556 4159 673 4209 Velleius
692 4159 712 4216 l,
736 4157 774 4218 10,
793 4154 810 4208 3
829 4160 893 4209 nihil
912 4175 945 4209 cx
959 4163 1072 4224 paterna
1090 4161 1232 4211 maiestate
1250 4166 1358 4225 praeter
1376 4175 1437 4225 spe·

218 4227 286 4276 ciam
304 4228 417 4276 nominis
437 4230 609 4296 uigoremque
628 4232 795 4292 eloquentiae
814 4232 969 4290 retinuisse,
989 4232 1080 4280 Cicero
1099 4233 1156 4280 Cat.
1180 4234 1241 4284 mal.
1270 4230 1315 4288 ll.
1339 4227 1375 4282 35
1398 4233 1437 4280 iu·

218 4297 295 4348 flrma
314 4299 456 4348 admodum
475 4300 618 4350 ualitudine
637 4315 713 4350 nsum
733 4317 797 4352 esse
816 4304 943 4352 scribunt.
985 4295 1106 4352 Ceterum
1127 4305 1278 4352 notabiliter
1298 4303 1436 4365 Appianas

219 4383 322 4434 quoquc
341 4371 358 4420 l.
377 4384 400 4421 e.
419 4371 531 4426 errauit,
558 4387 617 4421 curn
634 4374 706 4422 hune
724 4373 885 4437 Scipionem,
909 4376 1014 4438 eaptrrm
1035 4390 1052 4423 a
1075 4389 1141 4441 rege
1165 4374 1304 4430 Antiocho,
1324 4373 1436 4421 erindem

217 4443 325 4504 putaret
343 4441 423 4503 atque
442 4442 627 4499 Aemilianum,
646 4445 690 4508 qni
709 4449 805 4507 postea
823 4447 1014 4513 Karthaginem
1034 4447 1112 4508 cepit.

290 4507 316 4563 2.
328 4509 405 4578 filius
422 4509 452 4567 Q.
468 4509 568 4563 Fabius
580 4511 723 4576 discimus)
742 4517 817 4565 llunc
827 4517 972 4582 significari
982 4533 999 4565 a
1008 4517 1136 4566 cicerone
1146 4515 1226 4564 Tusc.
1239 4515 1258 4570 1.
1269 4509 1312 4572 33,
1322 4510 1366 4570 sl.
1376 4528 1436 4564 eum

219 4583 318 4633 diceret
336 4583 453 4632 Africani
471 4583 561 4633 fratris
580 4587 703 4648 nepotem
723 4588 777 4636 uita
796 4589 912 4636 omnium
930 4589 1092 4652 perditorum
1110 4588 1148 4635 itu
1166 4587 1294 4642 similem,
1315 4587 1345 4634 ot
1362 4587 1438 4634 essct

218 4654 298 4703 facile
317 4654 482 4711 deterrimus,
502 4659 574 4705 reule
594 4659 749 4706 obseruauit
766 4659 930 4710 Perizonius.
966 4659 1030 4708 Erat
1048 4659 1119 4707 enim
1137 4661 1167 4718 Q.
1187 4657 1286 4706 Fabius
1302 4656 1436 4706 tissimus

217 4723 406 4792 Allobrogicus
430 4725 500 4775 illius
524 4729 553 4786 Q.
574 4727 650 4777 Fabii
673 4729 783 4780 Maximi
802 4731 956 4787 Aemiliani,
980 4731 1023 4779 hie
1046 4729 1116 4778 lilius
1141 4729 1172 4781 L.
1191 4728 1295 4778 Aemilii
1313 4727 1389 4778 Pauli
1409 4733 1437 4778 et

218 4796 302 4850 frater
318 4793 348 4850 Ρ.
367 4797 482 4850 Cornelii
499 4795 632 4864 Scipionis
651 4797 798 4853 Aemiliani.
819 4801 859 4854 Cf.
878 4801 936 4852 Liu.
955 4800 1061 4866 epitom.
1080 4800 1138 4851 libr.
1156 4799 1227 4854 th.
1252 4800 1319 4852 Veli.
1342 4800 1369 4858 1,
1394 4796 1434 4859 lo.

232 4989 251 5018 l
