3409 5400
252 942 280 1008 1.

291 460 356 529 492
568 455 794 527 GRAVITER
815 455 949 523 DICTA
972 456 1063 524 AVT
1085 456 1237 526 FACTA.

289 624 450 689 memoria
471 620 595 685 uiribus
620 619 761 685 aeternis
785 601 1030 705 conprehendit.
1083 620 1231 700 Quarum
1260 644 1302 686 ex
1331 620 1528 687 abundanti

291 731 388 815 copia
411 752 471 793 nee
493 750 595 814 parca
617 727 713 791 nimis
737 748 799 791 nee
821 748 936 793 rursus
959 727 1061 791 auida
1082 750 1184 793 manu
1207 727 1297 815 quod
1320 730 1433 816 magis
1456 728 1525 791 de·

292 836 412 901 siderio
436 836 620 901 satisfaciat
642 856 740 921 quam
764 835 906 899 satietati
928 833 1072 897 abundet
1095 833 1299 900 hauriamus.

381 944 519 1008 Ciuitate
547 951 660 1007 nostra
690 941 858 1007 Cannensi
891 940 985 1005 clade
1017 941 1188 1025 pererdsa‚
1222 962 1296 1007 cum
1332 941 1523 1007 admodum

292 1053 379 1117 tenui
403 1050 457 1114 filo
481 1071 647 1136 suspensa
668 1050 716 1113 rei
739 1046 889 1134 publicae
905 1046 997 1111 salus
1019 1069 1060 1112 ex
1082 1050 1248 1115 sociarum
1265 1049 1330 1114 lide
1345 1047 1548 1135 penderem

795 1178 1008 1195 *u-—n

294 1248 317 1301 l.
337 1248 513 1313 apprehendit
530 1243 559 1297 F.
578 1244 592 1313 ΙΙ
607 1244 633 1298 2.
652 1248 731 1310 parta
750 1244 779 1299 C.
796 1245 810 1316 ΙΙ
826 1248 908 1298 abida
927 1244 956 1299 C.
976 1244 989 1315 ΙΙ
1008 1241 1034 1297 3.
1052 1248 1179 1299 satietate
1200 1242 1524 1314 evastitanus

294 1321 404 1371 nostrae
423 1316 451 1371 C.
466 1318 478 1385 ΙΙ
492 1332 623 1383 percussa
635 1316 703 1377 EF.
717 1316 730 1385 ΙΙ
744 1315 769 1372 5.
788 1319 842 1368 fllia
864 1316 893 1369 C.
907 1324 919 1384 ΙΙ
934 1320 1061 1369 soliorum
1082 1316 1114 1370 A.

296 1512 382 1566 aeque
400 1498 522 1564 pertinet.
559 1500 652 1564 ltaque
671 1500 696 1548 si
713 1498 861 1549 orationem
878 1500 913 1547 ad
924 1498 1047 1565 regulam
1063 1497 1190 1564 exegeris
1202 1495 1387 1560 compositam.
1405 1495 1523 1545 omnino

298 1568 330 1622 ab
349 1570 390 1621 Iria
409 1586 442 1621 ex
462 1570 629 1635 opposilione
649 1570 816 1619 eximendum
835 1571 863 1619 et
881 1570 1049 1621 scribendum
1074 1574 1133 1619 erat
1156 1564 1189 1617 ad
1213 1565 1255 1619 Iris
1273 1570 1320 1617 ast
1340 1563 1420 1617 dieta.
1460 1565 1521 1615 Sed

295 1644 424 1693 interdum
450 1642 637 1709 neglegentius
662 1656 733 1703 qrrae
756 1642 814 1690 sine
837 1642 957 1705 pondera
979 1640 1106 1690 orationis
1130 1640 1275 1695 efferuntur
1297 1640 1324 1687 in
1348 1638 1522 1687 disiunctiuis

296 1714 449 1772 sententiis,
475 1712 581 1762 etiamsi
604 1712 710 1775 prepete
731 1726 784 1761 nan
803 1713 1061 1776 comprehendantur
1079 1710 1267 1768 disiunctione,
1294 1710 1332 1759 ita
1349 1724 1409 1758 cam
1428 1708 1521 1758 altera

295 1788 414 1835 membro
439 1784 645 1850 coniunguntur.
672 1783 779 1847 etipsa
796 1798 849 1833 non
872 1785 1017 1850 tangantur
1035 1783 1216 1846 oppositione,
1241 1795 1312 1844 quae
1329 1780 1389 1829 aliis
1407 1780 1521 1829 duabus

296 1856 446 1905 notionibus
464 1854 532 1903 inter
550 1866 580 1903 se
599 1854 738 1902 disiunclIs
757 1854 877 1905 allicitur.
912 1854 1015 1904 Eodem
1034 1868 1144 1917 prorsus
1165 1853 1244 1903 modo
1264 1852 1401 1902 Cornelius
1420 1850 1520 1914 Nepos

296 1928 321 1977 in
342 1926 425 1976 alcib.
446 1922 471 1982 7,
489 1920 507 1974 2
526 1925 682 1988 composuit,
701 1922 746 1975 Ea
763 1939 812 1991 pue
822 1922 910 1992 fiebat
925 1930 956 1976 ut
971 1923 1059 1975 amaia
1079 1922 1164 1974 nisus
1182 1936 1313 1991 praepare
1328 1926 1403 1988 perta
1420 1919 1522 1988 calpae

296 1994 448 2055 tribuerent,
467 2009 524 2044 aum
543 1999 589 2045 aut
606 2010 663 2045 cam
680 1994 841 2063 aeplepcnler
864 2001 910 2046 aut
931 1994 1060 2047 antidora
1073 1993 1176 2060 saciare
1197 1992 1371 2061 barnam.
1406 1991 1462 2043 Sed
1480 2007 1519 2041 nc

296 2068 313 2117 il
332 2068 446 2133 quidem.
466 2067 509 2131 qui
528 2066 681 2134 diligentius
699 2070 778 2133 atque
798 2068 948 2117 accuratius
968 2068 1102 2130 scripsere
1126 2081 1207 2132 quam
1226 2065 1349 2116 Valerius
1367 2064 1518 2129 Neposque

297 2156 314 2189 a
332 2138 411 2188 simili
429 2138 611 2259 ”egwggnfifia
626 2139 707 2201 plane
725 2140 776 2188 sibi
795 2141 931 2191 eausruat.
969 2140 1026 2190 Vid.
1051 2152 1121 2204 quae
1143 2137 1281 2188 aduolauit
1299 2136 1455 2203 lladuigius
1479 2136 1517 2183 ad

296 2211 348 2261 Cic.
367 2212 401 2260 de
419 2210 463 2259 liu.
482 2209 513 2265 11,
551 2245 558 2267 ,
612 2246 618 2259 .
639 2225 664 2273 p.
686 2206 745 2261 162.

367 2294 443 2349 quam
460 2277 578 2330 satietati
595 2276 717 2342 abundet)
735 2282 810 2331 Duas
829 2280 946 2331 maxime
964 2294 1009 2333 res
1028 2280 1079 2329 sibi
1099 2280 1222 2329 uitandus
1235 2292 1299 2329 esse
1312 2276 1382 2336 dicit,
1401 2276 1516 2340 primunr

296 2368 330 2404 ne
349 2352 473 2416 exempla
491 2352 578 2401 desint
602 2366 636 2401 ex
654 2352 705 2401 boc
729 2366 834 2418 quaque
859 2366 960 2420 genere
983 2353 1142 2401 documenta
1164 2350 1394 2406 desiderantibus,
1417 2348 1515 2397 deinde

297 2441 330 2475 ne
349 2425 427 2474 nimis
446 2423 529 2472 multa
548 2425 676 2491 congerat
695 2424 775 2485 atque
794 2425 862 2472 adeo
882 2424 1046 2473 abundantia
1063 2423 1111 2481 iis,
1136 2436 1204 2487 quos
1222 2421 1331 2484 propter
1349 2420 1455 2483 capiam
1473 2434 1514 2469 re·

297 2498 379 2547 latam
398 2495 512 2543 satietas
532 2494 584 2542 iarn
604 2494 705 2557 ceperIt
722 2494 896 2557 complurium
915 2495 1105 2558 exemplorum.
1143 2494 1249 2557 ltaque,
1274 2506 1334 2540 eum
1360 2492 1516 2539 abstractas

297 2565 422 2618 desiderii
441 2567 467 2613 et
485 2565 618 2615 satietatis
631 2565 752 2616 notiones
771 2567 892 2630 posuerit
902 2580 950 2629 pra
962 2566 1094 2615 concretis
1109 2565 1253 2621 homiuum,
1272 2574 1341 2632 quos
1354 2562 1515 2611 desiderium

298 2639 344 2688 aut
362 2636 474 2687 satietas
494 2636 601 2697 ceperit,
622 2636 711 2687 dubito
730 2652 793 2687 mun
811 2651 878 2688 uera
895 2638 931 2687 sit
949 2636 1079 2686 Perizonii
1098 2636 1250 2691 coniectura
1271 2649 1305 2684 ex
1323 2633 1515 2684 recentioribus

298 2709 398 2774 aliquot
416 2707 490 2757 libris
514 2706 680 2758 scribendum
706 2723 769 2759 esse
791 2707 930 2767 satietate:
952 2707 1109 2758 necessaria
1131 2709 1203 2758 certe
1226 2722 1279 2758 nan
1303 2706 1354 2757 est.
1390 2704 1516 2754 Similiter

299 2779 431 2830 desiderio
452 2778 602 2827 sutietatem
622 2781 746 2843 apposuit
763 2781 816 2832 Cic.
834 2781 861 2830 in
880 2795 941 2844 epp.
961 2780 993 2837 ll,
1015 2777 1055 2839 II,
1077 2777 1101 2837 l.

373 2847 396 2901 l.
426 2845 556 2900 Cannensi
584 2846 668 2907 clade)
699 2851 826 2914 Respexit
855 2851 926 2900 barrd
954 2851 1033 2900 duble
1062 2863 1107 2900 res
1140 2866 1157 2899 a
1183 2849 1260 2899 Liuia
1291 2848 1514 2899 commemoratas

299 2923 358 2974 libr.
378 2920 474 2977 XXIII,
493 2915 537 2976 22,
558 2921 600 2968 ubi
620 2922 665 2971 ille
684 2923 790 2971 tradidit
807 2924 869 2984 post
887 2922 991 2972 cladem
1010 2923 1177 2995 Cannensem
1187 2920 1234 2984 Sp.
1247 2920 1388 2970 Caruilium
1408 2922 1516 2982 propter

301 2993 416 3055 inopiam
437 2995 463 3040 et
482 2991 641 3054 paucitatem
661 2993 771 3050 cirrium.
796 3007 811 3042 e
830 2994 927 3054 quibus
945 2994 972 3042 in
991 2994 1083 3056 patres
1101 2993 1266 3060 legerentur,
1294 2991 1419 3040 suasisse
1438 2995 1466 3038 ut
1482 3005 1514 3040 ex

300 3063 415 3131 singuIIs
433 3062 539 3126 populls
559 3063 712 3112 Latinorum
732 3064 801 3113 blais
822 3064 992 3114 senatoribus
1016 3064 1111 3113 ciuitate
1133 3064 1242 3113 daretur
1265 3064 1345 3128 atque
1368 3061 1395 3110 iu
1414 3062 1515 3110 demur·

301 3138 402 3184 tuorum
422 3134 508 3184 laeum
527 3133 553 3182 in
572 3137 693 3184 senatum
713 3135 880 3201 legerentur-r
906 3135 1039 3185 restitisse
1062 3136 1088 3184 in
1107 3134 1200 3198 primis
1217 3134 1345 3183 Manlium
1364 3133 1516 3182 audiuisse

301 3220 364 3258 esse
383 3206 462 3255 etiam
478 3219 549 3254 nune
563 3205 653 3268 stirpis
666 3205 725 3255 eius
738 3207 831 3264 uirum,
851 3221 886 3256 ex
898 3222 953 3268 qua
963 3207 1098 3268 quondam
1109 3207 1135 3255 in
1148 3205 1279 3269 capitulla
1296 3203 1389 3254 consul
1400 3204 1515 3253 minatus

301 3277 383 3334 esset,
403 3290 482 3339 quem
501 3275 623 3324 Latinum
643 3275 670 3325 in
688 3278 762 3326 curia
779 3277 906 3334 uidisset,
928 3293 989 3326 curu
1008 3291 1060 3326 sua
1077 3291 1158 3326 manu
1176 3290 1208 3325 se
1226 3276 1434 3326 interfectarum.
1470 3275 1515 3324 llle

301 3349 346 3412 «pul
365 3349 496 3412 quondam
516 3347 553 3395 ltu
571 3347 688 3396 miaatus
707 3351 778 3402 erat,
803 3347 833 3400 Τ.
853 3349 970 3397 Manlius
989 3347 1154 3412 Torquatus.
1173 3347 1278 3397 tertium
1296 3345 1390 3396 consul
1409 3361 1469 3394 cum
1488 3345 1515 3395 P.

301 3420 383 3470 Decio
401 3419 487 3472 Mure,
506 3431 664 3481 responsum
684 3420 748 3478 hac,
771 3420 840 3484 quod
861 3415 984 3468 Valerius
1009 3419 1149 3482 posteriori
1168 3419 1268 3468 Manlio
1287 3413 1391 3472 tribuit,
1414 3417 1515 3466 latinis

301 3491 410 3540 dederat
429 3489 625 3552 postulantibus
644 3493 673 3536 ut
690 3490 757 3539 alter
776 3491 869 3540 eorrsul
888 3492 915 3540 at
933 3490 1040 3538 dimidia
1063 3503 1128 3553 pars
1152 3492 1263 3539 senatus
1288 3503 1304 3537 a
1323 3487 1426 3536 Latinis
1444 3502 1515 3537 crea·

301 3563 397 3612 rentur.
417 3559 467 3622 (Cf.
487 3559 545 3608 rau.
565 3560 633 3615 VIII,
652 3556 690 3622 5.)
717 3561 789 3610 Idem
808 3561 852 3610 ille
872 3560 1025 3624 Torquatus
1050 3561 1261 3624 apudVeserim
1281 3560 1386 3608 fluuium
1407 3559 1514 3607 Latinos

302 3632 374 3682 Decii
388 3631 511 3697 collegae
531 3631 671 3680 deuotione
690 3633 835 3694 superauit,
856 3633 903 3681 sed
923 3647 976 3682 non
995 3633 1071 3696 paler
1089 3645 1152 3682 esse
1171 3633 1255 3694 potuit
1272 3631 1351 3680 buius
1364 3629 1466 3686 Manlii,
1484 3631 1515 3678 de

301 3720 353 3765 que
374 3701 496 3751 ValerIus
516 3701 566 3750 lroc
586 3702 643 3751 loco
663 3704 689 3750 el
707 3701 799 3752 Liuius
818 3703 916 3760 XXIII,
935 3699 979 3763 22,
999 3719 1058 3751 cum
1070 3703 1220 3753 interillius
1232 3703 1338 3752 tertium
1351 3701 1515 3752 consulatum

302 3776 329 3822 et
352 3773 420 3822 inter
444 3772 547 3820 eludam
572 3773 740 3822 Cannensem
765 3776 870 3823 eentum
894 3777 921 3823 et
947 3775 1058 3841 triginta
1080 3774 1196 3838 amplius
1224 3774 1285 3823 anni
1310 3773 1515 3822 intercesserint.

304 3845 359 3892 lam
378 3843 459 3907 longe
479 3843 588 3908 grauiter
607 3846 686 3908 atque
708 3843 856 3908 impeditior
880 3860 913 3894 eo
938 3845 966 3894 tlt
989 3860 1076 3900 error,
1101 3846 1171 3906 quod
1196 3846 1247 3894 hoc
1271 3845 1330 3894 leco
1349 3842 1462 3892 Anicium
1480 3843 1514 3891 ln·

304 3913 390 3970 trusit,
409 3911 452 3975 qui
471 3911 502 3962 T.
523 3911 623 3962 :innius
641 3911 930 3982 SatinuaLatiuorum
950 3919 1069 3977 praetor,
1094 3931 1112 3964 a
1129 3915 1267 3979 superiore
1291 3915 1337 3964 illo
1355 3914 1456 3963 Manlio
1478 3928 1516 3963 re·

304 3983 398 4047 pulsus
417 3984 475 4032 erat
493 3983 562 4032 teste
581 3982 656 4033 Liuio
675 3985 743 4043 VIII,
762 3983 788 4038 5.
825 3989 909 4046 Quem
922 4001 982 4034 cum
995 3986 1065 4036 falso
1079 3989 1242 4050 Campanum
1256 3987 1327 4035 dicat
1339 3986 1365 4034 el
1379 3985 1406 4034 iu
1424 3987 1514 4034 senatu

304 4055 484 4104 adseuerasse
494 4053 582 4103 lrrrdat
591 4055 702 4105 alterurn
713 4058 848 4112 consulem
860 4059 952 4120 Capua
961 4058 1047 4106 creari
1058 4059 1165 4117 debere,
1178 4057 1324 4108 uerisimile
1334 4058 1515 4106 astructorem

304 4123 458 4175 confudisse
477 4141 535 4176 curn
554 4125 606 4174 hae
626 4126 779 4177 Latinorum
797 4128 977 4192 postulatione
995 4143 1056 4178 eam
1075 4131 1279 4191 campanorum,
1298 4129 1327 4176 ut
1343 4128 1413 4176 aller
1427 4127 1516 4176 consul

304 4199 457 4259 Campanus
477 4195 559 4252 sseret,
578 4198 611 4247 de
631 4214 683 4264 qua
701 4199 793 4249 Liuius
813 4198 916 4254 XXIII,
935 4194 961 4248 b.
1003 4199 1138 4262 Denique,
1162 4200 1186 4248 si
1212 4214 1303 4250 uerum
1326 4198 1370 4248 ast
1388 4198 1516 4248 Valeriam

304 4271 357 4318 huc
369 4266 520 4318 narratione
533 4269 565 4318 de
579 4269 678 4319 reiecta
687 4271 819 4320 sociorum
829 4269 976 4332 petulentia
985 4272 1018 4318 ad
1033 4272 1205 4333 posteriorem
1217 4270 1344 4320 Manlium
1357 4269 1515 4333 respexisse,

305 4339 376 4389 male
395 4339 482 4406 pergit
499 4339 525 4389 in
545 4341 717 4405 sequentibus
740 4338 795 4390 Par
816 4337 889 4390 iltius
911 4354 1011 4406 quaeue
1033 4335 1121 4391 Manli
1140 4340 1270 4408 prauitas.
1312 4341 1414 4400 Quibus
1433 4341 1516 4390 uerbis

307 4410 387 4460 aliurn
407 4411 599 4460 iunrlllanlium
618 4411 764 4478 significari
781 4411 872 4476 liquet,
891 4427 950 4460 cum
967 4415 1057 4461 larnen
1075 4413 1145 4462 idem
1164 4412 1209 4463 ille
1228 4411 1314 4470 tuerit,
1333 4412 1377 4476 qui
1394 4409 1442 4476 Sp.
1460 4413 1516 4462 Car·

309 4482 398 4531 uilium
422 4482 455 4530 de
479 4482 585 4532 eirrilule
609 4481 712 4530 Latinis
737 4481 862 4532 donanda
890 4485 1060 4546 perorantem
1084 4485 1192 4548 repulit,
1221 4485 1292 4533 idem
1323 4484 1366 4548 qui
1390 4483 1518 4534 recusauit

309 4551 485 4603 consulatum.
521 4551 559 4603 ct.
578 4552 636 4603 Liu.
655 4552 752 4612 XXVI,
770 4547 814 4604 22
851 4553 937 4619 Atque
956 4556 983 4603 in
1001 4556 1097 4605 eadem
1115 4569 1145 4606 re
1157 4556 1294 4606 auctorem
1306 4569 1411 4619 quoque
1422 4555 1457 4604 de
1474 4553 1518 4604 uir.

308 4623 345 4672 ill.
363 4621 469 4684 lapsum
488 4635 552 4672 esse
571 4623 648 4674 uldeo
667 4639 689 4675 e.
709 4621 753 4683 28,
772 4641 833 4675 eum
851 4626 1017 4689 superiorem
1036 4625 1067 4678 T.
1085 4627 1223 4685 Manlium,
1242 4626 1284 4675 cul
1300 4625 1386 4690 primo
1398 4625 1518 4691 Torquati

310 4703 407 4742 nomen
424 4693 533 4744 luditum
552 4697 603 4754 est,
619 4695 674 4745 illis
691 4696 782 4747 uerbis
801 4698 969 4750 consulatum
986 4711 1133 4749 recusasse
1146 4697 1293 4762 scripserit.
1328 4698 1442 4748 Omnem
1459 4712 1519 4748 uera
