3409 5400
487 501 570 569 LIB.
586 501 674 585 VIII,
698 507 735 575 (l.
754 512 807 589 11,
830 521 861 590 ς.
885 515 1055 584 a-sxt.
1072 529 1101 598 ς.
1119 525 1149 590 3.
1362 535 1428 603 645

296 663 366 728 Sed
393 672 428 728 ut
454 663 641 750 alienigena
668 680 868 749 scrutemur,
898 697 971 740 cum
1002 679 1176 746 obscurato
1202 701 1331 772 repente
1356 694 1507 765 solellxt.
1529 697 1557 764 1.

185 767 370 834 inusitatis
392 770 547 856 perfusae
571 773 711 838 tenebris
735 777 885 845 Athenae
908 783 1123 850 sollicitudine
1148 807 1353 875 angerentur,
1377 800 1426 864 in·

188 875 336 939 teritum
359 875 422 939 sibi
451 875 584 942 caelesti
614 878 857 949 denuntiatione
886 892 1035 974 portendi
1064 893 1251 970 credentes,
1281 899 1424 968 Pericles

187 982 369 1064 processit
390 982 424 1045 in
448 982 592 1048 medium
617 995 647 1048 et
662 1008 744 1072 quac
769 1011 789 1051 a
813 1007 1025 1079 praeceptore
1050 1019 1110 1061 suo
1129 999 1330 1088 Anaxagora
1351 1027 1425 1090 per·

159 1087 340 1151 atinentia
363 1087 406 1152 ad
430 1087 511 1152 solis
536 1099 567 1152 et
588 1089 686 1156 lunae
710 1116 842 1160 cursum
860 1111 1032 1185 acceperat
1048 1103 1201 1169 disseruit
1216 1129 1275 1172 nee
1292 1110 1423 1177 ulterius

189 1191 366 1278 trepidare
390 1195 479 1258 ciues
504 1217 583 1260 suos
607 1219 695 1262 uano
718 1213 806 1264 metu
831 1225 953 1286 passus
978 1221 1037 1272 est.

292 1297 459 1378 Quantum
490 1325 587 1388 porro
616 1303 784 1391 dignitatis
815 1331 834 1372 a
863 1331 941 1397 rege
967 1313 1153 1379 Alexandro
1182 1320 1331 1386 tributum
1362 1325 1463 1389 ertit.

190 1405 445 1481 existimamus,
475 1408 529 1493 qui
553 1431 590 1473 se
613 1423 643 1473 et
665 1413 758 1496 pingi
782 1415 823 1478 ab
848 1437 913 1478 uuo
939 1417 1051 1504 Apelle
1076 1433 1106 1484 et
1132 1425 1210 1509 fingi
1234 1447 1254 1488 a
1277 1425 1421 1513 Lysippo

189 1511 425 1577 tantummodo
449 1513 574 1577 ubiuitl>

147 1637 179 1680 to
290 1617 392 1682 Tenet
413 1621 550 1684 uisentis
576 1619 712 1687 Athenis
736 1623 905 1691 Volcanus
930 1629 1119 1694 Alcamenis
1149 1635 1300 1699 manibus
1323 1637 1462 1703 labri-3.

191 1734 304 1790 catus.
351 1723 484 1789 Praeter
507 1737 616 1792 cetera
639 1731 725 1794 enim
748 1733 1007 1816 perfectissimae
1022 1739 1110 1800 artis
1139 1739 1172 1800 in
1204 1761 1242 1801 co
1267 1761 1419 1824 praecur-

192 1831 307 1895 rentia
328 1831 450 1896 indicia
473 1834 571 1898 ctiam
594 1833 673 1898 illud
690 1838 856 1913 mirantur,
883 1841 970 1926 quod
995 1851 1060 1905 stat
1082 1842 1307 1910 dissimulatae
1331 1846 1419 1910 clau·

193 1937 373 2002 dicationis
408 1938 470 2001 sub
504 1951 595 2003 ueste
630 1941 743 2005 leuiter
776 1947 950 2031 uestigium
985 1957 1255 2030 repraesentans
1292 1961 1325 2012 ut
1352 1973 1419 2016 non

194 2044 426 2130 exprobratum
452 2055 618 2130 tamquam
642 2049 755 2112 uitium
782 2052 827 2114 ita
851 2061 1016 2136 tamquam
1041 2063 1162 2116 certam
1186 2057 1416 2143 propriamque

154 2152 251 2215 tadei
275 2160 386 2214 notam
410 2149 528 2213 decore
551 2153 753 2238 significans.
915 2149 919 2158 ’

196 2309 222 2362 l.
243 2311 270 2374 s.
292 2307 302 2361 1
325 2324 373 2362 orn.
393 2307 423 2362 Γ.
439 2305 451 2377 ΙΙ
466 2311 632 2378 alienigenas
653 2308 683 2362 A.
696 2311 709 2377 ΙΙ
721 2316 834 2360 obscuro
855 2308 951 2376 0112.
972 2313 1112 2362 solitudine
1126 2329 1172 2380 pr.
1191 2313 1223 2366 A.
1241 2315 1256 2382 ΙΙ
1273 2331 1290 2364 e
1311 2319 1417 2368 arentur

196 2376 428 2433 acassam.
440 2381 454 2449 ii
465 2374 489 2430 3.
509 2383 622 2444 portenti
639 2379 697 2440 (sed
713 2379 761 2430 titt.
781 2382 800 2428 ti
818 2379 845 2428 ia
864 2387 970 2440 rasura)
987 2379 1023 2432 D.
1036 2379 1086 2448 115.
1106 2384 1228 2432 dissentit
1248 2383 1296 2452 (2.1
1318 2383 1344 2438 tt.
1364 2389 1414 2438 tre-

196 2451 304 2517 pidare}
321 2457 382 2519 poet
399 2456 469 2502 metu
489 2447 520 2503 F.
538 2451 551 2517 ΙΙ
570 2449 594 2502 i.
613 2451 702 2514 porro]
722 2464 785 2498 uero
804 2447 840 2499 D.
861 2445 872 2516 ΙΙ
893 2449 918 2502 8.
937 2452 1028 2519 pingui
1044 2465 1088 2516 pr.
1108 2449 1139 2503 A.
1158 2453 1170 2518 ΙΙ
1184 2455 1265 2518 iyppo
1305 2471 1327 2508 r.
1346 2455 1377 2509 A.
1390 2454 1403 2523 ΙΙ

199 2519 242 2575 10.
262 2526 381 2573 uisentes
399 2520 542 2576 DI'Torr.
561 2522 679 2571 tnsentes
697 2515 732 2569 Ε.
751 2520 862 2570 insentie
881 2523 998 2584 speciem
1018 2519 1048 2571 F.
1068 2518 1080 2587 ΙΙ
1100 2524 1214 2573 athenas
1234 2472 1377 2580 DATorr.
1390 2525 1403 2593 ΙΙ

198 2595 333 2644 autcarius
354 2591 382 2646 C.
407 2595 536 2644 unicanus
559 2586 620 2641 DII
626 2586 651 2638 F
653 2584 758 2640 riou.
775 2587 789 2654 ΙΙ
805 2591 963 2640 alchimenis
985 2588 1074 2644 ΑΘΓ.
1098 2594 1258 2644 archimenis
1281 2594 1318 2649 D.
1341 2599 1413 2648 achi·

198 2666 285 2715 menis
302 2661 338 2717 E,
350 2662 364 2731 ΙΙ
377 2662 418 2716 ll.
437 2665 544 2730 propter
561 2657 589 2711 F.
601 2656 615 2726 ΙΙ
626 2660 798 2724 percureneia
817 2658 851 2713 Ε.
867 2660 878 2727 ΙΙ
896 2657 935 2713 ti.
955 2662 1051 2713 iudicia
1069 2659 1134 2715 DF.
1153 2663 1165 2726 ΙΙ
1184 2665 1275 2732 eiiam]
1295 2669 1323 2719 et
1339 2664 1372 2720 E.
1387 2667 1399 2727 ΙΙ

199 2737 310 2786 miretur
326 2733 357 2787 Γ.
372 2736 385 2800 ΙΙ
399 2738 476 2785 stans
494 2728 522 2781 D
541 2735 566 2780 et
583 2743 652 2781 corr.
671 2728 701 2779 A.
715 2729 728 2796 ΙΙ
745 2732 921 2782 dissimiiaiae
934 2747 980 2800 pr.
999 2732 1030 2785 A.
1048 2734 1061 2803 i}
1080 2730 1121 2784 13.
1140 2740 1323 2799 repraesentat
1342 2735 1370 2788 D
1389 2745 1414 2790 ct

199 2818 268 2859 em,
290 2803 321 2859 A,
341 2803 416 2873 1114,
436 2804 618 2865 “exprobrans
643 2802 777 2862 ‘tauquam
800 2800 828 2851 in
849 2816 946 2853 rasura
969 2802 1000 2855 A.
1029 2807 1164 2870 tamquam
1187 2810 1352 2870 exprobrans
1375 2806 1412 2861 D.

198 2882 323 2998 tanguam
342 2874 529 2938 exprobratum
551 2869 626 2922 Torr.
639 2869 653 2937 Η
664 2872 701 2920 itu
720 2867 773 2921 terii
788 2871 817 2931 (i.
842 2888 864 2925 e.
888 2875 990 2940 temen)
1015 2890 1095 2939 quam
1119 2872 1177 2935 (ted
1198 2890 1300 2928 crucum
1319 2883 1413 2945 postea

198 2946 244 3000 itt·
274 2944 298 3010 ⁰)
314 2945 345 3002 A.
363 2947 401 2995 ite
418 2948 508 2994 tamen
526 2945 661 3009 tamquam
680 2940 711 2994 Γ.

200 3104 262 3141 nere
279 3086 402 3149 exempta
419 3088 481 3135 sunt
499 3086 569 3149 apud
589 3098 734 3149 pronomen
752 3088 866 3152 uterque.
905 3088 942 3138 Ci.
962 3086 1028 3138 Saii.
1047 3088 1103 3136 Cei.
1122 3082 1166 3145 ts,
1185 3085 1210 3140 2.
1230 3090 1309 3139 Caes.
1324 3092 1348 3140 b.
1362 3091 1412 3141 cin.

200 3161 242 3217 iii,
261 3152 303 3214 ³0,
322 3153 348 3207 3.
370 3156 438 3207 Veii.
456 3156 489 3211 ii.
508 3152 552 3211 ee.
570 3151 596 3206 2.
622 3156 686 3207 Tac.
704 3157 766 3206 hist.
786 3156 817 3212 it.
836 3153 879 3207 tii.
899 3158 955 3211 iiii,
975 3153 1010 3209 at
1029 3159 1078 3208 etc.

268 3229 328 3276 sxa
349 3223 436 3294 1.,οἰ
456 3226 542 3286 Quint.
562 3226 581 3280 1.
603 3221 644 3282 10.
662 3224 705 3276 dl.
735 3227 801 3277 t’tut.
821 3226 914 3277 Periel·
933 3224 977 3280 ³5.

268 3292 441 3348 solitutudine
459 3300 625 3360 caperentur)
651 3296 748 3359 Recepi
767 3297 943 3346 certissimam
962 3298 1047 3361 Lipsii
1066 3300 1253 3355 coniecturam,
1272 3300 1411 3361 probatam

203 3385 219 3419 a
242 3368 390 3423 Pertzonto,
415 3382 433 3415 u
456 3367 564 3431 reliquis
588 3366 772 3433 grammaticis
795 3367 839 3414 uix
864 3370 1110 3425 commemoratam,
1135 3382 1189 3429 qua
1213 3368 1236 3416 is
1258 3372 1413 3431 ungerentur

202 3438 286 3504 posuit
304 3452 352 3501 pro
371 3440 516 3501 agerentur.
559 3437 687 3504 Angirnur
704 3436 774 3485 enim
792 3436 982 3495 solticitudine,
1007 3452 1058 3487 non
1077 3439 1190 3505 agimur.
1219 3437 1256 3486 ci.
1283 3438 1340 3489 Vni.
1365 3438 1411 3495 1x‚

203 3506 226 3568 3,
245 3510 296 3560 init.
309 3520 401 3557 amara
418 3502 594 3557 todicttedtae
610 3520 643 3555 ue
654 3520 706 3555 aaa
724 3495 864 3570 continent
874 3504 937 3556 ultio
956 3505 1056 3557 eumue.
1093 3508 1145 3559 Cic.
1158 3508 1215 3556 Cat.
1228 3507 1288 3558 mai.
1303 3504 1344 3565 19,
1364 3500 1411 3565 dtu

204 3582 235 3630 ed
252 3582 281 3639 Q.
298 3579 328 3629 tr.
348 3578 391 3634 111.
410 3573 436 3635 ³.
458 3574 481 3626 i.
499 3576 583 3640 Lipsii
601 3577 699 3625 tactum
718 3576 859 3643 insigniter
877 3590 945 3626 nrrnc
964 3578 1101 3626 confirmet
1120 3577 1223 3627 Paridis
1243 3578 1364 3640 epitome.

267 3647 293 3701 2.
313 3649 351 3700 Gi.
370 3650 422 3699 Cic.
442 3662 501 3711 epp.
521 3648 552 3707 V,
573 3644 615 3705 12,
635 3645 660 3698 i.
680 3648 743 3699 lior.
763 3660 823 3710 epp.
843 3647 874 3705 ti,
896 3645 919 3704 1,
939 3641 999 3696 239.
1028 3648 1092 3699 Piin.
1112 3649 1137 3699 b.
1158 3662 1182 3698 n.
1204 3648 1258 3705 vti,
1277 3643 1321 3699 37.
1346 3648 1412 3698 Piui.

205 3722 235 3770 dc
251 3721 307 3772 tort.
327 3720 401 3769 Alex.
420 3718 452 3777 ll,
471 3714 497 3769 2.

269 3786 292 3842 3.
314 3790 352 3841 ct.
372 3790 437 3841 Ptin.
457 3790 482 3841 b.
502 3804 528 3840 n.
547 3788 671 3845 XXXVI.
691 3785 716 3845 5.
735 3786 760 3840 t.

269 3857 349 3911 Tenet
365 3858 473 3911 uisentis
490 3858 597 3910 Attente
618 3856 757 3919 Volcanus)
775 3860 909 3909 tldciratur
927 3860 1064 3923 irruensque
1083 3856 1204 3917 Attienus,
1223 3859 1291 3919 quod
1309 3861 1335 3907 et
1354 3859 1411 3921 ipso

208 3934 370 3997 praeferrem.
392 3932 441 3981 nisi
461 3933 531 3981 aiirrd
552 3933 695 3981 suaderent
714 3931 780 3980 iibri.
824 3936 939 3990 erorum
960 3930 1132 3993 scripturam,
1158 3944 1215 3978 cum
1236 3943 1286 3977 non
1307 3928 1412 3977 omuino

208 4006 270 4053 laisa
288 4005 330 4061 sit,
351 4004 513 4052 retinendam
533 4004 603 4052 «luxi.
642 4002 734 4063 Neque
759 4002 827 4049 enim
847 4000 987 4065 utricquum
1013 4003 1102 4049 obsint
1128 4016 1178 4064 qim
1203 4000 1288 4048 minus
1306 3996 1415 4047 uirentis

209 4076 340 4142 intellegas
359 4076 392 4121 de
411 4074 601 4136 astricientiiius
621 4074 693 4121 iilam
712 4074 838 4128 statrmni,
859 4086 918 4129 nun,
939 4074 967 4119 ut
985 4072 1090 4121 solciurt
1110 4072 1174 4127 iteri,
1194 4072 1227 4119 dc
1246 4070 1413 4133 frequentan-

209 4148 269 4195 tibus
289 4146 415 4195 Atirenas.
453 4145 491 4195 ct.
512 4145 579 4198 vlit.
600 4140 641 4198 te.
662 4140 744 4194 exit
763 4156 829 4208 epau
846 4145 871 4190 et
889 4141 997 4209 inpense
1011 4146 1035 4191 et
1047 4139 1174 4206 elepautta
1186 4137 1327 4191 eumdum.
1364 4138 1415 4187 Te·

209 4220 294 4265 nentur
312 4215 390 4283 igitur
413 4215 457 4275 qut
481 4216 612 4279 aspiciunt
633 4216 778 4263 t'uicanum
799 4212 909 4261 Athenis
935 4214 1108 4261 admiratione
1133 4212 1326 4275 pulcherrimae
1346 4209 1416 4257 iliius

211 4291 314 4336 statuae.

269 4355 307 4406 itu
330 4360 459 4421 tamquam
484 4360 591 4409 certam>
624 4357 717 4405 l'ossis
746 4355 879 4417 suspicari
907 4372 965 4404 cum
998 4354 1184 4404 abbreuiatnre
1209 4350 1417 4413 (irreiterbytano

211 4428 337 4492 archetypi
355 4428 513 4490 scripturum
533 4425 571 4476 itu
589 4422 642 4476 teni
658 4428 687 4489 (i.
706 4442 729 4476 c.
748 4427 844 4488 tomen)
863 4440 938 4492 quam
957 4430 1054 4476 certam
1074 4426 1172 4473 inserto
1188 4423 1272 4470 nitere
1292 4425 1343 4469 tom
1362 4434 1417 4468 cor-

212 4500 337 4566 rigendam
357 4511 429 4555 esse,
450 4498 478 4547 ut
497 4498 543 4547 tint
561 4496 600 4547 tto
618 4502 703 4547 tamea
721 4500 850 4562 tamquam
870 4502 975 4556 emtam,
999 4510 1068 4562 quae
1087 4494 1190 4543 litterae
1209 4492 1333 4540 facillime
1353 4504 1419 4539 sane

212 4571 322 4621 excidere
339 4572 489 4632 potuerunt.
535 4568 587 4618 Sed
612 4582 698 4633 neque
724 4568 855 4617 diffieilior
876 4582 910 4617 ca
929 4568 1079 4618 emendatio
1099 4567 1153 4622 est,
1180 4576 1259 4625 qrram
1285 4576 1343 4609 cum
1363 4575 1419 4609 cor·

212 4653 301 4691 rectore
318 4640 377 4689 iibri
396 4640 541 4689 tiernensis
559 4640 679 4703 plerique
702 4640 862 4702 acceperunt
882 4640 995 4697 librarii,
1021 4636 1153 4700 expuncta
1171 4634 1268 4683 iincoiu
1286 4631 1332 4680 iiia
1350 4626 1418 4694 (ὦ),

213 4728 257 4780 qua
271 4715 361 4771 tomen,
381 4726 433 4761 non
452 4715 505 4761 tam
524 4710 667 4779 tegendum
686 4724 750 4761 esse
769 4711 918 4769 denotatur,
938 4710 965 4761 et
978 4711 1057 4759 abest
1070 4719 1177 4771 semper
1190 4704 1259 4767 apud
1275 4701 1418 4766 particulas
1442 4744 1447 4753 .
