3409 5400
1407 541 1450 610 tt

216 693 464 782 puchritudine
487 695 531 760 ad
555 695 754 782 elegantiam
778 697 1051 785 subtilitatemque
1074 703 1110 764 in
1132 701 1272 788 singulis
1293 703 1451 788 partibus,

220 815 407 890 congerunt
430 816 461 867 et
484 803 651 868 cumulant
674 815 833 878 ornatum,
854 804 985 870 inhiant
996 806 1179 881 effectibus,
1203 819 1234 871 et
1251 809 1327 874 dnm
1351 811 1454 876 multa

215 911 347 987 uolunt,
370 932 477 996 panca
489 923 719 998 assequuntur.
767 911 874 994 Quem
897 915 1043 978 omnium
1065 916 1199 980 omnino
1223 917 1340 982 artium
1363 940 1452 981 com·

218 1039 357 1086 mtmem
392 1018 566 1082 decursum
590 1021 725 1106 egregie
760 1019 800 1082 de
825 1020 1011 1106 eloquentia
1038 1025 1297 1107 repraesentauit
1326 1022 1452 1103 Quinti·

218 1127 331 1195 lienus
343 1123 364 1204 ¹)
395 1125 481 1190 dicto
511 1125 670 1211 quodam,
702 1148 765 1212 qno
800 1128 1010 1192 acutissimus
1046 1141 1077 1192 et
1108 1129 1364 1194 candidissimus
1393 1129 1453 1194 ha·

221 1257 296 1298 rum
319 1254 429 1296 rerum
453 1233 643 1298 aestimator
666 1255 733 1296 non
755 1235 865 1322 magis
890 1245 1012 1298 certum
1035 1235 1168 1321 aliquod
1191 1235 1324 1300 dicendi
1347 1257 1452 1322 genus

221 1341 433 1427 improbasse
465 1360 564 1424 quam
595 1341 786 1426 primariam
824 1363 962 1408 cansam
999 1343 1163 1408 detexisse
1200 1342 1306 1406 uideri
1336 1353 1453 1427 potest,

223 1469 282 1514 cur
306 1457 374 1510 tam
397 1444 544 1509 celeriter
568 1469 589 1511 a
612 1468 739 1512 summo
768 1448 902 1534 fastigio
933 1449 1090 1514 facundia
1120 1471 1232 1516 eornm
1261 1460 1454 1536 temporum,

224 1575 311 1640 quae
336 1562 513 1639 argenteae
537 1555 653 1620 aetatis
678 1555 810 1618 nomine
834 1554 1111 1641 comprehendere
1136 1555 1292 1630 solemne,
1315 1555 1453 1620 descen-

223 1661 319 1726 derit.
367 1661 494 1724 ‘Sermo
518 1658 647 1736 rectus‚'
677 1661 790 1746 inquit,
820 1671 862 1724 ‘et
884 1663 1064 1728 secundum
1086 1673 1239 1727 naturam
1261 1662 1453 1726 enunciatns

222 1767 306 1838 nihil
329 1765 453 1832 habere
478 1788 517 1830 ex
539 1768 674 1853 iugenio
697 1767 843 1844 uidetur;
874 1769 929 1834 illa
952 1792 1047 1844 nero,
1079 1792 1163 1855 quae
1193 1780 1366 1853 utcumque
1398 1767 1455 1830 de·

224 1874 312 1938 flexa
343 1884 435 1945 sunt,
471 1885 637 1958 tamqnam
671 1875 884 1959 exquisitiora
919 1877 1093 1950 miramur,
1127 1898 1194 1942 non
1232 1876 1324 1940 aliter
1356 1896 1455 1961 qnam

225 1981 372 2046 distortis
397 1991 428 2042 et
452 2001 656 2065 quocumque
681 1979 778 2044 modo
803 1982 1004 2068 prodigiosis
1029 1982 1220 2076 corporibus
1244 1982 1333 2068 apud
1356 2004 1454 2069 qnos·

224 2087 303 2152 dam
328 2087 435 2150 mains
460 2097 510 2149 est
525 2087 663 2170 pretinm
681 2108 779 2173 quam
794 2089 846 2163 iis,
872 2111 956 2175 quac
972 2089 1054 2154 nihil
1070 2113 1109 2154 ex
1125 2089 1309 2154 communis
1323 2088 1455 2154 habitus

222 2195 322 2260 bonis
361 2192 582 2279 perdiderunt.
641 2192 748 2280 Atque
786 2196 884 2260 etiam
924 2197 979 2280 qui
1010 2198 1120 2281 specie
1152 2198 1324 2282 capiuntur
1350 2194 1455 2260 uulsis

223 2299 407 2386 leuatisqne
432 2312 464 2363 et
486 2301 615 2364 inustas
639 2321 753 2366 comas
779 2323 840 2364 acu
865 2303 1068 2366 comentibus
1098 2313 1130 2365 et
1159 2324 1226 2366 nou
1257 2324 1318 2366 sno
1347 2301 1456 2366 colore

225 2407 339 2472 nitidis
363 2407 437 2493 plus
462 2429 537 2472 esse
561 2408 686 2472 formae
718 2418 831 2492 putant
854 2430 952 2494 quam
980 2410 1087 2494 possit
1108 2409 1248 2471 tribuere
1270 2409 1459 2491 incorrupta

225 2512 365 2578 natura?
412 2511 506 2594 Quae
529 2512 631 2578 uerba
653 2534 723 2578 rem
749 2535 810 2576 acu
834 2525 981 2601 tangunt.
1027 2514 1113 2578 Nam
1134 2513 1230 2578 simul
1254 2524 1351 2599 atque
1373 2512 1457 2578 baec

223 2622 416 2705 incorrupta
431 2631 558 2694 natura,
583 2620 789 2705 antiquorum
813 2620 972 2688 naturalis
989 2620 1193 2707 simplicitas,
1217 2622 1329 2706 sperni
1351 2618 1459 2706 coepit

226 2742 397 2813 tamqnam
420 2728 527 2791 minus
551 2726 673 2790 idonea
704 2725 747 2791 ad
770 2726 1061 2793 demonstrandum
1083 2729 1263 2815 ingenium,
1286 2728 1458 2793 transitum

227 2844 280 2897 est
309 2832 353 2897 ad
390 2833 573 2919 quaesitum
609 2830 687 2896 illud
725 2842 755 2895 et
786 2834 998 2899 artificiosum
1030 2846 1060 2899 et
1089 2834 1264 2922 praedulce
1294 2831 1460 2899 scribendi

227 2962 347 3027 genus,
377 2939 463 3025 qnod
486 2938 687 3024 peculiarem
709 2937 785 3001 huic
810 2943 909 3006 aetati
933 2942 1139 3028 eloquentiae
1162 2941 1306 3007 indolem
1329 2963 1369 3005 ac
1391 2940 1458 3003 for·

225 3068 318 3111 mam
343 3046 451 3111 efficit.
504 3044 584 3111 Inde
615 3045 668 3111 uel
691 3046 779 3132 apud
801 3050 1057 3134 praestantiores
1082 3050 1153 3112 eius
1185 3049 1260 3114 aeni
1282 3047 1458 3132 scriptores

226 3154 396 3239 perpetuis
422 3150 565 3215 flosculis
591 3162 623 3214 et
646 3154 784 3238 argutiis
808 3153 963 3240 perplexa
985 3157 1100 3230 oratio,
1123 3155 1199 3218 inde
1223 3153 1312 3240 apud
1333 3152 1459 3217 medio·

227 3259 295 3323 cris
325 3258 450 3345 ingenii
472 3257 624 3325 homiues
656 3270 701 3322 tot
731 3260 920 3346 impropria,
952 3246 1104 3335 obscura,
1125 3261 1279 3332 humilia,
1311 3258 1456 3334 sordida,

227 3365 374 3438 lasciua,
413 3365 620 3441 effeminata;
656 3367 787 3433 totidem
830 3370 917 3433 enim
946 3367 1055 3446 uerbis
1087 3366 1308 3447 Quintilianus
1338 3386 1460 3431 nonam

227 3468 317 3534 hanc
343 3471 508 3535 scribendi
532 3471 726 3559 dicendique
750 3473 1020 3539 consuetudinem
1035 3474 1244 3559 significauit.
1290 3469 1461 3535 Valerium

230 3578 288 3663 qui
312 3576 424 3663 aliqua
440 3580 627 3665 cognitione
645 3580 786 3666 attigerit
810 3592 840 3643 et
863 3602 962 3644 unum
988 3578 1223 3645 einsuolumen
1239 3575 1344 3641 ueloci
1366 3574 1461 3641 oculo

229 3686 467 3769 percucurrerit
496 3686 529 3751 in
559 3684 660 3749 altero
691 3684 754 3751 hoc
786 3706 920 3753 numero
951 3707 1026 3749 esse
1057 3683 1154 3749 facile
1184 3682 1389 3759 intellexerit,
1429 3693 1463 3748 nt

230 3809 475 3875 superuacuum
497 3790 602 3857 uideri
625 3793 732 3877 possit
745 3793 893 3879 pluribus
908 3791 1095 3857 confirmari
1110 3802 1141 3853 et
1156 3788 1362 3877 comprobari
1378 3813 1465 3877 qnae

230 3899 298 3961 sint
326 3896 362 3960 in
394 3908 518 3982 aperto.
569 3896 681 3985 Itaque
713 3900 747 3963 in
774 3898 839 3963 hac
871 3896 1001 3983 quidem
1033 3897 1252 3982 disputatione
1282 3899 1460 3984 imaginem

231 4006 331 4092 quasi
346 4002 546 4069 Valerianae
560 4002 711 4069 dictionis
730 4007 844 4091 paneis
857 4005 953 4070 lineis
966 4005 1198 4080 adumbratum,
1211 4042 1255 4051 -
1268 4026 1343 4069 cnm
1356 4026 1462 4090 neque

232 4110 347 4175 omnia
369 4110 404 4175 iu
428 4110 545 4197 quibus
576 4132 597 4175 a
619 4110 748 4198 uulgari
779 4134 933 4177 sermone
964 4112 1155 4177 discesserit
1184 4111 1463 4195 comprehendere

226 4238 296 4309 ‚nec
319 4218 482 4283 rationem
505 4228 560 4283 aut
584 4240 721 4283 causam
745 4240 907 4304 exponere
930 4220 1149 4305 potuerimus,
1177 4239 1240 4303 qno
1264 4217 1363 4282 modo
1392 4229 1464 4283 orta

225 4326 277 4405 ¹sit
297 4334 329 4386 et
342 4345 398 4389 cur
410 4323 535 4393 licuerit
547 4336 602 4391 aut
614 4346 681 4391 non
695 4324 821 4389 licuerit
836 4346 904 4405 nna
919 4346 1067 4411 quaeque
1091 4323 1276 4398 declinatio,
1288 4360 1334 4371 -
1347 4322 1463 4410 paneis

223 4442 362 4510 ,tantum
393 4430 549 4516 exemplis
580 4452 704 4518 genera
735 4430 902 4517 quaedam
929 4430 1179 4505 illustrabimns,
1216 4429 1333 4516 quibus
1367 4426 1464 4493 facile

225 4536 318 4618 ralia,
343 4556 426 4623 quae
450 4534 514 4603 hnc
544 4540 721 4624 pertinent,
745 4538 957 4605 subiciuntur.
1002 4536 1044 4603 Et
1058 4538 1198 4624 primum
1222 4535 1364 4624 quidem,
1387 4534 1465 4620 quia

227 4698 239 4843 i
294 4766 330 4845 .¹)
343 4770 414 4849 ,het
432 4770 549 4865 ogacgn,
566 4764 594 4837 b
613 4765 658 4843 liv
