3409 5400
573 497 656 579 ΗΒ.
679 497 721 575 Π,
744 500 781 566 G.
805 500 837 576 3,
860 506 891 577 ς.
917 502 1023 569 1·--3.
1074 508 1078 513 ’
1342 504 1405 577 189

180 677 321 723 censum
348 659 581 744 imperatorem
608 660 788 747 conpellari
816 684 930 748 posse.
974 660 1088 749 ltaque
1116 664 1325 731 fastidiosum
1348 666 1405 731 de·

178 764 287 829 lechis
309 786 417 852 genus
439 766 475 829 i'n
498 767 690 831 exercitibus
713 766 875 833 Romanis
898 768 1149 835 oblitterandum
1172 770 1271 846 duxit,
1294 794 1335 837 ue
1356 783 1404 838 ta·

178 871 223 937 lis
256 882 354 936 notae
382 874 536 959 contagio
560 872 602 937 ad
625 873 890 961 ipsius-quoque
915 875 1037 962 gloriae
1061 874 1323 963 subgillationem
1347 900 1404 965 pe·

176 989 344 1045 netraret·
480 1060 484 1068 ι
991 1018 994 1027 .

154 1098 169 1142 ⁵
272 1084 450 1151 Armorum
473 1087 715 1153 tractandorum
738 1088 906 1153 meditatio
930 1112 952 1157 a
973 1089 1013 1155 P.
1028 1090 1148 1155 Rutilio
1174 1088 1317 1165 consule,
1342 1087 1444 1155 cna

178 1192 275 1257 Malli
298 1191 440 1279 collega,
462 1194 619 1259 militibus
632 1205 682 1259 est
706 1194 833 1259 tradita.
874 1193 906 1259 Is
931 1198 1016 1263 enim
1041 1197 1161 1264 nullius
1184 1208 1259 1261 ante
1282 1219 1319 1261 se
1342 1197 1403 1261 im-

177 1302 344 1384 peratoris
368 1300 552 1389 exemplum
574 1304 706 1365 secutus
730 1306 769 1364 e'x
791 1299 868 1365 ludo
887 1300 923 1364 Ο.
940 1302 1052 1367 Aureli
1073 1304 1190 1369 Scauri
1213 1302 1403 1369 doctoribus

179 1405 403 1493 gladiatorum
434 1408 603 1471 arcessitis
632 1406 755 1472 uitandi
784 1417 881 1493 atque
911 1408 1071 1474 inferendi
1094 1412 1185 1491 ictus,
1202 1410 1403 1477 subtiliorem

178 1514 341 1577 rationem
367 1512 497 1599 legibus
524 1513 750 1599 ingenerauit,
778 1515 996 1600 uirtutemque
1025 1516 1087 1579 arti
1110 1526 1141 1578 et
1162 1537 1276 1581 rursus
1300 1528 1403 1583 artem

142 1620 292 1683 teuirtuti
319 1619 460 1695 miscuit,
487 1630 523 1683 ut
548 1618 606 1684 ille
634 1621 759 1705 impetu
779 1618 878 1686 huius
902 1621 1026 1697 fortior,
1048 1619 1131 1685 baec
1155 1616 1240 1687 illius
1264 1623 1403 1687 scientia

179 1729 308 1791 cautior
330 1727 431 1789 tieret.
1058 1792 1062 1799 ,

270 1829 415 1897 Velitum
435 1854 523 1897 usus
553 1853 593 1895 eo
623 1831 708 1899 bello
737 1833 876 1917 primum
907 1844 1053 1918 repertus
1078 1844 1138 1909 est,
1161 1855 1226 1919 quo
1252 1835 1400 1921 Capuam
1411 1828 1441 1897 3.

177 1938 317 2003 Fuluius
338 1938 477 2004 Flaccus
499 1941 666 2025 inperator
694 1938 833 2004 obsedit.
875 1938 962 2005 Nam
985 1964 1059 2005 omn
1084 1942 1238 2027 equitatui
1260 1940 1400 2027 Campa·

179 2067 299 2119 uorum
329 2046 452 2111 crebris
481 2044 730 2110 excursionibus
762 2047 886 2132 equites
917 2049 1037 2121 nostri,
1063 2048 1140 2133 quia
1162 2067 1297 2113 numero
1320 2060 1401 2133 pau·

141 2152 288 2216 actores
312 2163 415 2227 erant
437 2153 592 2217 resistere
614 2171 682 2215 non
704 2153 851 2236 possent,
887 2152 927 2241 Q.
950 2152 1084 2219 Nauius
1101 2154 1245 2217 centurio
1269 2174 1287 2215 e
1310 2154 1401 2238 pedi·

179 2258 269 2323 tibus
300 2258 404 2323 lectos
434 2259 574 2345 expediti
602 2260 751 2344 corporis
774 2258 934 2329 breuibus
958 2269 990 2321 et
1012 2259 1155 2323 incuruis
1180 2260 1324 2355 septenis
1349 2282 1402 2324 ar·

180 2454 204 2507 i.
222 2456 339 2505 dilectus
357 2449 458 2519 8412
476 2454 524 2505 tali
541 2451 579 2507 D.
596 2452 610 2520 ΙΙ
627 2449 654 2504 5.
671 2454 814 2504 medicatio
832 2450 869 2507 D.
887 2452 901 2521 ΙΙ
918 2451 976 2518 Gn]
996 2468 1010 2503 c
1029 2466 1098 2503 corr.
1117 2446 1220 2520 Dlld.
1240 2452 1313 2501 maiii
1330 2449 1359 2502 D
1377 2456 1403 2505 et

173 2540 220 2595 pr.
242 2524 273 2578 0.
290 2539 357 2590 may
375 2536 445 2577 corr.
465 2523 494 2577 G.
513 2526 701 2609 maaiioucorr.
718 2523 751 2578 A.
771 2523 835 2605 Par.
845 2521 897 2646 pli.
913 2519 1178 2647 dmidudbllliibilir'
1190 2520 1204 2589 ΙΙ
1214 2519 1251 2645 Z
1262 2525 1401 2645 rpp‘pleozpp'tss

177 2591 1216 2735 illlii‘libi'ilabilffldfiliimciii}'bocaroriri
1237 2658 1277 2720 ιν.
1287 2665 1402 2724 naeuius

176 2737 303 2792 dicim
311 2737 389 2791 i'orr.
403 2734 416 2808 11
432 2733 474 2790 ib.
491 2741 622 2803 amenas
637 2736 667 2788 D
686 2743 713 2789 ei
723 2753 770 2805 pr.
787 2736 819 2790 Α.

250 2877 277 2932 2
297 2879 326 2933 0.
339 2878 442 2941 Aureli)
459 2882 500 2931 lta
517 2895 611 2934 omnes
630 2881 705 2930 codd.
724 2881 752 2930 et
768 2881 830 2938 edd.
846 2882 909 2931 aute
922 2881 1053 2949 Pighium.
1073 2882 1143 2945 apud
1162 2895 1241 2944 quem
1260 2894 1401 2946 operarum

177 2967 272 3003 errore
287 2953 432 3016 irrepsisse
450 2953 554 3002 uidetur
574 2949 620 3003 ca
638 2947 769 3007 Aurelia,
788 2965 848 3001 cum
867 2952 894 3000 iu
912 2953 1001 3004 annal.
1013 2953 1049 3001 ad
1067 2967 1092 3004 a.
1104 2946 1157 3002 dtu
1175 2953 1202 3002 et
1219 2951 1278 3015 ipse
1290 2951 1400 3020 Pighius

177 3039 214 3074 ex
233 3023 285 3072 hoc
300 3022 502 3072 ioco-citauerit
517 3024 612 3074 Gaium
628 3021 771 3078 heredum.
790 3022 925 3072 hominem
942 3023 1057 3081 aliunde.
1076 3025 1146 3091 quod
1166 3024 1288 3086 equidem
1306 3023 1399 3081 sciam.

176 3109 235 3144 non
252 3095 351 3144 uotum.
386 3095 487 3143 Mansit
503 3096 594 3143 umen
607 3093 690 3144 Gnaei
702 3107 865 3155 praenomen
876 3093 903 3142 in
916 3095 1037 3143 omnibus
1050 3096 1113 3157 post
1124 3095 1248 3161 Pighium
1261 3093 1400 3158 exemplis.

252 3157 279 3214 ³.
298 3164 337 3215 Gi.
352 3164 412 3216 Liu.
429 3164 527 3222 XXVI.
546 3159 580 3213 i..
600 3164 690 3216 Frout.
708 3164 783 3214 ebat.
801 3163 859 3222 1111,
880 3159 904 3223 l,
923 3159 966 3216 29.

252 3233 459 3295 uanioribus)
474 3236 548 3285 Libri
556 3248 623 3285 mss.
635 3236 664 3284 et
675 3234 734 3285 edd.
747 3248 842 3285 omnes
854 3232 1087 3292 macedonibus.
1107 3237 1177 3298 qood
1185 3249 1261 3303 nego
1274 3249 1401 3298 umquam

174 3307 276 3356 Latiae
294 3307 392 3355 dictam
409 3319 481 3357 esse.
526 3305 568 3355 Ab
592 3307 767 3368 antiquiorum
791 3308 940 3370 temporum
958 3308 1132 3371 scriptoribus
1150 3309 1221 3356 corte
1239 3321 1293 3356 uon
1310 3305 1400 3372 magis

177 3378 330 3426 adhibitum
346 3380 389 3426 est
404 3392 485 3439 quam
494 3378 654 3428 excursandi
668 3378 785 3434 uerbum,
803 3393 821 3426 a
834 3392 887 3438 quo
903 3377 1133 3428 deriuaudaessei
1143 3377 1302 3428 excursetio.
1330 3375 1400 3424 ilem

176 3449 250 3512 apud
268 3447 375 3496 Liuium
392 3463 497 3511 quoque
513 3447 651 3506 XXXVII,
682 3442 723 3505 ib.
751 3441 778 3504 4,
805 3448 851 3495 ubi
868 3448 988 3511 plerique
1006 3447 1082 3500 codd.
1099 3444 1280 3496 susurratione
1298 3446 1400 3496 habere

176 3519 307 3575 dieantur,
327 3518 453 3582 optimum
471 3519 588 3569 omnium
599 3519 801 3584 bambergense
818 3517 957 3580 exemplar
974 3513 1127 3568 marrim
1143 3517 1263 3579 praebet.
1285 3529 1400 3578 quocum

176 3578 274 3640 earam
292 3590 379 3640 ama
396 3590 486 3639 muita
497 3589 558 3640 aaa
577 3590 643 3640 aas
661 3589 800 3639 ababa.
828 3588 868 3640 cr.
880 3587 1016 3644 xxxvii.
1038 3583 1078 3644 it.
1091 3580 1116 3638 a
1135 3585 1198 3638 rma
1213 3581 1253 3643 ta.
1266 3579 1291 3638 e.
1310 3585 1398 3644 xxx.

175 3659 203 3719 8,
222 3657 249 3713 i.
265 3661 330 3712 ibid.
350 3657 392 3720 ll.
411 3654 436 3713 b.
455 3660 567 3715 xxxii.
590 3656 630 3725 io,
648 3656 673 3712 ll.
702 3658 847 3709 Couflrmet
860 3659 1071 3708 emendationem
1084 3655 1353 3708 contremuimus
1372 3658 1399 3709 h.

175 3745 284 3794 quoque
301 3732 320 3782 1.
339 3731 471 3781 exhibeas
488 3727 692 3782 erearmonidu.
1189 3775 1193 3782 .
1419 3787 1428 3796 ¹

248 3799 282 3859 Q.
301 3797 415 3863 Nasica)
440 3802 482 3852 lta
498 3803 544 3852 iile
562 3803 687 3857 centurio*
698 3815 751 3856 noa
769 3800 858 3850 solum
881 3800 909 3850 in
927 3800 1017 3850 codice
1036 3801 1113 3851 Bere.
1139 3799 1289 3864 appellatur
1303 3815 1399 3854 ¹uiuum

176 3873 259 3922 etiam
280 3872 308 3921 in
331 3873 408 3925 codd.
433 3872 552 3922 Liuianis
587 3874 614 3922 et
633 3873 661 3922 in
682 3872 821 3921 Parideasi
843 3871 1007 3934 compendio.
1052 3869 1087 3920 At
1107 3871 1188 3934 paulo
1208 3873 1272 3934 post
1292 3873 1320 3922 et
1339 3872 1399 3936 ipse

174 3943 244 3994 iiber
261 3943 419 3994 Danieliuus
437 3941 541 3994 uetari
558 3941 615 3993 eius
630 3941 726 3994 nesio
744 3943 866 4000 exhibet,
886 3943 1018 3992 amana
1036 3941 1165 3992 Romanis
1189 3956 1301 4001 nomen.
1327 3943 1398 4006 quod

175 4028 291 4064 msam
316 4013 477 4076 praebuisse
503 4014 607 4066 uidetur
635 4028 682 4064 cur
708 4015 869 4074 reliquorum
892 4015 966 4064 codd.
985 4013 1086 4064 librarii
1109 4013 1197 4077 priore
1215 4028 1321 4076 quoque
1339 4015 1399 4070 ioco

175 4086 372 4152 diphthongum
382 4086 558 4142 restimereui.
577 4099 667 4148 quam.
686 4085 817 4159 siquidem
824 4083 895 4136 tides
907 4085 1033 4136 habende
1044 4086 1087 4134 est
1099 4084 1238 4148 exemplis.
1257 4085 1398 4136 Frontinus

174 4170 283 4218 quoque
300 4155 398 4218 poemt
434 4155 530 4218 Vtique
547 4157 617 4219 quod
629 4170 681 4208 nos
693 4157 824 4206 edidimus
836 4156 975 4211 meliorum
988 4156 1180 4218 certioremque
1191 4157 1299 4208 testium
1310 4157 1399 4206 aititur

173 4227 341 4277 audentate.

246 4292 372 4346 breuibus
390 4300 416 4347 et
432 4295 560 4358 incursis)
577 4297 687 4361 Lipsius
704 4298 864 4350 mendosum
881 4298 994 4362 putabat
1011 4313 1036 4351 u.
1058 4295 1191 4356 incursie,
1216 4297 1341 4360 quoniam
1359 4297 1397 4350 io-

174 4368 267 4419 curuie
284 4367 373 4417 hastis
391 4367 481 4418 nullus
498 4381 580 4426 usus.
609 4383 721 4430 cumque
744 4383 794 4433 pro
816 4383 851 4419 eo
874 4369 902 4420 iu
926 4371 1017 4420 uetere
1041 4369 1098 4420 eod.
1117 4368 1247 4418 mueniret
1265 4363 1395 4419 namu.

173 4440 289 4490 mntem
306 4439 476 4490 sen'beudum
492 4453 557 4490 esse
575 4436 695 4505 infimis,
715 4443 744 4489 ut
762 4440 958 4507 significaretur
970 4440 1068 4490 hastile
1085 4441 1172 4495 tenue.
1191 4432 1226 4506 τῷ
1242 4434 1295 4507 μέν
1311 4433 1397 4506 πάχει,

172 4513 203 4558 ut
225 4511 264 4558 eii
287 4509 382 4574 Polyb.
401 4511 445 4568 Vl,
474 4507 521 4567 22.
550 4509 723 4561 danucia.
769 4512 810 4562 Ne
828 4525 881 4579 ego
903 4512 1010 4572 quidem
1028 4510 1117 4559 dubito
1136 4509 1199 4570 quin
1216 4521 1270 4556 aon
1287 4508 1398 4556 iucurua

172 4581 223 4630 sed
242 4580 396 4632 rectissima
412 4581 511 4632 fuerim
526 4581 645 4632 hastilia.
669 4579 834 4646 Scriptorum
849 4596 917 4635 uero
936 4581 1055 4632 codicum
1064 4593 1193 4632 meorum.
1214 4592 1272 4626 cum
1283 4578 1397 4628 eaodem

171 4650 313 4701 tradiderit
330 4651 417 4708 Paris.
435 4652 517 4702 nihilo
536 4653 624 4702 minus
638 4654 772 4702 sinceram
785 4656 850 4716 puto
864 4653 1073 4716 interpretorque
1092 4649 1213 4707 deterre
1232 4648 1304 4709 quod
1321 4649 1399 4710 uncis

172 4723 200 4773 et
217 4722 309 4774 bamb
324 4721 355 4774 iu
372 4735 437 4774 eeae
454 4724 561 4775 retortis
568 4724 734 4782 mahadam.
752 4724 889 4776 iactuuum
901 4723 1017 4786 quodam
1034 4721 1116 4774 medo
1130 4719 1182 4770 dici
1198 4719 1319 4783 potrdsse
1336 4720 1398 4784 ipse
