3409 5400
303 509 368 577 tua
762 503 822 571 Dll
844 501 1062 573 PERFIDIA.

257 667 291 736 4.
387 663 585 732 Insolentiae
608 687 688 730 uero
709 667 794 731 inter
815 663 1127 752 Karthaginiensem
1151 673 1183 726 et
1198 661 1402 748 Campanum
1427 680 1538 724 sena·

224 792 228 796 “
299 783 368 838 mm
394 775 490 860 quasi
517 773 694 838 aemulatio
720 773 792 837 fuit.
841 770 899 838 Ille
929 773 1015 837 eninr
1047 779 1200 857 separato
1231 791 1252 834 a
1274 765 1368 854 plebe
1391 765 1537 831 balineo

299 877 488 955 leuabatur.
518 879 571 944 hic
600 879 732 944 diuerso
763 879 837 942 foro
865 877 1024 945 utebatur.
1091 875 1198 957 Quem
1228 897 1353 941 morem
1387 875 1536 958 Capuae

300 983 491 1072 aliquandiu
520 995 676 1050 retentum
708 985 782 1050 Gaii
812 1004 943 1072 quoque
967 981 1107 1048 Gracchi
1131 984 1278 1048 oratione
1300 984 1334 1046 in
1357 980 1536 1047 Plautium

300 1092 422 1177 scripta
444 1103 542 1176 patet.
1545 1108 1560 1149 s

756 1739 816 1807 DE
839 1737 1056 1808 PERFIDIA.

230 1940 288 2012 vl.
388 1937 559 2006 Occultum
581 1938 649 2000 iam
672 1946 704 2000 et
731 1936 930 2003 insidiosum
957 1937 1096 2011 malum,
1124 1936 1263 2022 pertidia
1289 1934 1423 2002 latebris
1449 1938 1527 2000 suis

298 2045 492 2112 extrahatur.
540 2041 640 2106 Cuius
665 2042 914 2109 efficacissimae
942 2045 1030 2110 uires
1060 2053 1137 2110 sunt
1166 2043 1294 2108 mentiri
1324 2065 1362 2108 ac
1392 2041 1525 2107 fallere.

297 2151 422 2218 fruetus
451 2153 486 2215 in
515 2149 624 2236 aliquo
654 2148 802 2216 admisso
831 2150 956 2216 scelere
985 2151 1149 2225 consistit,
1185 2160 1253 2216 tum
1282 2159 1407 2226 certus,
1443 2171 1522 2214 cum

298 2259 520 2326 credulitatem
537 2256 671 2322 nefariis
687 2255 829 2321 uinculis
852 2258 1076 2333 circumdedit,
1100 2268 1221 2325 tantum
1246 2255 1434 2322 inconmodi
1457 2256 1558 2324 hu·rt

297 2386 395 2432 mano
431 2362 545 2453 'generi
579 2361 749 2438 adferens,
785 2375 941 2450 quantum
973 2365 1090 2436 salutis,
1122 2366 1210 2432 bona
1245 2365 1327 2430 fides
1361 2375 1521 2450 praestat.

295 2473 425 2538 Habeat
445 2471 546 2558 igitur
568 2468 767 2536 non'minus
797 2469 1065 2556 reprehensionis
1094 2494 1192 2560 quam
1220 2471 1276 2537 illa
1303 2469 1411 2536 laudis
1440 2493 1519 2535 eon·

295 2580 450 2666 sequitur.

254 2691 285 2756 1.
384 2681 526 2751 Romulo
549 2692 708 2772 regnante
731 2682 791 2769 Sp.
808 2681 968 2769 Tarpeius
993 2685 1061 2750 arci
1084 2695 1243 2772 praeerat.
1291 2683 1393 2750 Cuius
1417 2683 1516 2749 liliam

294 2794 468 2881 uirginem,
492 2812 613 2876 aquam
636 2790 742 2854 saeris
766 2789 900 2875 petitum
924 2800 1015 2855 extra
1037 2793 1169 2857 moenia
1192 2774 1379 2880 egressam.
1404 2790 1548 2855 Tatiusu

293 2906 328 2960 ut
351 2905 496 2961 armatos
520 2894 664 2961 Sabinos
687 2896 722 2960 in
746 2916 857 2961 arcem
872 2916 984 2963 secum
1000 2898 1158 2983 reciperet
1179 2898 1329 2984 corrupit,
1353 2896 1513 2962 mercedis

294 3002 425 3065 nomine
448 3012 578 3087 pactam
595 3002 727 3087 quaein
743 3002 887 3067 sinistris
903 3004 1054 3068 manibus
1072 3002 1239 3091 gerebant.
1285 3003 1389 3067 Erant
1407 3015 1511 3067 autern

179 3128 185 3147 ¹
294 3105 346 3170 his
381 3106 527 3194 armillae
557 3118 588 3170 et
618 3108 707 3174 anuli
734 3130 860 3197 magno
889 3132 928 3173 ex
956 3107 1101 3195 pondere
1130 3109 1209 3175 auri.
1262 3107 1350 3174 Luco
1379 3110 1511 3195 potitum

294 3231 416 3299 agmen
431 3214 630 3278 Sabinorum
654 3215 797 3299 puellam
817 3217 1000 3301 praemium
1017 3214 1219 3301 flagitantem
1243 3215 1343 3279 armis
1367 3214 1511 3281 obrutam

293 3318 434 3394 neoauit.
455 3319 590 3404 perinde
615 3321 711 3407 quasi
726 3321 937 3408 promissum,
961 3320 1049 3408 quod
1065 3343 1107 3386 ea
1128 3342 1258 3407 quoque
1274 3317 1379 3386 laeuis
1404 3332 1543 3408 gesta-a

292 3435 418 3499 nerant,
441 3424 598 3492 soluiaact.
645 3425 742 3491 Absit
766 3425 997 3513 reprehensio,
1028 3428 1104 3513 quia
1130 3427 1221 3511 inpia
1248 3426 1387 3512 proditio
1416 3429 1511 3493 celeri

292 3550 402 3616 poena
423 3528 587 3596 mndicata
609 3541 669 3595 est.

249 3640 281 3709 2,
381 3636 518 3702 Seruius
542 3658 672 3723 quoque
689 3636 795 3703 Galba
817 3659 967 3704 summae
991 3640 1157 3725 perfidiae.
1204 3639 1313 3704 Trium
1338 3641 1424 3705 enim
1448 3640 1510 3705 Lu·

293 3792 318 3848 l.
337 3794 362 3859 ς.
381 3790 400 3844 l
418 3808 467 3848 aa.
486 3793 544 3865 1211
559 3797 791 3865 Kartaginiensem
808 3795 840 3850 A
855 3794 907 3861 112.
926 3800 1015 3851 beliue
1028 3795 1056 3850 0.
1074 3801 1171 3849 balneo
1185 3796 1329 3851 DETerr.
1341 3795 1393 3865 113.
1411 3816 1508 3852 morem

291 3879 341 3916 aa.
358 3860 392 3917 E.
403 3863 454 3932 114.
473 3867 615 3930 planetium
633 3866 669 3919 D.
687 3868 817 3932 plautium
834 3867 869 3923 Ε.
883 3868 895 3939 ΙΙ
908 3865 934 3922 u.
945 3871 1040 3921 fluctus
1054 3883 1100 3937 pr.
1112 3867 1144 3922 A
1156 3870 1170 3937 ΙΙ
1182 3871 1302 3920 admisso
1317 3894 1329 3920 ι
1347 3868 1379 3921 A.
1400 3872 1508 3923 dimisse

293 3932 322 3990 0.
340 3933 355 4001 ΙΙ
371 3934 443 4001 cum}
465 3939 523 3986 tum
539 3933 573 3987 Β.
588 3936 603 4005 ΙΙ
622 3934 663 3989 ld.
686 3940 870 3991 crudelitatem
895 3937 1015 3994 GDEI'
1035 3946 1061 3992 et
1079 3955 1124 4009 pr.
1142 3938 1174 3993 A.
1192 3940 1206 4008 ΙΙ
1224 3938 1264 3993 12.
1283 3941 1366 3991 habet
1383 3938 1416 3994 Ε.
1436 3940 1450 4009 ΙΙ
1471 3941 1507 3994 ll.

290 4007 398 4068 pactam
418 4006 498 4074 quae]
518 4010 624 4073 pactaq.
641 4022 684 4075 pr.
702 4006 735 4063 A.
753 4016 835 4075 pacta
853 4026 922 4077 quae
942 4008 1002 4064 ΟΓ.
1024 4016 1132 4076 pactam
1150 4024 1274 4078 utraeque
1291 4008 1326 4062 Ε.
1337 4009 1352 4076 ΙΙ
1367 4009 1407 4063 ld.
1426 4012 1506 4078 anuli}

291 4076 350 4125 aurl
368 4072 398 4127 G.
419 4071 480 4141 120.
499 4078 610 4141 proinde
626 4076 664 4131 D.
682 4082 822 4147 perindeqz
842 4078 900 4149 1³.ss
915 4082 982 4131 leuis
1000 4080 1032 4133 A.
1044 4080 1058 4149 ΙΙ
1069 4080 1112 4135 dl.
1131 4084 1212 4133 soluit
1229 4078 1381 4134 ACDBI'.
1401 4084 1508 4134 soluerit

289 4142 397 4269 {hm
431 4184 451 4268 Γ.
469 4144 647 4215 SernAll
658 4150 755 4217 Galba]
775 4149 880 4203 litterae
892 4155 928 4202 ba
939 4150 968 4202 ia
984 4152 1125 4206 rmraA
1144 4151 1298 4223 gatuassss
1312 4155 1426 4205 tribuum
1441 4168 1507 4206 corr.

313 4254 322 4271 .
394 4232 430 4271 ,¹
467 4219 588 4271 tribunus
606 4222 676 4271 enlm
694 4234 785 4287 ωηο
803 4220 835 4275 A.

288 4430 311 4483 Δ
361 4360 405 4419 Vl,
425 4357 449 4413 l.
473 4362 511 4413 ct
530 4361 589 4412 Llu.
607 4362 633 4423 1,
659 4358 700 4414 ll.
723 4362 800 4415 Dion.
818 4362 878 4414 Hal.
898 4364 935 4425 ll,
959 4360 1003 4419 38.
1026 4367 1095 4418 Plut.
1113 4366 1188 4418 Rom.
1216 4364 1257 4419 l'l.
1280 4366 1357 4421 Seru.
1376 4370 1411 4418 ad
1430 4368 1505 4437 Verg.

312 4426 710 4561 Μυονὶιιῐὲκῗῖὲουὶαυοίὶυυω
729 4504 880 4558 sententiae
898 4521 968 4559 nexu
987 4508 1102 4577 flagitari
1122 4510 1259 4574 perspexit
1277 4510 1446 4565 Perizonius.
1464 4512 1505 4573 qut

289 4574 379 4623 huten
396 4574 484 4623 minua
502 4577 575 4625 reete
592 4575 740 4639 perlectum
757 4577 865 4641 tempus
886 4579 990 4643 posuit.
1015 4594 1074 4629 cum
1098 4583 1207 4645 propter
1230 4582 1420 4645 praecedentia
1437 4583 1505 4646 plus·

288 4643 516 4705 cumperteetum
535 4658 599 4697 esse
617 4646 722 4699 debeat
759 4649 836 4710 Quod
854 4650 976 4715 equidem
995 4652 1094 4715 recept.

359 4708 386 4761 2.
405 4712 444 4765 ci.
462 4712 537 4764 suet.
555 4715 632 4766 finib.
650 4713 677 4770 3.
694 4716 763 4783 App.
782 4718 860 4784 nup.
877 4714 921 4779 tt,
940 4714 984 4775 dl).
1006 4722 1085 4772 Ores.
1102 4722 1160 4783 1111.
1178 4717 1223 4775 21.
