3409 5400
374 489 417 555 28

372 648 534 738 perhibuit
557 650 699 740 aliquem
723 648 856 716 alterius
880 647 1063 736 exemplum
1086 661 1234 718 secutum
1256 660 1312 717 eut
1340 649 1527 715 imitamine

373 769 479 826 aetate
502 759 601 848 longe
625 760 772 835 inferius,
796 757 886 846 quod
909 759 985 823 fecit
1006 756 1070 834 Vl,
1102 761 1140 835 t,
1173 761 1210 835 13
1241 761 1361 825 iustam
1393 760 1472 827 enim
1500 759 1527 823 ill

372 879 500 956 patrum
531 869 789 954 conscriptorum
821 865 1144 932 animaduersionem
1173 869 1209 932 in
1237 866 1276 932 1..
1299 865 1471 931 Minucium
1499 880 1527 929 et

372 975 530 1042 Manlium
547 987 679 1064 propter
690 975 847 1040 uiolatum
860 975 911 1038 ius
932 973 1119 1062 legationis,
1143 998 1242 1063 quam
1254 976 1365 1061 Scipio
1390 973 1482 1039 simili
1503 977 1527 1039 ie

371 1087 515 1150 imitatus
540 1105 614 1149 csse
633 1084 758 1159 dicitur,
783 1083 929 1149 sedecim
946 1083 1042 1148 annis
1062 1085 1137 1169 ipsa
1158 1080 1242 1148 haec
1258 1082 1422 1169 Scipionis
1445 1103 1525 1170 aequ

371 1203 609 1281 praecesserat,
633 1203 664 1256 et
687 1189 744 1267 VI,
774 1193 804 1266 3,
835 1192 875 1265 t,
903 1191 959 1254 ubi
982 1189 1036 1254 Μ’.
1061 1191 1178 1255 Curius
1209 1191 1393 1256 seueritatis
1415 1188 1527 1276 exemp}

371 1301 515 1365 imitatus
544 1320 619 1366 esse
650 1300 765 1365 dicitur
787 1298 900 1364 Italico
931 1296 1016 1362 bollo
1046 1299 1177 1363 editum.
1230 1297 1357 1362 Eodem
1385 1299 1527 1383 pertinet.

372 1403 411 1481 II,
436 1405 467 1481 8,
492 1406 512 1470 2
543 1409 578 1471 in
601 1408 791 1494 sponsione,
816 1429 882 1494 qua
905 1403 946 1486 Q.
970 1403 1125 1471 Valerius
1149 1406 1185 1470 Ο.
1207 1404 1373 1471 Lutatium
1395 1428 1527 1492 prouoca

372 1514 406 1578 ni
429 1537 489 1580 suo
514 1516 611 1581 ductu
622 1515 750 1581 Punica
773 1514 892 1581 classis
906 1512 1012 1578 deleta
1031 1523 1129 1588 esset,
1152 1511 1317 1579 Lutatium
1339 1530 1407 1578 non
1428 1513 1527 1577 dubita

372 1622 417 1686 ait
438 1623 633 1710 restipulari,
658 1645 732 1688 cum
754 1624 788 1687 in
811 1620 1099 1709 praeiudicialibus
1123 1621 1375 1706 sponsionibus,
1406 1620 1508 1706 qualis

372 1741 451 1805 erat,
474 1730 675 1816 restipulatio
700 1731 833 1794 omnino
858 1729 929 1791 fieri
952 1748 1019 1791 non
1041 1729 1195 1814 potuerit;
1222 1727 1275 1792 uel
1297 1730 1328 1792 si
1351 1728 1465 1793 fiscum
1487 1728 1527 1791 tri

373 1835 409 1900 Ο.
431 1835 512 1902 lulio
536 1838 673 1902 Caesari
693 1835 751 1912 VI,
775 1837 806 1910 2,
833 1837 884 1900 ll.
929 1832 1103 1899 Difficilius
1126 1836 1193 1900 iam
1217 1845 1389 1901 excusatur
1412 1835 1527 1922 quode

372 1964 501 2031 quoque
525 1965 659 2010 suorum
681 1943 734 2010 uel
752 1945 971 2008 recentiorum
983 1953 1069 2005 certe
1093 1953 1274 2029 temporum
1297 1944 1449 2008 institutis
1473 1941 1515 2006 ad

371 2051 448 2115 teris
460 2051 669 2138 reipublicae
686 2060 806 2116 statum
824 2049 991 2114 translatis
1009 2050 1142 2136 turpiter
1153 2051 1314 2116 interdum
1333 2071 1464 2115 omnem
1481 2072 1527 2112 uer

370 2179 478 2224 rerum
502 2159 728 2224 condicionem
746 2155 942 2222 disturbauit
959 2167 989 2222 et
1008 2160 1131 2221 euertit.
1178 2155 1266 2240 Quid
1289 2159 1376 2223 enim
1399 2156 1461 2222 sibi
1482 2181 1525 2220 uo

370 2264 433 2340 VI,
464 2267 500 2342 3,
530 2267 551 2332 2
580 2265 692 2330 decem
721 2265 840 2330 tribuni
871 2263 976 2350 plebis
1005 2276 1112 2330 aetate
1140 2265 1199 2351 Sp.
1232 2265 1341 2330 Cassii
1363 2263 1409 2329 III
1439 2285 1527 2329 consi

370 2375 441 2439 eius
455 2377 509 2464 qui
521 2376 645 2462 primus
657 2372 766 2461 legem
784 2373 951 2460 amariam
970 2370 1048 2447 tulit,
1072 2392 1147 2436 cum
1163 2373 1375 2437 manifestum
1393 2374 1436 2437 sit
1453 2373 1527 2458 quin

370 2483 535 2548 etiamtum
558 2483 662 2547 fuisse
685 2501 837 2556 numero,
868 2479 983 2546 decem
1004 2479 1226 2568 undetriginta
1249 2479 1380 2544 demum
1404 2481 1499 2546 annis
1523 2502 1527 2565 j

371 2589 463 2668 (297)
488 2599 615 2655 creatos
640 2589 741 2654 esaei
766 2588 843 2677 quid
862 2586 1086 2653 Gracchorum
1104 2587 1304 2674 temporibus
1326 2589 1513 2676 quindecim

371 2696 476 2761 sacris
499 2697 674 2773 faciundis,
698 2719 781 2784 quos
804 2694 905 2761 multo
928 2706 1005 2782 post
1024 2718 1084 2783 pro
1102 2695 1361 2761 decemuirorum
1384 2695 1523 2784 collegio

371 2805 499 2871 stitutos
524 2825 599 2869 esse
624 2803 776 2870 constat?
822 2802 947 2869 Verum
971 2803 1054 2869 haec
1067 2804 1156 2868 leuia
1166 2804 1272 2869 uideri
1294 2804 1414 2870 debent
1435 2815 1527 2890 reput

370 2912 592 2978 incredibilem
613 2924 644 2975 et
659 2912 841 2978 inauditam
857 2910 982 2976 Valerii
993 2910 1247 3000 neglegentiam,
1265 2934 1331 2999 qua
1349 2923 1497 2976 ueterum
1518 2933 1527 2974 e

370 3030 498 3107 ptorum
521 3018 684 3107 operibus,
699 3022 726 3083 'e
751 3018 869 3108 quibus
882 3041 944 3085 sua
956 3018 1148 3105 desumpsit,
1173 3020 1275 3085 obiter
1291 3032 1416 3085 tantum
1427 3020 1525 3105 inspe

370 3129 469 3193 etiam
492 3128 547 3193 ubi
571 3128 704 3214 singula
726 3128 794 3193 fere
818 3126 921 3191 uerba
943 3128 1098 3212 surripuit
1121 3128 1162 3192 ab
1192 3127 1273 3202 illis,
1288 3148 1385 3204 uera
1412 3129 1448 3191 in
1478 3126 1526 3190 fal

370 3236 505 3301 detorsit
528 3246 560 3299 et
583 3256 710 3300 errores
735 3233 912 3301 cumulauit
935 3234 1110 3298 erroribus.
1161 3236 1268 3323 Atque
1292 3237 1391 3299 istam
1413 3236 1450 3298 in
1474 3233 1527 3297 der

369 3343 477 3407 bendo
499 3342 665 3409 leuitatem
680 3340 867 3430 insignibus
884 3341 1083 3429 quibusdam
1098 3342 1254 3430 exemplis
1278 3340 1431 3430 prodidit.
1478 3339 1527 3403 Na

370 3454 457 3519 enim
479 3450 511 3529 Ι,
540 3452 574 3525 6,
606 3438 626 3517 b
655 3452 814 3517 infantem
847 3459 1063 3514 semenstrem
1094 3451 1128 3514 in
1158 3452 1230 3516 foro
1259 3450 1375 3515 boario
1398 3446 1527 3534 triumpl

369 3561 548 3637 clamasse,
590 3561 625 3624 in
660 3558 775 3625 Sicilia
815 3568 909 3622 scuta
942 3556 1021 3621 duo·
1042 3560 1240 3645 sanguinem
1274 3556 1434 3630 sudasse,
1475 3577 1527 3619 me

370 3670 453 3733 tibus
489 3678 641 3733 cruentas
677 3669 788 3754 spicas
821 3666 856 3731 in
889 3666 1020 3731 corbem
1061 3665 1237 3731 decidisse.
1303 3662 1452 3747 Quorum
1490 3685 1527 3749 pr

369 3776 498 3861 giorum
521 3777 662 3859 primum
685 3772 798 3839 Liuius
822 3771 913 3848 XXI,
938 3773 981 3838 62
1003 3773 1039 3836 in
1061 3774 1133 3837 foro
1157 3774 1300 3847 olitorio,
1330 3771 1471 3836 alterurn
1494 3768 1527 3833 X

370 3883 389 3946 1
418 3883 453 3945 in
484 3879 654 3951 Sardinia,
692 3883 820 3945 tertium
849 3880 937 3966 apud
968 3877 1102 3944 Antium
1131 3880 1294 3946 accidisse
1325 3879 1449 3945 scribit.
1502 3873 1527 3937 b

368 3988 467 4075 igitur
489 3986 578 4072 apud
600 3984 770 4051 Valerium
793 3987 901 4050 forum
923 3986 1088 4060 boarium,
1118 3987 1206 4051 unde
1229 3986 1369 4052 Siciliai
1414 3983 1527 4048 Vtrun

370 4116 410 4159 ex
434 4094 550 4159 eodem
572 4093 683 4167 Liuio,
716 4093 803 4179 apud
827 4113 924 4179 quem
953 4113 1027 4157 cum
1054 4093 1191 4180 legisset
1221 4096 1372 4178 infantem
1399 4116 1526 4158 senens

369 4205 403 4266 irs
420 4200 500 4286 soro
524 4203 647 4265 olitorio
670 4201 860 4283 triumphem
883 4202 1043 4274 clamere,
1071 4208 1102 4266 et
1119 4202 1200 4285 foro
1219 4202 1327 4267 boario
1350 4203 1459 4266 bouem
1483 4206 1520 4267 in

368 4312 444 4375 tiam
459 4310 715 4393 eerdpnotionem
731 4329 789 4373 sss
804 4315 912 4391 sponte
927 4310 1109 4385 escendisse,
1133 4309 1270 4375 alterum
1285 4310 1391 4376 solum
1407 4310 1527 4397 prodig

369 4418 526 4491 refersne,
550 4417 691 4502 primum
713 4415 820 4481 ueloci
843 4416 937 4481 oculo
962 4439 1001 4482 ac
1024 4438 1126 4481 manu
1149 4440 1188 4482 ex
1212 4416 1314 4483 altero
1337 4418 1405 4486 loci
1429 4419 1525 4505 signi

367 4526 491 4591 tionem
513 4522 685 4599 transtulit,
710 4523 829 4588 deinde
853 4526 1026 4612 sequentia
1047 4546 1115 4589 non
1135 4527 1244 4591 minus
1268 4526 1466 4591 festinanter
1493 4548 1527 4588 es

369 4654 451 4719 pens
476 4655 494 4696 ο
517 4631 603 4697 niun
624 4612 734 4697 uerbi
759 4629 877 4713 (xxti,
904 4633 947 4711 1,)
969 4634 1004 4697 a
1023 4633 1136 4698 stara
1156 4636 1308 4700 messae
1330 4636 1451 4721 aequor
1470 4635 1526 4718 epa·

369 4738 404 4802 in
431 4738 581 4806 Smdinio
607 4744 709 4807 aean
739 4742 773 4805 ἐκ
800 4762 890 4807 mero
913 4742 1117 4808 circumeunti
1145 4745 1275 4828 utptter
1301 4745 1399 4828 equid
1428 4744 1527 4828 stipis
