3409 5400
325 448 391 523 884
568 446 628 515 DE
651 445 942 515 HVMANITATE
964 448 1022 513 ET
1044 447 1307 515 CLEMENTIA.

293 652 295 657 .
323 630 402 678 aree
417 628 528 677 earum
545 608 697 685 constitit,
721 620 755 673 ut
770 606 860 673 urbis
880 608 979 675 modo
996 608 1277 695 opulentissimae,
1300 624 1378 673 tunc
1398 608 1546 675 adflictae

324 718 487 783 fortunam
511 736 551 779 ex
574 715 638 779 ello
668 726 823 785 cerneret.
871 715 1022 782 Ceterum
1051 738 1166 781 casum
1197 717 1268 779 eius
1296 714 1469 802 lugubrem
1499 716 1546 779 in-
1611 735 1612 754 Ι

324 836 419 889 tuens
443 822 552 889 fletum
584 820 737 887 cohihere
765 844 832 890 non
863 823 975 906 potuit.
1022 820 1129 902 Quem
1158 824 1187 886 si
1218 823 1291 907 quis
1320 822 1459 908 ignarus
1486 823 1545 883 uiri

324 934 526 1017 aspexisset,
560 928 694 993 alterius
729 928 900 993 uictoriam
931 950 1007 996 esse
1036 927 1240 994 credidisset.
1291 926 1418 1013 ltaque,
1446 928 1544 1013 Syra·

323 1058 449 1103 cusano
473 1036 598 1110 ciuitas,
621 1036 765 1099 maxima
787 1034 881 1101 clade
905 1045 960 1099 lua
982 1032 1104 1119 aliquid
1126 1034 1304 1100 admixtum
1320 1032 1567 1121 grsttdationiss

322 1144 478 1217 habuisti,
502 1143 578 1227 quia
601 1143 631 1206 si
653 1140 709 1205 tibi
732 1140 930 1213 incolomem
952 1151 1040 1205 stare
1062 1141 1115 1205 fas
1140 1163 1206 1207 nou
1230 1154 1309 1207 erat.
1338 1140 1454 1205 leniter
1485 1142 1542 1205 sub

323 1264 390 1317 tam
412 1260 584 1315 mansueto
608 1250 731 1325 uictore
756 1247 913 1313 cecidisti.
1479 1297 1483 1301 .

281 1351 312 1415 b.
411 1355 551 1437 Quintus
569 1376 647 1419 uero
659 1353 808 1419 Metellus
822 1353 1048 1418 Celtibericum
1060 1355 1094 1417 in
1105 1353 1269 1439 Hispania
1278 1375 1400 1441 gerens
1417 1352 1543 1423 bellum.

323 1482 397 1529 cum
421 1462 533 1538 urbem
557 1461 789 1547 Centobrigam
814 1459 980 1524 obsideret
1002 1472 1034 1522 et
1055 1462 1120 1525 iam
1144 1461 1278 1525 admota
1299 1460 1460 1526 machina
1474 1482 1542 1545 per·

323 1584 385 1645 tem
409 1570 503 1645 muri,
527 1590 612 1656 quse
636 1566 710 1632 solo
732 1565 873 1631 conuelli
894 1578 1031 1651 poterat,
1055 1565 1249 1632 disiecturus
1281 1566 1458 1642 uideretur,
1488 1565 1573 1631 ltu-o

320 1678 509 1741 inanitatem
530 1676 733 1761 propinquae
757 1673 915 1737 uictoriae
929 1674 1089 1758 praetulit.
1125 1673 1210 1738 Nam
1227 1695 1301 1738 cum
1318 1672 1542 1761 Rhoetogenis

320 1782 415 1857 lilios,
445 1783 500 1868 qui
529 1780 570 1846 nd
601 1800 675 1843 eum
705 1780 888 1853 transierat,
920 1780 1196 1869 Centobrigenses
1223 1778 1399 1845 machinae
1426 1781 1542 1846 ictibus

322 1888 528 1961 obiecissent,
552 1908 593 1949 ne
616 1887 709 1971 pueri
731 1887 764 1949 in
788 1898 968 1972 conspectu
997 1888 1100 1971 petris
1128 1886 1251 1951 erudeli
1279 1906 1401 1974 genere
1429 1890 1542 1953 mortis

321 2004 600 2067 consumerentur,
623 1978 822 2079 quemquem
850 1994 924 2078 ipse
955 1990 1189 2079 Rhoetogenes
1218 1995 1362 2081 negabat
1389 2019 1470 2063 esse
1497 1999 1542 2061 in·

322 2135 345 2190 l.
363 2137 438 2205 tune]
455 2140 510 2188 tam
529 2131 627 2202 mlle.
646 2136 686 2185 uir
704 2132 1035 2203 retineremus.
1054 2139 1080 2186 iu
1098 2138 1217 2186 maxima
1233 2131 1266 2188 Γ.
1289 2133 1349 2189 Vid
1368 2135 1406 2189 ad
1422 2136 1453 2197 V.
1472 2136 1501 2196 2,
1521 2138 1542 2191 i.

328 2208 343 2278 ΙΙ
354 2224 406 2261 sna
419 2224 464 2279 pr.
482 2208 514 2261 Α.
529 2208 541 2273 ΙΙ
555 2203 581 2259 o.
599 2208 750 2257 incolumen
766 2202 1045 2269 (mensorem.
1073 2204 1304 2274 Videonsorrpt.
1322 2205 1344 2267 l,
1367 2207 1390 2266 Ι.
1411 2215 1464 2263 eet.
1480 2209 1530 2275 1.ss
1611 2211 1612 2254 ἲ

318 2276 343 2333 8.
363 2282 388 2331 in
407 2280 559 2345 hispaniam
578 2271 632 2330 AO
649 2281 674 2328 et
688 2282 747 2327 onte
757 2278 942 2328 Celtibericum
954 2276 982 2331 F.
997 2279 1010 2343 ΙΙ
1023 2294 1123 2348 gorens
1135 2306 1168 2316 -
1179 2273 1229 2343 (o.)
1248 2280 1439 2347 Centobrigam
1448 2296 1501 2333 ou.
1511 2278 1541 2333 F.

330 2348 343 2421 ΙΙ
357 2348 382 2406 b.
402 2352 580 2403 rentobricam
599 2345 830 2401 nonestus.
844 2347 858 2417 ΙΙ
874 2346 915 2400 lo.
933 2351 1020 2400 solam
1036 2364 1080 2417 pr.
1098 2347 1140 2400 A..
1152 2351 1213 2401 solo
1230 2347 1268 2402 D.
1288 2347 1301 2416 ΙΙ
1320 2352 1491 2402 dissociatus
1508 2350 1541 2403 R
1611 2385 1612 2402 l

317 2425 471 2492 disguturue
490 2420 518 2475 F.
530 2422 543 2491 Η
558 2417 598 2474 lt.
618 2421 773 2487 rethogenis
791 2417 954 2473 ACl’Torr.
974 2418 1112 2489 retegenis
1130 2417 1163 2473 E.
1189 2423 1306 2488 reingeri
1323 2418 1361 2472 D.
1385 2423 1540 2492 lbetogeuis

317 2490 348 2546 l’.
378 2490 411 2545 Vt
428 2509 475 2544 nor
493 2488 555 2545 Por.
584 2489 642 2543 Vid.
663 2488 699 2540 od
716 2486 761 2541 ΙΙΙ
764 2526 772 2544 ,
796 2484 829 2545 2,
856 2495 905 2542 eet.
925 2489 949 2542 Ι.
968 2489 981 2554 ll
1003 2488 1045 2541 12.
1064 2492 1134 2540 fliius
1176 2505 1198 2544 r.
1217 2489 1249 2542 A.
1269 2492 1282 2559 fl
1301 2494 1489 2561 transfugerat
1505 2490 1540 2544 D.

316 2566 478 2614 transierant
496 2562 530 2615 Ε.
549 2562 562 2629 ΙΙ
578 2562 796 2613 centobricenses
821 2506 1174 2625 transferenti
1189 2562 1360 2629 quamquam]
1386 2580 1469 2629 quam
1494 2578 1538 2631 pr.

316 2631 348 2687 Α.
368 2649 518 2700 quenquam
538 2648 608 2685 corr.
627 2631 661 2685 A.
674 2629 686 2704 ΙΙ
702 2634 865 2701 retlmgenes
884 2629 1089 2690 ADEi'Yorr.
1107 2634 1267 2702 thetogenes
1288 2631 1344 2687 oF.

387 2755 496 2822 ipocrite
512 2755 577 2812 atri)
603 2759 702 2823 Recepi
720 2760 821 2822 primus
845 2759 929 2822 Lipsil
949 2759 1089 2827 egregiam
1110 2760 1150 2817 et,
1173 2760 1202 2808 ut
1219 2760 1283 2809 mibi
1301 2761 1408 2822 quidem
1428 2763 1538 2818 uidetur,

317 2829 422 2878 omnino
441 2829 623 2878 necessarium
642 2831 829 2881 coniecturam.
876 2830 927 2880 Vix
951 2830 1020 2878 enim
1039 2827 1148 2894 mantas
1165 2825 1223 2883 air.
1254 2831 1322 2895 quod
1347 2846 1442 2881 omnes
1464 2833 1538 2882 erhi-

316 2901 380 2948 benl
399 2899 471 2955 libri,
496 2899 650 2965 significare
673 2901 776 2963 potest,
802 2903 829 2948 ut
848 2902 1007 2964 opinabatur
1025 2899 1183 2958 Torrenius,
1207 2902 1306 2957 uirum,
1328 2902 1373 2966 qtri
1396 2903 1538 2969 ignorabat

314 2968 480 3026 Marcellum,
499 2971 547 3020 sed
566 2985 619 3020 non
639 2985 772 3034 expressa
789 2985 827 3027 re,
847 2972 973 3022 ouiusutr
991 2972 1037 3025 iile
1053 2973 1164 3039 ignarus
1178 2972 1263 3031 luerit,
1302 2973 1437 3024 eneralem
1450 2975 1536 3037 potius

315 3040 448 3090 notionem
468 3039 586 3098 heberet,
607 3041 829 3102 quemadmodum
855 3042 883 3091 in
901 3041 1023 3092 Sallustii
1042 3043 1086 3091 illo
1106 3043 1174 3107 (oet.
1192 3039 1236 3099 bl,
1258 2987 1314 3108 ii.)
1337 3039 1384 3092 abi
1400 3043 1537 3112 imperes

314 3107 352 3161 od
368 3107 476 3176 iprtorus
493 3115 540 3162 oat
556 3107 641 3162 minas
657 3108 738 3162 bonos
753 3105 883 3177 peruenit.
918 3111 953 3162 ht
970 3128 1037 3177 proc
1055 3113 1152 3162 ceteris
1170 3113 1234 3162 illud
1253 3112 1393 3164 dicendum
1410 3119 1485 3173 erat,
1509 3117 1536 3164 ia

313 3183 411 3233 falsam
431 3183 500 3232 hane
518 3183 670 3246 opinionem
689 3183 805 3233 incidero
823 3184 953 3246 potuisse,
972 3185 1016 3246 qui
1027 3184 1183 3233 Marcellum
1202 3185 1346 3252 ignoraret,
1365 3187 1493 3235 lacrimas
1508 3187 1535 3234 in

313 3253 387 3304 urbis
397 3254 479 3304 ruinis
488 3255 550 3304 iuno
560 3253 770 3318 profundentem.
793 3253 821 3302 ld
832 3255 919 3318 ipsum
929 3255 1043 3305 etllcitur
1053 3255 1183 3318 Lipsiaua
1192 3256 1387 3308 emendatione.
1410 3255 1533 3306 Librarii.

313 3341 372 3376 com
397 3339 450 3375 non
472 3325 659 3392 intellegerent
683 3325 830 3393 genitiuom
852 3323 923 3378 oiri.
954 3325 1086 3376 adlectiuo
1111 3341 1173 3376 eum
1196 3327 1364 3390 adaptarunt
1410 3327 1536 3378 Similiter

311 3411 424 3462 prorsus
444 3396 566 3448 Valerius
585 3396 707 3458 loquitur,
727 3397 758 3453 V,
777 3392 803 3454 d,
823 3400 877 3447 est.
896 3392 914 3446 e
938 3394 1024 3462 captis
1041 3425 1076 3435 —-
1095 3410 1112 3446 a
1131 3393 1199 3462 Cyre
1216 3394 1346 3448 Sordidae
1363 3412 1421 3450 caet
1439 3413 1537 3450 nare

310 3482 417 3519 namo
428 3465 570 3520 Persarum
586 3465 697 3533 ipsam
713 3465 771 3518 aim
788 3467 906 3531 (Croesi)
924 3464 954 3516 ia
971 3464 1077 3518 caedem
1088 3466 1146 3518 eius
1158 3467 1288 3518 concitato
1305 3465 1403 3535 impeta
1411 3468 1538 3534 serretur

310 3543 365 3590 etc.
395 3541 487 3590 ‘Minus
506 3542 574 3590 berre
593 3539 793 3590 Freinshemius
816 3537 865 3602 (ad
883 3539 954 3590 Curt.
975 3538 1011 3596 V,
1035 3532 1085 3597 tlt.
1110 3533 1154 3603 13)
1172 3536 1289 3604 ,ipsane
1309 3538 1369 3591 aeti
1392 3543 1536 3609 legendum

312 3625 374 3662 esse
394 3611 552 3664 coniecerat.
909 3617 912 3622 '

382 3680 408 3734 5.
425 3679 516 3734 arbem
535 3679 728 3748 Centobrigam)
751 3681 782 3732 1..
802 3679 898 3731 Florus
917 3681 953 3738 ΙΙ,
981 3676 1011 3731 ll
1031 3682 1066 3730 ad
1083 3681 1154 3731 idem
1173 3681 1237 3739 boc,
1257 3684 1285 3732 ut
1303 3684 1422 3740 uidebis.
1442 3685 1535 3736 bume-

312 3753 401 3801 nltstis
415 3754 599 3804 documentum
609 3753 765 3816 respiciens,
778 3753 916 3802 Metellum
926 3752 1094 3802 Contrebiam
1103 3754 1271 3804 memorabili
1283 3756 1406 3818 exemplo
1417 3757 1536 3818 cepisse

313 3823 362 3870 aod
375 3822 549 3891 Nertobrigae
563 3825 663 3874 maiore
676 3839 735 3872 cum
748 3823 836 3890 gloria
847 3823 1003 3886 pepercisse
1012 3823 1126 3886 scripsit.
1158 3823 1319 3894 Nertobriga
1328 3831 1417 3876 autem
1427 3827 1536 3877 aliunde

313 3905 418 3954 quoque
436 3895 500 3942 nota
518 3894 568 3943 est.
605 3895 643 3944 ct.
657 3894 722 3944 Plin.
741 3895 767 3946 b.
781 3908 806 3946 a.
818 3894 861 3953 ΙΙΙ,
884 3890 907 3951 l,
921 3889 971 3958 (3,)
992 3890 1033 3945 lt.
1070 3894 1151 3944 Erant
1162 3895 1243 3962 igitur
1255 3898 1298 3961 qui
1311 3896 1431 3946 eiusdem
1443 3899 1535 3961 oppidi

313 3961 422 4012 diuersa
438 3963 546 4012 nomina
558 3965 705 4016 statuerent
718 3965 906 4032 Centobrigam
918 3969 945 4016 et
957 3965 1153 4032 Nertobrigam,
1172 3967 1218 4015 alii
1230 3967 1398 4018 librariorum
1408 3971 1535 4020 mendum

311 4031 339 4082 in
358 4029 500 4081 Valeriano
518 4032 564 4082 illo
583 4035 688 4086 nominc
708 4035 920 4099 deprehendisse
937 4036 989 4086 sibi
1002 4035 1052 4085 uisi
1065 4039 1134 4088 suut.
1171 4039 1289 4098 Quorum
1300 4042 1422 4090 neutrum
1440 4055 1534 4092 uerum

311 4102 385 4167 puto.
429 4099 491 4151 Sine
511 4103 589 4152 dubio
608 4107 717 4156 diuersa
739 4107 838 4170 oppido
862 4109 937 4164 sunt,
964 4122 1052 4172 neque
1075 4108 1194 4170 profecto
1218 4110 1322 4168 mirum,
1344 4112 1369 4159 si
1387 4111 1433 4161 olii
1451 4114 1533 4175 scrip·

311 4177 385 4224 tores
404 4173 517 4224 eandem
541 4187 597 4222 rem
617 4175 669 4225 sliu
693 4176 752 4226 loco
772 4175 871 4226 lactem
893 4192 957 4228 esse
979 4178 1151 4229 tradiderunt.
1193 4177 1286 4246 ltaque
1305 4183 1432 4232 librorum
1450 4183 1533 4246 scrip·

311 4246 371 4295 tura
388 4243 538 4300 retinenda,
563 4258 643 4293 unam
662 4245 684 4294 si
704 4247 843 4309 exceperis
862 4248 1013 4298 litterulam.
1049 4248 1193 4299 Nemeum
1209 4253 1317 4302 codices
1334 4254 1420 4302 nostri
1438 4268 1534 4307 omncs

310 4317 418 4369 tradant
441 4311 621 4368 leobricam
643 4319 670 4365 et
692 4316 773 4379 paulo
798 4320 861 4381 post
886 4317 1111 4379 emollescere,
1143 4336 1309 4390 permagnus
1333 4338 1461 4374 numerus
1485 4325 1531 4372 lli-

309 4388 493 4454 spanirosiom
509 4386 664 4451 oppidorum
676 4387 702 4436 in
713 4381 791 4453 tripu
803 4390 998 4440 terminantium
1011 4393 1177 4442 demonstrat
1190 4394 1300 4460 utroque
1311 4393 1370 4444 loco
1383 4411 1432 4460 pro
1444 4396 1531 4446 altero

311 4457 333 4514 C
349 4461 500 4524 ponendum
519 4459 604 4510 tuisse
622 4455 654 4510 G.
692 4455 863 4510 scribebatur
882 4461 952 4511 enim
970 4458 1114 4526 Sepobripo
1132 4464 1160 4513 et
1176 4459 1385 4530 Segobrigenses,
1404 4463 1531 4532 Augeae·

308 4525 393 4596 ilipa,
412 4527 565 4596 Artobriga.
590 4525 774 4594 Flauiobripm
800 4525 962 4596 Mirobriga.
990 4527 1402 4602 Tabbrtpa..1acobripa.etc.
1440 4537 1478 4588 cl.
1497 4539 1530 4590 G.

308 4601 460 4662 humbaldi,
478 4603 595 4671 protong
613 4603 660 4652 der
678 4601 913 4668 untersuchungeu
931 4604 974 4653 tlb.
993 4605 1019 4654 d.
1036 4605 1215 4656 urbewohner
1227 4605 1401 4671 Hispanieus,
1421 4624 1464 4674 pp.
1483 4605 1529 4668 88,

307 4661 351 4735 89,
367 4665 425 4727 lta.
456 4672 517 4724 Scio
531 4675 558 4724 lu
570 4673 702 4726 nonnullis
715 4671 807 4725 exilio
818 4685 920 4742 genere
932 4673 1051 4725 fluctuari
1063 4675 1170 4727 oodices
1182 4670 1252 4729 inter
1264 4672 1366 4746 tripos·
1378 4683 1408 4752 et
1417 4677 1530 4752 trica»,
