3409 5400
261 470 326 537 152
729 475 790 541 DE
812 476 1005 549 SOMNIIS.

259 630 335 695 talis
364 630 495 698 habitus
524 644 579 696 aut
606 634 779 703 intrantem
806 640 991 708 cubiculum
1023 654 1078 709 aut
1106 660 1275 715 exeuntem
1309 652 1482 721 uidissent.

260 736 386 818 Quibus
411 740 658 805 adfirmantibus
682 748 845 812 neminem
869 748 943 813 illuc
967 754 1165 829 accessisse,
1188 754 1303 822 iterum
1320 781 1357 825 se
1381 764 1483 847 quieti

260 855 292 908 et
314 867 431 909 somno
455 847 554 922 dedit,
579 862 675 935 atque
700 853 817 920 eadem
840 857 950 921 animo
975 858 1045 922 eius
1067 860 1243 928 obuersata
1266 868 1396 952 species
1419 881 1481 933 est.

258 950 371 1037 ltaque
394 954 509 1038 fugato
533 978 650 1020 somno
674 958 784 1023 lmnen
798 963 963 1027 introferri
986 966 1081 1030 iussit
1103 990 1288 1057 puerosque
1305 996 1326 1038 a
1349 998 1388 1039 se
1411 976 1480 1041 dis·

259 1058 376 1120 cedere
406 1063 513 1126 uetuit.
566 1061 653 1127 Inter
682 1065 767 1129 hanc
799 1080 928 1135 noctem
959 1082 991 1134 et
1021 1074 1217 1159 supplicium
1246 1082 1381 1166 capitis,
1413 1106 1504 1171 quos

258 1184 333 1228 eum
357 1164 482 1229 Caesar
505 1167 635 1243 adfecit,
657 1172 824 1256 paululum
847 1177 1024 1243 admodum
1050 1184 1207 1266 temporis
1230 1187 1424 1257 intercessit.

214 1265 248 1328 8.
345 1271 558 1356 Propioribus
583 1285 709 1351 tamen,
736 1292 771 1343 ut
793 1283 839 1346 ita
863 1284 988 1360 dicam,
1016 1286 1112 1350 lineis
1137 1288 1239 1355 Aterii
1262 1294 1336 1359 Rufi
1360 1301 1478 1385 equitis

159 1409 161 1412 ·
255 1376 400 1441 Romani
422 1382 586 1444 somnium
610 1395 698 1447 certo
723 1401 841 1453 euentu
865 1391 1067 1457 admonitum
1091 1408 1151 1459 est.
1198 1398 1277 1477 Qui,
1309 1424 1383 1469 cum
1406 1405 1479 1493 gla-

257 1482 430 1549 diatorium
457 1509 577 1552 munus
609 1493 785 1577 Syracusis
815 1496 982 1571 ederetur,
1018 1500 1101 1563 inter
1135 1508 1275 1591 quietem
1303 1514 1413 1577 retiari
1441 1536 1478 1579 se

255 1611 356 1652 manu
379 1594 511 1657 confodi
535 1597 626 1670 uidit,
655 1598 753 1685 idque
776 1614 909 1685 postero
925 1604 977 1667 die
1001 1608 1035 1669 in
1059 1614 1246 1693 spectaculo
1270 1622 1516 1691 consessori-ro

254 1694 317 1759 bus
342 1702 497 1764 narrauit.
547 1701 663 1767 Incidit
692 1704 810 1768 deinde
845 1720 879 1770 ut
902 1714 1048 1794 proximo
1078 1716 1120 1779 ab
1152 1722 1259 1805 equite
1282 1723 1356 1789 loco
1380 1730 1476 1793 retia·

254 1803 323 1865 rius
347 1826 421 1868 cum
436 1808 641 1872 murmillone
656 1811 923 1881 introduceretur.
972 1818 1072 1884 Cuius
1097 1845 1171 1889 cum
1191 1826 1311 1895 faciem
1325 1832 1489 1913 redisset„

254 1907 343 1971 idem
372 1909 452 1973 dixit
482 1914 524 1976 ab
558 1914 613 1978 illo
643 1918 774 1982 retiario
799 1921 953 1987 trucidari
980 1936 1126 2010 putasse,
1155 1935 1367 2023 protinusque
1399 1941 1476 2005 inde

255 2011 425 2078 discedere
448 2017 559 2082 uoluit.
604 2021 654 2085 llli
677 2046 830 2090 sermone
860 2050 919 2092 suo
948 2044 1037 2095 metu
1068 2036 1138 2099 eius
1160 2038 1314 2105 discusso
1339 2066 1475 2113 emisam
1518 2036 1521 2043 ¹

254 2119 342 2182 exitii
363 2124 484 2188 misero
509 2128 690 2193 attulerunt.
736 2131 901 2197 Retiarius
925 2139 1011 2201 enim
1035 2140 1069 2203 in
1088 2164 1163 2206 eum
1179 2143 1288 2211 locum
1304 2153 1513 2238 compulsore

252 2226 457 2292 murmillone
481 2243 512 2293 et
533 2234 676 2310 abiecto,
704 2238 781 2302 dum
805 2242 965 2307 iacentem
996 2246 1093 2310 ferire
1123 2262 1273 2327 conatur,
1305 2260 1474 2325 traiectum

253 2330 364 2417 gladio
388 2333 535 2401 Aterium
557 2342 727 2410 interemit.

758 2482 969 2497 --.—

242 2524 278 2579 .1‚
297 2530 435 2582 uidessent
452 2531 483 2585 A.
495 2532 545 2602 112Ἰ
565 2538 607 2604 se]
623 2546 687 2606 post
703 2558 797 2595 sonmo
819 2544 896 2597 Torr.
908 2544 957 2612 113.
977 2550 1123 2601 aduersata
1141 2553 1175 2605 Ε.
1188 2555 1201 2623 ΙΙ
1213 2560 1256 2607 est
1273 2562 1381 2623 specics
1396 2561 1473 2618 Torr.

265 2594 316 2659 114.
335 2603 372 2650 ita
391 2600 417 2653 C.
432 2603 444 2672 ss
459 2601 484 2655 6.
502 2611 643 2669 paruulum
659 2611 816 2668 ABCDE.
835 2634 931 2681 parum
948 2618 1010 2669 Par.
1053 2621 1077 2673 7.
1097 2624 1267 2689 Propioribus
1286 2659 1320 2669 -
1341 2630 1390 2699 (8.)
1409 2638 1470 2704 Qui]

250 2670 340 2734 Eques
360 2687 486 2725 romanus
504 2676 535 2728 Γ.
548 2677 561 2744 Η
573 2682 756 2745 Proprioribus
774 2686 828 2739 At*
843 2694 869 2740 et
887 2704 956 2742 corr.
971 2689 1007 2744 D.
1050 2696 1144 2746 atbcrii
1162 2695 1195 2750 E.
1215 2701 1312 2752 beturii
1329 2703 1358 2755 a'a
1376 2721 1473 2759 ruram

250 2737 385 2793 Aerar.
398 2743 448 2809 ΗΘ.
468 2762 591 2803 somnum
608 2751 644 2803 D.
656 2754 670 2819 ΙΙ
682 2760 797 2808 aduentu
815 2759 875 2812 AC·
890 2759 903 2828 Η
924 2764 1101 2829 gladiatorum
1123 2766 1244 2822 cura.
1267 2771 1308 2838 Qf.
1331 2773 1392 2828 Tac.
1412 2793 1470 2831 aaa

249 2810 295 2866 111.
314 2807 358 2863 31.
370 2815 383 2881 ΙΙ
399 2814 437 2865 10.
457 2823 639 2880 spectaculum
657 2824 715 2896 11.ss
733 2826 772 2879 ll.
791 2833 911 2893 proximo
932 2836 959 2882 ut
977 2833 1009 2886 Β.
1028 2839 1041 2905 Η
1062 2833 1102 2889 12.
1121 2844 1287 2894 nrurmillone
1306 2844 1338 2898 A.
1356 2851 1471 2904 multitu·

250 2880 539 2940 dineB.1nirmittone
558 2889 724 2948 CDl'Torr.
743 2904 918 2953 murmutionc
937 2902 970 2954 Ε.
990 2909 1158 2973 myrmillone
1177 2911 1240 2964 Par.
1259 2914 1360 2968 Graece
1378 2926 1470 2992 Μουρ-

249 2951 352 3020 μίὶλων
368 2954 397 3005 ia
415 2955 527 3010 Boeckt.
548 2961 577 3013 C.
595 2961 617 3014 1.
636 2981 660 3016 a.
679 2965 758 3022 3992
770 2972 784 3039 ΙΙ
804 2968 845 3022 13.
869 2975 925 3039 illo}
946 2973 1008 3030 odd.
1028 2995 1059 3032 sc
1079 2980 1105 3032 Ε
1124 2987 1150 3032 et
1167 2998 1236 3037 corr.
1256 2983 1287 3037 A.
1311 2985 1387 3040 Torr.
1399 2991 1412 3058 Η
1430 3009 1470 3044 re·

250 3023 339 3089 tiario]
363 3024 424 3077 aaa
450 3045 482 3079 se
505 3030 562 3084 BC
578 3039 604 3084 et
627 3050 697 3087 corr.
715 3039 751 3091 D.
769 3043 936 3163 tptrncidari]
962 3046 1024 3101 adel.
1043 3067 1075 3102 se
1095 3050 1124 3102 Γ.
1148 3053 1154 3120 Ι
1175 3051 1215 3107 15.
1240 3060 1468 3142 retnlemntDF.

263 3089 276 3160 ΙΙ
293 3091 333 3145 16.
351 3101 526 3151 mur-multone
547 3103 575 3155 C.
593 3108 751 3161 mirmillone
800 3112 865 3166 Dr.
884 3121 1058 3173 murmulione
1077 3121 1135 3190 ΕΙ
1165 3122 1204 3180 Π.
1228 3129 1361 3182 haturrum
1380 3148 1408 3183 ta
1426 3149 1470 3186 ra·

249 3179 313 3218 aare
331 3165 361 3220 A.
380 3172 510 3224 anterinm
528 3173 565 3224 D.
584 3180 732 3232 antherium
750 3181 782 3235 Γ.
802 3189 933 3240 etherium
952 3188 985 3240 Ε.

752 3297 965 3323 h-—p-

319 3344 352 3396 ab
371 3345 416 3397 aa
434 3351 545 3402 retiario
563 3354 697 3408 suaderi
711 3367 827 3425 putasse)
863 3367 968 3418 Incerta
993 3373 1074 3422 sedes
1098 3379 1261 3438 pronominis
1284 3394 1327 3434 re.
1353 3387 1422 3449 quod
1441 3389 1467 3438 in

248 3417 324 3467 codd.
344 3420 423 3471 Bern.
443 3425 470 3472 ct
488 3423 574 3475 Berol.
587 3425 624 3477 D.
643 3432 781 3492 omissum,
801 3436 845 3485 atii
865 3439 917 3487 alio
936 3441 995 3490 loco
1014 3445 1213 3508 suppleturum,
1232 3449 1365 3503 notionem
1383 3457 1467 3508 infini-

246 3488 309 3540 tiuis
327 3492 474 3542 subiectam
494 3496 546 3544 iam
565 3502 601 3546 ab
625 3503 775 3568 archetypo
797 3509 889 3560 codice
914 3513 1035 3563 abfuisse
1054 3518 1196 3569 manifesto
1216 3521 1342 3588 declarat.
1380 3529 1466 3586 Quam

247 3559 374 3611 facillime
393 3570 454 3613 ante
472 3567 585 3628 primam
604 3572 739 3635 syllabam
761 3577 905 3632 n.retiart'o
924 3586 1046 3634 excidere
1065 3589 1186 3650 potuisse
1198 3607 1250 3641 non
1270 3607 1329 3644 sum
1348 3602 1465 3658 naseins.

245 3631 295 3676 sed
315 3631 342 3680 et
358 3631 418 3695 ipse
431 3636 562 3694 Valerius.
582 3642 605 3689 si
624 3659 677 3707 qua
696 3650 738 3695 est
755 3650 823 3698 fidos
842 3653 969 3704 librorum
988 3671 1062 3713 mss..
1082 3663 1108 3708 in
1121 3675 1156 3709 ea
1167 3665 1356 3716 sententiarum
1370 3671 1464 3731 forma,

175 3713 180 3722 ·
246 3709 327 3760 qutun
345 3709 527 3757 aecusatinum
547 3727 605 3761 cum
624 3715 751 3767 influitiuo
771 3736 868 3772 uocare
888 3725 1021 3786 solemus,
1044 3733 1153 3792 saepius
1173 3735 1321 3785 subiectum
1338 3755 1387 3802 per
1404 3758 1464 3805 pro·

245 3783 342 3819 nomen
360 3776 514 3826 reflexinum
533 3785 887 3845 aretperdemonstratiuum
901 3797 1104 3862 significandum
1117 3804 1213 3855 omisit
1250 3806 1352 3858 Nemini
1369 3814 1464 3863 mirum

246 3839 376 3890 uidebitur
393 3859 446 3894 non
465 3853 617 3911 appositum
635 3869 663 3905 ee
681 3863 750 3920 apud
770 3863 913 3913 influitiuos
933 3868 1011 3916 futuri
1029 3872 1170 3933 temporis.
1196 3877 1241 3924 nbi
1267 3879 1345 3929 simul
1365 3899 1389 3932 n.
1408 3899 1464 3935 ease

244 3909 325 3958 silere
343 3913 430 3962 solent
448 3932 536 3967 rerum
554 3924 699 3986 scriptores
721 3932 853 4051 (Maduip.
874 3949 987 4000 gramm.
1001 3939 1026 4002 5.
1040 3937 1101 3990 tot.
1120 3944 1153 3995 id.
1165 3949 1268 3998 emend.
1281 3949 1349 4000 'full
1362 3969 1388 4016 p.
1404 3952 1463 4007 ill.

244 3977 330 4028 Hand.
349 3983 383 4028 ad
403 3985 549 4048 Wopkens.
569 3993 640 4045 lectt.
661 3997 730 4048 'l'ntt
757 4001 782 4062 s.
809 3998 819 4050 l
843 4003 872 4065 ,),
899 4021 1059 4072 quamquam
1082 4012 1117 4060 tbl
1137 4032 1241 4081 qnoque
1265 4021 1382 4072 editores
1406 4027 1463 4089 pte·

243 4063 354 4127 rumque
372 4066 388 4100 e
407 4057 559 4107 coniectura
576 4065 623 4110 aut
640 4081 656 4112 a
680 4069 856 4120 deterioribus
881 4074 956 4124 libris
979 4080 1004 4127 id
1029 4081 1235 4138 incrrlcauerant.
1281 4093 1320 4142 Cf.
1340 4094 1370 4151 V,
1389 4091 1415 4154 4,
1435 4091 1461 4156 3,

243 4115 374 4168 maana
391 4121 484 4175 iurare
501 4129 588 4194 coepit
603 4147 620 4180 α
627 4136 719 4198 patrie
735 4138 792 4189 etas
810 4143 975 4197 acematimte
993 4163 1155 4206 recessurum
1167 4185 1202 4195 —
1213 4161 1256 4216 v1.
1276 4158 1301 4220 4,
1325 4159 1346 4220 l,
1367 4161 1461 4217 dnae·

242 4185 328 4242 tinuit.
349 4188 375 4240 si
383 4192 442 4256 qaia
449 4196 739 4258 sociorumseateattam
748 4207 837 4262 dicere
849 4228 929 4266 omas
943 4225 1018 4274 esset.
1036 4223 1158 4277 continuo
1174 4245 1230 4280 eom
1239 4229 1461 4302 interemtum·

240 4258 310 4315 vm.
331 4258 372 4320 ro,
391 4259 417 4320 3,
431 4277 623 4335 praeparatum
638 4273 692 4326 siti
707 4295 832 4331 amenum
856 4313 890 4322 -
908 4287 1083 4354 probaturam
1102 4295 1251 4366 affirmans.
1287 4305 1461 4359 Demonstra-

240 4328 323 4379 tinum
342 4335 412 4395 apud
431 4341 544 4389 eundem
556 4343 711 4398 infinitluum
729 4352 808 4402 futuri
825 4358 954 4421 temporis
970 4366 1228 4436 subintellegcndum
1242 4377 1284 4424 est
1301 4377 1356 4435 llll,
1379 4375 1401 4438 Ι,
1419 4377 1458 4438 10.

239 4398 265 4449 er'
282 4399 340 4467 quis
358 4418 414 4455 eum
433 4422 559 4462 coemere
575 4414 653 4467 uellet
669 4435 776 4472 mmm
793 4426 939 4481 testimonio
956 4448 1011 4484 sao.
1049 4439 1148 4500 Cicero,
1169 4458 1250 4507 equo
1262 4446 1332 4496 haee
1349 4449 1458 4500 totidem

239 4472 297 4522 fere
315 4477 405 4526 uerbis
423 4481 558 4533 transtulit
576 4487 712 4549 Valerius.
738 4497 845 4559 scripsit
868 4516 917 4564 pro
943 4507 1043 4558 cluent.
1063 4505 1110 4568 48,
1133 4509 1183 4564 134
1200 4529 1306 4566 amram
1328 4533 1383 4570 esee
1401 4537 1458 4573 eam

238 4556 285 4592 ereo
304 4543 457 4600 testimonio.
494 4555 549 4614 Vll,
568 4553 594 4614 2.
615 4563 667 4612 ext.
690 4561 713 4620 1.
732 4565 877 4633 respondit.
897 4578 984 4626 utrm
1003 4591 1090 4629 eorum
1106 4581 1235 4647 fecisset.
1256 4591 1373 4640 acturam
1392 4605 1458 4658 poe·

237 4612 380 4669 nitentium.
416 4621 436 4678 Ι,
457 4621 481 4681 7,
501 4631 553 4679 ext.
576 4626 599 4686 7,
619 4630 793 4687 clarissimam
811 4667 845 4678 —
855 4641 980 4707 satarum
998 4652 1125 4714 copaoott.
1161 4657 1180 4713 Ι,
1200 4653 1225 4712 8.
1245 4660 1291 4708 ext
1308 4657 1340 4718 8.
1368 4661 1458 4715 ima·

239 4687 324 4736 nrum
342 4703 440 4758 equata
459 4699 519 4749 cett.
555 4698 723 4775 ambiguitas
742 4711 828 4760 utrum
847 4715 881 4763 ad
900 4716 1079 4786 Thrasippum
1099 4739 1134 4777 an
1152 4729 1187 4777 ad
1199 4728 1368 4784 massarum
1386 4737 1456 4788 refe·
