3409 5400
600 509 682 578 LlB.
705 508 749 589 V,
773 510 810 577 0.
834 512 867 589 b,
890 520 920 590 t.
944 513 975 582 2.
1000 514 1030 580 3.
1093 521 1096 530 “
1361 518 1428 585 ste
1483 566 1489 573 -

293 670 366 737 Hoc
389 672 537 759 exemplo
561 682 722 749 uetustas,
749 672 804 767 illo
828 673 998 739 saeculum
1019 682 1171 740 nostrum
1193 686 1344 744 ornatum
1367 678 1470 756 est‚3.

206 780 258 844 cui
280 780 418 867 contigit
439 780 617 847 fraternum
640 783 753 870 iugum
779 781 937 847 Claudiae
959 783 1066 867 prius,
1095 804 1182 848 nunc
1206 785 1303 849 etium
1326 785 1428 851 Iuliae

205 888 313 974 gentis
335 888 454 953 intueri
477 887 590 955 decus.
636 889 775 955 Tantum
799 890 885 955 enim
910 910 1056 955 amorem
1071 892 1225 977 princeps
1241 914 1428 980 parensque

205 1005 316 1059 noster
343 996 477 1059 insitum
506 997 616 1061 animo
645 997 755 1061 fratris
778 996 880 1062 Drusi
901 996 1031 1075 habuit,
1055 1010 1091 1063 ut
1113 1022 1188 1064 cum
1211 998 1330 1074 Ticini,
1363 1022 1428 1086 quo

182 1104 309 1169 euictor
331 1102 475 1169 hostium
503 1104 546 1169 ad
576 1104 829 1191 conplectendos
853 1118 1007 1192 parentes
1035 1109 1199 1182 uenerat‚'
1216 1110 1311 1194 graui
1338 1106 1428 1171 illum

206 1220 237 1273 et
259 1210 444 1296 periculosa
459 1210 637 1277 ualitudine
652 1214 686 1276 in
703 1212 880 1278 Germania
896 1212 1051 1279 fluctuare
1067 1227 1256 1303 cognosset,
1279 1215 1427 1301 protinus

204 1315 280 1381 iude
303 1328 392 1382 metu
415 1320 568 1385 attonitus
593 1331 785 1407 erumperet.
837 1320 900 1385 lter
931 1344 1060 1409 quoque
1089 1346 1188 1409 quam
1215 1322 1368 1411 rapidum
1397 1332 1429 1385 et

204 1446 364 1513 praeceps
388 1414 475 1491 uelu‘t
491 1449 556 1492 uuo
573 1428 689 1517 spiritu
713 1430 904 1515 corripuerit
926 1450 966 1493 eo
987 1438 1085 1516 patet,
1109 1432 1198 1517 quod
1213 1429 1315 1517 Alpes
1338 1430 1428 1495 Rbe-

204 1554 347 1619 numque
371 1542 600 1622 transgressus
624 1534 677 1599 die
702 1558 741 1600 ac
766 1546 860 1601 nocte
875 1547 998 1601 mutato
1015 1538 1154 1603 subinde
1178 1560 1263 1624 equo
1288 1539 1429 1602 ducenta

167 1656 195 1702 1⁰
204 1639 294 1705 milia
315 1662 476 1725 passuum
499 1665 558 1729 per
580 1643 680 1709 modo
704 1644 866 1709 deuictam
894 1644 1080 1709 barbariam
1111 1651 1214 1724 [nam]
1239 1645 1427 1731 Antabagio

205 1745 287 1813 duee
312 1747 383 1813 solo
407 1750 524 1815 comite
542 1760 712 1815 contentus
729 1752 846 1817 euasit.
893 1752 962 1816 Sed
979 1763 1137 1816 sumtum
1152 1752 1295 1817 manime
1312 1751 1427 1816 labore

205 1868 235 1919 et
258 1855 402 1942 periculo
426 1856 624 1944 implicatum
653 1857 905 1946 mortaliumque
936 1859 1120 1946 frequentia
1143 1858 1305 1923 defectum
1329 1881 1426 1923 sanc·

203 1964 367 2029 tissimum
397 1966 527 2050 pietatis
555 1986 678 2030 numen
707 1976 738 2029 et
766 1966 799 2029 di
826 1968 973 2032 fautores
1004 1969 1196 2033 eximiarum
1219 1968 1372 2032 uirtutum
1396 1975 1428 2030 et

204 2070 383 2136 fidissimus
399 2070 542 2141 Romani
557 2074 685 2160 imperii
708 2082 819 2139 custos
836 2072 978 2160 luppiter
993 2076 1167 2140 comitatus
1192 2085 1250 2141 est.
1296 2074 1426 2140 Drusus

167 2198 194 2243 15
206 2199 351 2267 quoque,
386 2200 586 2267 quamquam
619 2182 687 2246 fato
715 2184 782 2247 iam
815 2203 877 2245 suo
910 2203 1008 2269 quam
1039 2182 1125 2246 illius
1156 2182 1263 2245 oiiicio
1292 2184 1427 2267 propior

207 2336 230 2393 1.
250 2340 275 2405 s.
294 2332 320 2393 t.
339 2356 389 2393 om.
408 2338 439 2393 F.
456 2338 470 2408 ΙΙ
487 2342 629 2392 uetustatis
647 2339 675 2392 D
695 2346 720 2392 et
738 2356 809 2393 corr.
835 2339 865 2394 d.
883 2342 896 2410 ΙΙ
913 2341 970 2407 illo]
995 2340 1099 2393 baculis
1120 2339 1252 2393 inductam
1271 2354 1339 2392 corr.
1359 2339 1392 2392 A.
1402 2340 1416 2407 Η

204 2408 230 2463 2.
249 2412 344 2478 lullae]
365 2412 488 2463 aemiliae
507 2409 541 2464 Β.
556 2410 568 2479 ΙΙ
583 2408 609 2464 3.
627 2414 729 2465 intuere
748 2413 778 2465 Δ.
792 2410 841 2479 1111.
862 2416 1008 2481 cognoscet
1028 2410 1057 2464 C.
1077 2415 1254 2481 cognosceret
1271 2409 1308 2462 D.
1328 2428 1427 2479 cogno·

204 2483 292 2535 uisset
309 2479 374 2538 EF.
399 2479 460 2535 Vid.
479 2481 517 2533 nd
532 2481 569 2543 11,
591 2480 631 2543 111,
651 2483 675 2538 8.
691 2481 702 2550 ΙΙ
717 2483 743 2535 i.
762 2482 833 2549 inde]
853 2486 923 2535 idem
935 2480 1061 2537 AGDB.
1073 2484 1087 2551 ΙΙ
1099 2483 1338 2547 lter-rapidum]
1356 2485 1428 2533 idem

205 2555 634 2697 in⁰q¹¹⁰tdibi⁸lldibi⁰ii²
650 2552 751 2677 'ill‘
767 2557 867 2694 l⁸¹l⁰i
880 2551 1417 2693 {titiant-'ti'iiiiii?l

206 2640 320 2748 modlbbr
340 2696 369 2749 F.
383 2696 395 2766 ΙΙ
409 2642 560 2751 barbaridm
582 2662 659 2750 Tor-r.
674 2666 686 2766 11
699 2642 766 2748 nard
782 2660 929 2768 bntdbagib
949 2694 1015 2750 Get
1031 2695 1080 2750 titt.
1098 2715 1162 2749 nam
1170 2664 1278 2764 paucas
1296 2702 1376 2749 aetat.
1395 2660 1427 2749 A:

205 2771 369 2838 narrtabogio
387 2766 424 2822 D.
443 2771 608 2892 authubapio
626 2769 732 2830 (omisso
751 2777 825 2831 num)
842 2767 876 2820 Ε.
894 2771 1085 2838 namutabugio
1104 2767 1133 2820 F.
1151 2769 1304 2836 Antebagiu
1322 2766 1427 2826 (ambae

205 2847 278 2901 nam)
298 2838 375 2893 Torr.
387 2841 401 2909 ΙΙ
416 2839 457 2892 ii.
474 2845 537 2893 tune
580 2854 634 2893 err.
647 2841 660 2908 11
680 2837 721 2893 12.
741 2843 874 2892 adfectum
893 2838 959 2894 AD.
979 2837 992 2911 ll
1015 2837 1055 2893 13.
1073 2843 1191 2892 factores
1212 2837 1240 2891 0.
1260 2837 1272 2909 ΙΙ
1296 2834 1335 2890 ld.
1354 2840 1427 2890 tidie·

206 2913 301 2962 simum
320 2909 351 2964 F.
364 2911 503 2981 {liuppiler
522 2915 612 2965 custos
631 2911 663 2965 F.
675 2911 688 2981 ΙΙ
704 2910 743 2965 lb.
763 2913 841 2963 ullius
860 2909 974 2966 DTorr.
1000 2922 1012 2955 t

206 3054 343 3106 Auruncos
363 3057 467 3122 quidem
487 3059 533 3108 aut
551 3055 727 3122 Aequiculos,
746 3057 844 3120 quippe
869 3057 915 3119 qui
933 3057 1039 3125 longius
1064 3057 1158 3108 remoti
1181 3059 1271 3114 erant.
1296 3056 1427 3106 cumillis

205 3129 266 3177 tune
285 3128 463 3178 Romanorum
482 3130 605 3179 hostibus
624 3130 723 3180 fecisse
741 3128 887 3178 uerisimile
906 3132 957 3187 est,
976 3143 1010 3179 ne
1023 3129 1110 3178 dicam
1128 3129 1161 3178 de
1174 3143 1206 3179 eo
1219 3129 1289 3194 quod
1307 3128 1427 3177 neutrius

205 3198 294 3266 gentis
307 3213 403 3249 nomen
414 3201 578 3264 probabilius
590 3215 623 3252 ex
635 3203 760 3251 librorum
775 3201 907 3264 scriptura
919 3204 945 3250 et
956 3197 1050 3250 amida
1060 3202 1197 3250 erueretur
1209 3215 1289 3262 quam
1303 3200 1426 3248 Etrusco·

206 3283 272 3320 rum.
295 3271 464 3335 Quapropter
472 3271 545 3322 illam
556 3273 655 3322 codicis
666 3272 868 3335 Guelferbytani
878 3268 905 3322 Β
914 3273 940 3321 et
950 3273 1061 3322 aliorum
1072 3273 1237 3337 qrrnruudam
1247 3271 1427 3319 coniecturam

206 3343 278 3390 reete
297 3344 434 3405 receptam
452 3356 517 3392 esse
536 3343 630 3407 opinor
650 3345 676 3392 in
696 3344 815 3410 uulgatis
834 3343 1001 3394 editionibus.
1175 3339 1179 3347 ’

276 3405 301 3462 3.
321 3411 360 3462 ct.
379 3411 438 3463 Liu.
457 3414 517 3476 cpit.
537 3414 596 3463 libr.
615 3413 694 3464 CXI..
713 3414 779 3463 Ptin.
798 3413 824 3464 h.
843 3428 869 3464 n.
889 3413 944 3471 Vll,
962 3408 1006 3468 20,
1025 3408 1069 3463 20.
1093 3413 1152 3465 Dio.
1172 3415 1249 3462 Cass.
1273 3411 1336 3468 LV,
1355 3407 1381 3460 2.
1400 3427 1426 3473 p.

207 3480 253 3534 111
276 3481 360 3534 Reim.
379 3481 486 3548 (Sencc.
506 3497 579 3534 cons.
599 3485 634 3532 ad
652 3483 709 3535 Pol.
728 3477 771 3536 ³4.
790 3481 863 3533 Suet.
882 3483 940 3532 Tib.
959 3479 983 3531 1.
1003 3481 1067 3532 Tac.
1087 3497 1148 3534 ann.
1166 3483 1211 3539 111,
1230 3477 1269 3545 5.)

277 3549 322 3603 die
338 3566 371 3603 ac
394 3558 479 3610 sonte)
508 3555 578 3604 Certi
602 3555 731 3618 temporis
755 3553 961 3616 descriptionem
985 3554 1168 3602 necessariam
1193 3565 1258 3600 csse
1280 3566 1359 3601 namo
1383 3554 1427 3601 est

207 3625 268 3692 quin
286 3625 435 3693 intellegat.
469 3626 563 3691 ltaque
581 3640 598 3675 a
616 3628 745 3675 honorum
764 3623 891 3673 librorum
908 3622 1155 3672 testimonioaocte
1174 3621 1354 3673 exhibentium
1372 3624 1427 3672 dis·

207 3698 353 3748 cedendum
372 3699 438 3756 erat.
457 3713 511 3760 qua
528 3696 614 3747 torma
632 3711 681 3760 pro
700 3695 818 3744 abiatiuo
836 3696 912 3743 noete
924 3693 1058 3743 Valerium
1070 3696 1118 3742 aut
1135 3693 1265 3755 aequales
1284 3697 1341 3744 eicis
1359 3707 1427 3744 usos

207 3782 270 3819 esse
298 3783 352 3818 non
376 3770 440 3818 mihi
469 3781 581 3833 possum
610 3768 785 3832 persuadere.
829 3765 1014 3830 Relinquenda
1040 3765 1111 3815 haec
1134 3765 1224 3830 utique
1251 3766 1427 3830 antiquiorum

134 3899 137 3906 Ι
206 3842 355 3905 temporum
374 3841 547 3905 scriptoribus
567 3839 672 3904 (Claud.
692 3838 790 3898 Quadr.
809 3851 852 3900 ap.
871 3837 956 3888 Maur.
975 3835 1033 3886 Sat.
1050 3837 1071 3894 1,
1091 3833 1119 3900 4)
1138 3837 1208 3886 etin
1228 3837 1320 3899 primis
1337 3839 1426 3900 poetis

207 3911 304 3976 (Plani.
323 3913 377 3964 mil.
389 3913 423 3970 11.
441 3907 467 3972 4,
486 3909 530 3964 28.
549 3911 644 3975 Amph.
657 3910 678 3967 1,
702 3906 723 3967 Ι.
744 3903 803 3960 titi.
823 3908 890 3957 lium
903 3923 947 3972 ap.
959 3907 1079 3959 Maerob.
1092 3906 1149 3959 Sat.
1168 3909 1185 3956 l.
1199 3908 1234 3972 c.)
1254 3908 1292 3959 Cf.
1305 3908 1426 3960 ltuddim.

206 3979 450 4042 installari.
492 3982 578 4049 Atque
596 3983 676 4032 etiam
696 3981 805 4031 Plinium
832 3979 865 4030 de
884 3981 978 4030 eadem
997 3994 1026 4030 re
1045 3980 1222 4031 disserentem
1240 3982 1315 4030 nocte
1331 3993 1364 4031 ec
1382 3976 1427 4029 die

207 4056 333 4118 posuisse
351 4057 423 4106 recte
442 4055 587 4105 Torrenius
606 4055 790 4104 muamuerat.
958 4071 964 4082 ·
1262 4089 1267 4095 .
1369 4067 1376 4078 .

279 4125 361 4192 [sam]
381 4123 528 4192 Astabnpio
547 4122 623 4186 dece)
640 4125 707 4176 Mire
726 4138 837 4189 prorsus
856 4125 883 4173 in
902 4123 1008 4188 optimis
1025 4124 1161 4173 codicibus
1180 4127 1243 4174 ante
1261 4125 1337 4172 ducis
1353 4124 1425 4173 iilius

206 4211 303 4248 nomen
322 4199 440 4250 causalis
458 4199 591 4263 particula
608 4199 711 4248 inserta
728 4199 785 4254 est,
808 4209 879 4257 quae
897 4196 993 4245 deiude
1011 4196 1038 4244 iu
1055 4196 1247 4246 recentioribus
1267 4196 1426 4259 quibusdam

208 4269 306 4319 coaluit
323 4284 383 4319 cum
400 4270 460 4334 ipso
478 4271 585 4320 nomine
604 4269 667 4319 alibi
691 4269 806 4318 nondum
829 4268 946 4318 inuento.
987 4267 1166 4330 iuterpolandi
1191 4279 1322 4331 quaenam
1341 4278 1426 4312 causa

207 4341 286 4391 ruerit
306 4355 359 4392 uon
384 4341 473 4392 habeo
495 4341 597 4400 dicere,
623 4337 675 4390 nisi
698 4338 832 4389 librarium
856 4339 973 4402 priorem
998 4339 1158 4389 sententiam
1183 4351 1249 4386 uoce
1273 4330 1426 4384 barbariem

208 4411 275 4463 tiuiri
294 4415 451 4464 arbitratum
468 4413 652 4479 insequentem
671 4425 752 4473 quam
769 4411 895 4474 putabat.
919 4405 1064 4476 Aatabnpsfo
1089 4407 1155 4460 decc
1178 4406 1233 4458 solo
1258 4404 1349 4457 comite
1367 4418 1426 4454 coa·

209 4487 292 4536 emma
310 4483 403 4539 raucit.
423 4486 527 4535 causali
545 4499 616 4536 nexu
635 4499 695 4534 cum
714 4497 748 4532 ea
765 4483 927 4550 coniungere
944 4481 1063 4532 uoluisse
1086 4478 1291 4531 existimaueris.
1333 4475 1427 4538 Neque

208 4557 277 4606 enim
298 4556 440 4620 adipsum
458 4556 602 4626 Antebagii
620 4569 717 4606 nomen
737 4553 871 4618 syllabam
889 4567 950 4602 aem
967 4554 1098 4616 portinere
1117 4549 1282 4602 crediderim.

272 4625 337 4694 sete
355 4626 408 4678 ium
426 4642 473 4679 suo
491 4641 568 4696 paam
586 4624 658 4677 itlius
680 4622 770 4693 effeto
812 4622 913 4692 rapior)
936 4624 978 4673 lta
996 4623 1124 4673 edebatur
1143 4623 1205 4670 ante
1222 4618 1358 4685 Pighium‚
1383 4620 1427 4684 qui

208 4699 297 4750 inuitis
317 4699 394 4750 bonis
413 4701 549 4750 codicibus
567 4697 649 4749 tacite
666 4697 789 4763 poenita
815 4693 851 4746 'aa
869 4692 966 4763 officia
985 4695 1055 4745 unde
1068 4693 1221 4743 Perizonius
1241 4694 1268 4739 et
1285 4693 1348 4738 ante
1366 4703 1427 4740 enm

208 4771 262 4824 iam
281 4771 403 4842 (inpetus
421 4772 591 4829 comanerent
607 4771 751 4842 tegendum
770 4781 834 4820 esse
851 4765 900 4819 atti
916 4763 1014 4836 efficio.
1056 4765 1154 4819 Verum
1176 4761 1323 4812 mantiesta
1345 4776 1428 4828 oppo-

1169 4849 1213 4919 28
