3409 5400
260 516 328 589 aa
645 505 735 575 oa
756 498 1065 573 ronnrvomn
1108 512 1113 519 ·

261 680 351 745 niam
369 674 554 760 protectus,
578 669 804 735 Celtibericum
833 665 896 731 sub
923 685 964 727 eo
990 660 1111 727 bellum
1139 673 1279 747 gerens,
1305 666 1486 743 postquam

262 782 418 869 cognouit
444 802 466 843 a
494 776 637 863 quodam
671 774 779 861 gentis
813 771 912 835 huius
946 771 1064 835 iuuene
1107 787 1146 831 se
1183 765 1226 831 ad
1261 761 1486 829 dimicandum

260 886 444 972 prouocari,
468 894 538 948 erat
561 894 668 947 nartem
691 879 737 943 illi
760 878 842 943 forte
873 874 1058 962 prandendi
1089 873 1198 960 gratia
1224 873 1336 958 posita
1356 890 1486 942 mensa,

260 994 373 1057 relicta
393 1012 443 1065 ea,
469 1008 561 1053 anna
585 1009 648 1053 sua
670 996 760 1051 extra
783 982 907 1048 uallum
928 982 1049 1045 deferri
1072 1000 1257 1066 equumque
1280 978 1377 1041 educi
1399 974 1486 1039 clam

261 1101 366 1172 iussit,
389 1118 467 1161 nea
482 1094 612 1159 Metello
629 1092 836 1177 inpediretur,
861 1101 893 1153 et
911 1087 1000 1151 illum
1018 1074 1212 1152 Celtiberum
1228 1082 1510 1150 insolentissimae

263 1205 504 1289 obequitantem
536 1208 744 1263 consectatus
767 1195 956 1270 interemit,
989 1193 1218 1278 detractasque
1251 1190 1381 1275 corpori
1414 1189 1486 1251 eius

262 1309 397 1375 exuuias
423 1326 529 1371 ouans
553 1305 674 1372 laetitia
696 1306 730 1367 in
754 1314 865 1367 castra
885 1298 1003 1363 retulit.
1051 1297 1144 1365 Idem
1170 1297 1363 1384 Pyrresum,
1392 1293 1487 1359 nobi·

262 1416 349 1483 litate
373 1434 412 1477 aa
445 1414 559 1475 uirtute
590 1432 706 1475 omnes
731 1407 910 1471 Celtiberos
938 1416 1176 1491 praestantem,
1205 1426 1281 1469 curn
1310 1402 1352 1468 ab
1380 1422 1420 1464 eo
1450 1401 1485 1463 in

263 1531 427 1587 certamen
449 1538 582 1603 pugnae
606 1514 786 1580 deuocatus
810 1524 909 1588 esset,
933 1511 1147 1577 succumbere
1171 1511 1236 1575 sibi
1250 1510 1369 1595 coegit.
1415 1504 1487 1570 Nee

263 1626 390 1691 erubuit
412 1623 658 1709 flagrantissimi
682 1620 822 1706 pectoris
845 1620 974 1685 iuuenis
991 1617 1138 1703 gladium
1162 1619 1192 1682 ei
1208 1638 1305 1685 suum
1330 1626 1361 1677 et
1383 1626 1527 1699 sagn-to

262 1733 329 1797 lum
353 1742 487 1814 utroque
512 1728 653 1791 exercitu
678 1736 845 1811 spectante
877 1724 1014 1788 tradere.
1065 1723 1122 1787 llle
1151 1745 1229 1787 uero
1266 1723 1363 1787 otiam
1398 1718 1489 1805 petiit

263 1850 298 1903 ut
319 1835 453 1920 hospitii
475 1834 544 1896 iure
575 1834 657 1895 inter
688 1854 723 1897 sc
755 1831 856 1893 iuncti
884 1842 1013 1904 essent,
1042 1829 1176 1915 quando
1203 1831 1287 1893 inter
1315 1829 1487 1893 Romanos

265 1956 296 2005 ct
319 1940 498 2005 Celtiberos
522 1960 587 2022 pax
610 1939 694 2001 soret
715 1938 874 2001 restituta.

199 2044 252 2111 22.
352 2044 402 2109 Ne
426 2042 565 2107 Acilium
590 2042 721 2128 quidem
745 2044 922 2126 praeterire
937 2064 1128 2126 possumus,
1151 2045 1217 2130 qui,
1239 2064 1314 2107 cum
1337 2041 1488 2105 decimae

222 2178 229 2187 ·
264 2140 406 2241 legionis
428 2150 523 2215 miles
547 2170 606 2235 pro
632 2148 666 2215 C.
692 2148 847 2211 Caesaris
879 2149 1025 2232 partibus
1056 2151 1222 2216 maritima
1250 2168 1365 2234 pugna
1391 2158 1527 2232 pree-¹⁵

264 2262 410 2335 daretur,
447 2256 581 2320 abscisa
610 2240 755 2329 dextera,
793 2276 903 2339 quam
919 2254 1178 2321 Massiliensium
1211 2256 1289 2319 naui
1321 2254 1488 2325 iniecerat,

264 2368 360 2431 laeua
394 2363 528 2450 puppim
564 2360 797 2447 adprehendit,
832 2381 894 2423 nee
930 2373 1005 2423 aute
1040 2360 1197 2425 dimicare
1232 2361 1355 2425 destitit
1389 2378 1490 2443 quarn

265 2486 394 2559 captam
419 2468 580 2555 profundo
611 2480 782 2554 mergeret.
837 2464 935 2546 Quod
965 2466 1088 2531 factum
1116 2490 1231 2553 parum
1258 2468 1346 2529 iusta
1375 2465 1490 2527 notitia

265 2590 360 2667 patet.
407 2578 450 2639 At
474 2574 694 2659 Cynaegirum
714 2572 960 2647 Atheniensem,
984 2572 1081 2636 simili
1104 2573 1285 2658 pertinacia
1312 2572 1347 2634 in
1371 2590 1488 2634 conse·

266 2683 392 2752 ctandis
416 2680 566 2744 hostibus
595 2701 703 2753 usum,
734 2678 875 2743 uerbosa
904 2691 999 2743 cantu
1028 2679 1162 2745 laudum
1190 2699 1326 2744 suarum
1349 2675 1529 2741 Graeciae

266 2789 409 2854 omniurn
435 2783 641 2866 saeculorum
666 2787 842 2850 memoriae
865 2785 1043 2852 litterarum
1067 2788 1243 2872 praeconio
1266 2783 1416 2850 inculcat.

203 2903 275 2970 23.
356 2892 539 2956 Classicam
557 2889 649 2954 acilii
674 2891 813 2978 gloriam
838 2894 981 2955 terrestri
1007 2893 1104 2956 laude
1120 2893 1166 2957 M.
1183 2892 1323 2958 Caesius
1346 2890 1487 2964 Scaeua,

770 3013 983 3028 -0——1

267 3067 292 3126 8.
311 3085 407 3124 mensa
424 3069 513 3136 posita
531 3063 638 3119 P'l'orr.
654 3063 666 3138 11
680 3061 705 3119 il.
730 3069 945 3134 ohsequitaatem
962 3067 1053 3138 Ponti
1068 3067 1092 3124 1.
1115 3072 1227 3120 exubiae
1245 3067 1307 3122 ΑΒ.
1327 3066 1340 3137 11
1358 3067 1489 3120 laetitiam

267 3142 500 3210 AD.lll'yresum
520 3135 551 3190 Γ.
576 3138 694 3188 Pirssum
718 3136 820 3206 Τον1·.11
837 3138 861 3190 8.
888 3141 967 3201 atque
990 3139 1024 3191 tt.
1046 3139 1058 3208 11
1079 3143 1228 3192 Celtiberos
1252 3157 1346 3194 omnes
1371 3137 1447 3195 Torr.
1462 3137 1475 3210 11

270 3213 311 3268 10.
330 3217 355 3266 ei
374 3215 490 3282 gladlnrn
509 3206 567 3273 1111
582 3204 621 3259 il.
642 3212 761 3274 introque
776 3222 820 3274 pr.
830 3209 862 3268 Α.
873 3206 886 3275 11
901 3208 942 3262 ii.
955 3212 1063 3274 hospitii
1075 3227 1124 3262 om.
1132 3227 1178 3279 pr.
1191 3207 1218 3264 C.
1233 3216 1245 3278 11
1263 3210 1303 3264 it.
1322 3213 1362 3263 Ne
1375 3207 1488 3277 -1151

267 3285 357 3352 miles]
376 3285 470 3335 Atilius
490 3281 608 3330 decimae
628 3281 740 3347 legionis
753 3279 830 3327 mites
848 3294 907 3329 erim
921 3277 952 3330 Γ.
963 3278 977 3346 ΙΙ
989 3284 1088 3333 atilium
1101 3279 1230 3335 1101111.
1250 3286 1277 3335 C.
1291 3283 1397 3333 autrum
1411 3282 1489 3336 Torr.

272 3356 306 3410 Vt
323 3371 371 3407 aas
389 3355 450 3406 Por.
468 3351 538 3404 Suet.
556 3347 623 3400 Plat.
643 3349 659 3402 l.
679 3363 701 3402 c.
723 3347 845 3400 Correxit
862 3347 948 3416 impp.
960 3349 974 3417 11
985 3355 1092 3414 quidem
1111 3369 1160 3404 om.
1179 3369 1226 3421 pr.
1243 3351 1282 3404 D.
1299 3352 1313 3420 11
1332 3348 1373 3404 iii.
1395 3357 1490 3406 dextra

270 3427 346 3478 'lbra
366 3422 428 3475 add.
448 3423 481 3471 aii
496 3419 603 3488 praetia
620 3425 732 3472 notatam
751 3416 784 3472 B.
798 3417 811 3488 11
825 3421 1049 3489 Massiliensium]
1075 3425 1103 3476 ia
1120 3439 1218 3476 rasura
1238 3421 1270 3476 A.
1296 3426 1332 3476 ad
1355 3426 1488 3476 silentium

267 3497 292 3549 Β
301 3497 330 3548 C.
345 3495 356 3562 11
371 3495 432 3545 urrul
447 3519 458 3546 ο
473 3487 511 3544 A.
524 3492 601 3540 nutris
620 3489 681 3543 BC.
695 3489 708 3558 ΙΙ
720 3491 758 3542 IN
766 3492 775 3540 i
788 3495 879 3543 ecerat
890 3487 1004 3550 (litterae
1021 3496 1080 3545 lNi
1098 3495 1126 3545 ia
1138 3500 1246 3556 rasura)
1257 3492 1289 3548 A.
1300 3492 1315 3561 11
1330 3491 1370 3547 Π.
1383 3498 1445 3547 leua
1456 3495 1489 3548 A.

281 3564 351 3628 1118.
370 3565 444 3626 Quod
464 3587 498 3600 —-·
517 3558 583 3628 121.)
602 3563 717 3612 inculcat
734 3577 782 3612 om.
800 3557 916 3630 111119.
936 3567 1093 3632 cynegirum
1112 3565 1143 3619 A.
1163 3561 1176 3635 11
1197 3568 1398 3617 Atheniensium
1417 3563 1451 3619 Ε.
1464 3567 1479 3636 11

268 3635 311 3690 itt.
330 3635 420 3700 centn]
435 3638 499 3702 port
516 3647 624 3683 suarum
645 3631 722 3686 Torr.
745 3635 850 3684 cnutum
875 3629 907 3686 Β.
922 3627 935 3703 11
954 3631 998 3686 28.
1023 3637 1172 3687 Classicam
1190 3639 1323 3688 —laude
1348 3653 1397 3690 ora.
1421 3635 1480 3706 1111

269 3709 334 3759 atiiii
351 3705 373 3758 Α
383 3703 436 3758 OD
444 3703 520 3757 Torr.
539 3705 614 3754 attilii
632 3700 665 3757 Ε.

772 3791 985 3809 m

270 3867 393 3918 Celtiberi
412 3867 508 3916 mentio
527 3865 637 3922 inicitur,
657 3866 701 3928 qui
720 3863 746 3916 in
765 3867 902 3920 Danioiino
921 3870 1003 3927 libro,
1023 3883 1102 3933 quem
1120 3870 1270 3933 scqrrirnur,
1292 3869 1442 3934 Pyrresus,
1462 3869 1488 3919 ia

269 3939 388 4005 uolgatis
406 3937 506 3988 Valerii
525 3937 654 4000 exemplis
674 3937 783 3988 Pirosus
802 3941 904 3992 dicitur.

341 4004 383 4058 22
403 4007 441 4059 Cf.
461 4009 527 4058 Piut.
547 4010 626 4060 Caes.
648 4001 687 4060 lli.
707 4007 779 4060 siet.
799 4011 879 4060 Caes.
897 4005 939 4064 118.

340 4075 464 4136 inculcat)
497 4077 670 4128 Scribonium
700 4081 803 4130 uidetur
832 4079 983 4133 1111111111κὶ1.
1026 4079 1118 4148 Neque
1143 4084 1214 4133 enlm
1239 4084 1375 4134 Valerium
1399 4084 1490 4134 dicere

272 4147 390 4200 uoluisse
402 4150 496 4211 opinor
508 4151 587 4199 etiarn
601 4153 655 4200 turn
668 4151 783 4200 omnium
796 4154 965 4203 sacculorum
977 4154 1122 4203 memoriae
1141 4157 1176 4204 ab
1188 4156 1363 4218 scriptoribus
1376 4155 1488 4204 Graecis

272 4221 397 4270 inculcari
415 4219 608 4286 Cynaegirum,
637 4223 684 4270 scd
707 4223 761 4271 ium
786 4223 886 4272 lactum
909 4224 934 4272 id
960 4237 1032 4275 csse.
1078 4224 1335 4288 Frequentipsimum
1353 4226 1404 4274 hoc
1422 4238 1489 4274 esee

232 4319 234 4324 ·
271 4293 404 4348 ruendum,
424 4305 475 4354 qno
493 4291 643 4352 praesentis
661 4294 788 4354 temporis
808 4295 1020 4344 terminationem
1039 4299 1127 4358 atpro
1145 4297 1257 4360 perfecti
1276 4295 1335 4347 attii
1350 4295 1489 4359 posuerint

270 4361 379 4420 librarii,
398 4375 450 4410 noa
470 4361 599 4424 estquod
618 4375 749 4412 moneam.
776 4363 835 4415 Vid.
854 4364 890 4414 ad
907 4365 927 4423 1,
946 4361 972 4423 8,
991 4367 1045 4415 ext
1062 4360 1089 4415 3.

341 4425 386 4487 23.
413 4431 454 4484 ct
476 4431 597 4482 Caeab·
617 4427 794 4492 eiu.111.53.
819 4435 888 4483 Piut.
912 4437 992 4488 Caes.
1019 4430 1059 4488 iti.
1084 4436 1158 4488 Suet.
1182 4440 1262 4489 Caes.
1282 4432 1326 4490 68.
1349 4435 1419 4501 App.
1437 4439 1489 4490 eiu.

269 4503 302 4560 ll,
322 4496 357 4552 80
374 4517 400 4564 p.
419 4497 480 4552 229.
504 4501 605 4552 Lucan.
623 4501 667 4560 Vl,
689 4499 748 4554 iti.
771 4503 842 4556 Flor.
860 4505 917 4564 llll,
935 4502 962 4564 2.
981 4502 1025 4559 10.
1355 4500 1358 4506 ’

341 4569 381 4622 Μ.
402 4569 510 4622 Caesius
526 4569 639 4634 Scauro)
662 4573 804 4624 Plutarcho
830 4577 857 4625 et
880 4575 1007 4628 Suetonio
1025 4579 1138 4629 Cassius
1155 4579 1265 4632 Scaeua
1282 4581 1407 4636 uremur.
1428 4574 1491 4630 reli·

270 4643 331 4704 quis
350 4643 503 4706 simpliciter
520 4641 634 4694 Scaeua.
671 4645 755 4694 Credo
774 4645 899 4698 librarios
918 4647 1023 4700 facilius
1039 4666 1057 4698 a
1069 4652 1165 4702 Caesio
1183 4653 1211 4704 iu
1222 4651 1348 4702 Cassium
1360 4654 1491 4702 aberrare

269 4714 392 4792 potuisse
410 4728 488 4786 quam
502 4715 602 4776 contra,
620 4715 733 4780 ideoque
750 4713 813 4768 illud
825 4733 922 4770 nomen
935 4720 1078 4774 Plutarcho
1096 4738 1203 4791 quoque
1220 4726 1250 4774 et
1264 4721 1394 4774 Suetonio
1411 4723 1492 4774 mii·
