<?xml version="1.0" encoding="UTF-8"?>
<!DOCTYPE html PUBLIC "-//W3C//DTD XHTML 1.0 Transitional//EN"
    "http://www.w3.org/TR/xhtml1/DTD/xhtml1-transitional.dtd">
<html xmlns="http://www.w3.org/1999/xhtml" xml:lang="en" lang="en">
 <head>
  <title>
</title>
<meta http-equiv="Content-Type" content="text/html;charset=utf-8" />
  <meta name='ocr-system' content='tesseract 3.04.00' />
  <meta name='ocr-capabilities' content='ocr_page ocr_carea ocr_par ocr_line ocrx_word'/>
</head>
<body>
  <div class='ocr_page' id='page_1' title='image "./valerimaximifac00parigoog_0504.png"; bbox 0 0 3409 5400; ppageno 0'>
   <div class='ocr_carea' id='block_1_1' title="bbox 569 528 1424 609">
    <p class='ocr_par' dir='ltr' id='par_1_1' title="bbox 569 528 1424 609">
     <span class='ocr_line' id='line_1_1' title="bbox 569 528 1424 609; baseline 0.013 -14"><span class='ocrx_word' id='word_1_1' title='bbox 569 528 651 597; x_wconf 86' lang='lat' dir='ltr'><strong>LlB.</strong></span> <span class='ocrx_word' id='word_1_2' title='bbox 676 528 735 609; x_wconf 89' lang='lat' dir='ltr'><strong>Vl,</strong></span> <span class='ocrx_word' id='word_1_3' title='bbox 760 528 798 595; x_wconf 86' lang='lat' dir='ltr'><strong>G.</strong></span> <span class='ocrx_word' id='word_1_4' title='bbox 824 531 856 607; x_wconf 80' lang='lat'><strong>3,</strong></span> <span class='ocrx_word' id='word_1_5' title='bbox 879 539 909 607; x_wconf 69' lang='lat'><strong>8.</strong></span> <span class='ocrx_word' id='word_1_6' title='bbox 934 528 1053 599; x_wconf 71' lang='lat' dir='ltr'><strong>r-o‘.</strong></span> <span class='ocrx_word' id='word_1_7' title='bbox 1358 538 1424 607; x_wconf 81' lang='grc'><strong>489</strong></span> 
     </span>
    </p>
   </div>
   <div class='ocr_carea' id='block_1_2' title="bbox 87 690 1467 2071">
    <p class='ocr_par' dir='ltr' id='par_1_2' title="bbox 87 690 1467 2071">
     <span class='ocr_line' id='line_1_2' title="bbox 198 690 1424 779; baseline 0.001 -18"><span class='ocrx_word' id='word_1_8' title='bbox 198 693 517 766; x_wconf 87' lang='lat' dir='ltr'><strong>animaduerterunt,</strong></span> <span class='ocrx_word' id='word_1_9' title='bbox 545 691 673 779; x_wconf 86' lang='lat' dir='ltr'><strong>lateque</strong></span> <span class='ocrx_word' id='word_1_10' title='bbox 697 700 813 779; x_wconf 88' lang='lat' dir='ltr'><strong>patens</strong></span> <span class='ocrx_word' id='word_1_11' title='bbox 837 690 1005 777; x_wconf 79' lang='lat' dir='ltr'>opprobrii</span> <span class='ocrx_word' id='word_1_12' title='bbox 1035 692 1226 761; x_wconf 71' lang='lat' dir='ltr'><strong>deformitas</strong></span> <span class='ocrx_word' id='word_1_13' title='bbox 1249 699 1424 765; x_wconf 86' lang='lat' dir='ltr'><strong>seueritate</strong></span> 
     </span>
     <span class='ocr_line' id='line_1_3' title="bbox 199 798 1423 888; baseline 0.004 -23"><span class='ocrx_word' id='word_1_14' title='bbox 199 800 352 888; x_wconf 87' lang='lat' dir='ltr'><strong>supplicii</strong></span> <span class='ocrx_word' id='word_1_15' title='bbox 382 798 557 865; x_wconf 85' lang='lat' dir='ltr'><strong>emendata</strong></span> <span class='ocrx_word' id='word_1_16' title='bbox 585 810 650 873; x_wconf 87' lang='lat' dir='ltr'><strong>est,</strong></span> <span class='ocrx_word' id='word_1_17' title='bbox 686 800 764 887; x_wconf 86' lang='lat' dir='ltr'><strong>quia</strong></span> <span class='ocrx_word' id='word_1_18' title='bbox 795 811 951 887; x_wconf 88' lang='lat' dir='ltr'><strong>quantum</strong></span> <span class='ocrx_word' id='word_1_19' title='bbox 980 799 1109 865; x_wconf 88' lang='lat' dir='ltr'><strong>ruboris</strong></span> <span class='ocrx_word' id='word_1_20' title='bbox 1138 804 1261 867; x_wconf 87' lang='lat' dir='ltr'><strong>ciuitati</strong></span> <span class='ocrx_word' id='word_1_21' title='bbox 1291 815 1423 870; x_wconf 88' lang='lat' dir='ltr'><strong>nostrae</strong></span> 
     </span>
     <span class='ocr_line' id='line_1_4' title="bbox 198 906 1425 997; baseline 0.002 -25"><span class='ocrx_word' id='word_1_22' title='bbox 198 907 355 973; x_wconf 87' lang='lat' dir='ltr'><strong>mulieres</strong></span> <span class='ocrx_word' id='word_1_23' title='bbox 380 906 512 991; x_wconf 74' lang='lat' dir='ltr'><strong>turpiter</strong></span> <span class='ocrx_word' id='word_1_24' title='bbox 535 927 572 970; x_wconf 88' lang='lat' dir='ltr'><strong>se</strong></span> <span class='ocrx_word' id='word_1_25' title='bbox 596 906 742 994; x_wconf 86' lang='lat' dir='ltr'><strong>gerendo</strong></span> <span class='ocrx_word' id='word_1_26' title='bbox 766 908 987 984; x_wconf 70' lang='lat' dir='ltr'><strong>incusserant,</strong></span> <span class='ocrx_word' id='word_1_27' title='bbox 1010 916 1135 975; x_wconf 90' lang='lat' dir='ltr'><strong>tautum</strong></span> <span class='ocrx_word' id='word_1_28' title='bbox 1148 909 1257 975; x_wconf 90' lang='lat' dir='ltr'><strong>laudis</strong></span> <span class='ocrx_word' id='word_1_29' title='bbox 1282 911 1425 997; x_wconf 82' lang='lat' dir='ltr'><strong>grauiter</strong></span> 
     </span>
     <span class='ocr_line' id='line_1_5' title="bbox 198 1013 551 1101; baseline 0 -22"><span class='ocrx_word' id='word_1_30' title='bbox 198 1016 333 1101; x_wconf 89' lang='lat' dir='ltr'><strong>punitae</strong></span> <span class='ocrx_word' id='word_1_31' title='bbox 358 1013 551 1081; x_wconf 78' lang='lat' dir='ltr'><strong>adtulerunt.</strong></span> 
     </span>
     <span class='ocr_line' id='line_1_6' title="bbox 173 1120 1467 1208; baseline 0 -21"><span class='ocrx_word' id='word_1_32' title='bbox 173 1144 188 1187; x_wconf 80' lang='grc' dir='ltr'><strong>ι</strong></span> <span class='ocrx_word' id='word_1_33' title='bbox 289 1120 439 1186; x_wconf 85' lang='lat' dir='ltr'><strong>Publicia</strong></span> <span class='ocrx_word' id='word_1_34' title='bbox 462 1130 586 1197; x_wconf 88' lang='lat' dir='ltr'><strong>autem,</strong></span> <span class='ocrx_word' id='word_1_35' title='bbox 610 1141 695 1208; x_wconf 86' lang='lat' dir='ltr'><strong>quae</strong></span> <span class='ocrx_word' id='word_1_36' title='bbox 718 1122 925 1187; x_wconf 89' lang='lat' dir='ltr'><strong>Postmnium</strong></span> <span class='ocrx_word' id='word_1_37' title='bbox 947 1121 1104 1189; x_wconf 84' lang='lat' dir='ltr'><strong>Albinum</strong></span> <span class='ocrx_word' id='word_1_38' title='bbox 1134 1123 1321 1199; x_wconf 87' lang='lat' dir='ltr'><strong>consulem,</strong></span> <span class='ocrx_word' id='word_1_39' title='bbox 1349 1126 1425 1191; x_wconf 86' lang='lat' dir='ltr'><strong>item</strong></span> <span class='ocrx_word' id='word_1_40' title='bbox 1434 1124 1467 1189; x_wconf 85' lang='grc'><strong>8.</strong></span> 
     </span>
     <span class='ocr_line' id='line_1_7' title="bbox 88 1226 1426 1315; baseline 0.005 -23"><span class='ocrx_word' id='word_1_41' title='bbox 88 1262 90 1299; x_wconf 70' lang='grc' dir='ltr'><strong>ι</strong></span> <span class='ocrx_word' id='word_1_42' title='bbox 198 1228 338 1304; x_wconf 85' lang='lat' dir='ltr'><strong>Licinia,</strong></span> <span class='ocrx_word' id='word_1_43' title='bbox 362 1250 448 1315; x_wconf 88' lang='lat' dir='ltr'><strong>quae</strong></span> <span class='ocrx_word' id='word_1_44' title='bbox 473 1227 645 1295; x_wconf 86' lang='lat' dir='ltr'><strong>Claudium</strong></span> <span class='ocrx_word' id='word_1_45' title='bbox 668 1226 816 1298; x_wconf 87' lang='lat' dir='ltr'><strong>Asellum</strong></span> <span class='ocrx_word' id='word_1_46' title='bbox 840 1231 932 1296; x_wconf 88' lang='lat' dir='ltr'><strong>uiros</strong></span> <span class='ocrx_word' id='word_1_47' title='bbox 955 1253 1035 1297; x_wconf 88' lang='lat' dir='ltr'><strong>suos</strong></span> <span class='ocrx_word' id='word_1_48' title='bbox 1063 1252 1190 1297; x_wconf 87' lang='lat' dir='ltr'><strong>ueneno</strong></span> <span class='ocrx_word' id='word_1_49' title='bbox 1213 1242 1426 1310; x_wconf 83' lang='lat' dir='ltr'><strong>necauerant,</strong></span> 
     </span>
     <span class='ocr_line' id='line_1_8' title="bbox 88 1336 1426 1426; baseline 0.004 -28"><span class='ocrx_word' id='word_1_50' title='bbox 88 1372 90 1407; x_wconf 74' lang='lat'><strong>,</strong></span> <span class='ocrx_word' id='word_1_51' title='bbox 198 1337 458 1423; x_wconf 88' lang='lat' dir='ltr'><strong>propinquorum</strong></span> <span class='ocrx_word' id='word_1_52' title='bbox 482 1336 613 1401; x_wconf 86' lang='lat' dir='ltr'><strong>decreto</strong></span> <span class='ocrx_word' id='word_1_53' title='bbox 637 1338 862 1426; x_wconf 73' lang='lat' dir='ltr'>strangulatae</span> <span class='ocrx_word' id='word_1_54' title='bbox 885 1349 971 1406; x_wconf 92' lang='lat' dir='ltr'><strong>sunt.</strong></span> <span class='ocrx_word' id='word_1_55' title='bbox 1021 1338 1099 1404; x_wconf 91' lang='lat' dir='ltr'><strong>Non</strong></span> <span class='ocrx_word' id='word_1_56' title='bbox 1121 1339 1208 1403; x_wconf 90' lang='lat' dir='ltr'><strong>euim</strong></span> <span class='ocrx_word' id='word_1_57' title='bbox 1232 1350 1426 1426; x_wconf 88' lang='lat' dir='ltr'><strong>putauerunt</strong></span> 
     </span>
     <span class='ocr_line' id='line_1_9' title="bbox 87 1444 1423 1534; baseline 0.003 -27"><span class='ocrx_word' id='word_1_58' title='bbox 87 1456 89 1517; x_wconf 66' lang='lat' dir='ltr'><strong>i</strong></span> <span class='ocrx_word' id='word_1_59' title='bbox 199 1444 405 1509; x_wconf 85' lang='lat' dir='ltr'><strong>seuerissimi</strong></span> <span class='ocrx_word' id='word_1_60' title='bbox 427 1444 490 1509; x_wconf 90' lang='lat' dir='ltr'><strong>uiri</strong></span> <span class='ocrx_word' id='word_1_61' title='bbox 520 1445 554 1508; x_wconf 93' lang='lat' dir='ltr'><strong>in</strong></span> <span class='ocrx_word' id='word_1_62' title='bbox 577 1454 645 1509; x_wconf 88' lang='lat' dir='ltr'><strong>tam</strong></span> <span class='ocrx_word' id='word_1_63' title='bbox 668 1444 811 1512; x_wconf 89' lang='lat' dir='ltr'><strong>euidenti</strong></span> <span class='ocrx_word' id='word_1_64' title='bbox 842 1446 968 1511; x_wconf 87' lang='lat' dir='ltr'><strong>scelere</strong></span> <span class='ocrx_word' id='word_1_65' title='bbox 990 1446 1128 1534; x_wconf 86' lang='lat' dir='ltr'><strong>longum</strong></span> <span class='ocrx_word' id='word_1_66' title='bbox 1150 1446 1300 1533; x_wconf 86' lang='lat' dir='ltr'><strong>publicae</strong></span> <span class='ocrx_word' id='word_1_67' title='bbox 1324 1468 1423 1534; x_wconf 91' lang='lat' dir='ltr'><strong>quae-</strong></span> 
     </span>
     <span class='ocr_line' id='line_1_10' title="bbox 200 1536 1423 1641; baseline 0.005 -27"><span class='ocrx_word' id='word_1_68' title='bbox 200 1552 317 1616; x_wconf 87' lang='lat' dir='ltr'><strong>stionis</strong></span> <span class='ocrx_word' id='word_1_69' title='bbox 340 1536 469 1637; x_wconf 83' lang='lat' dir='ltr'><strong>tempus</strong></span> <span class='ocrx_word' id='word_1_70' title='bbox 493 1551 761 1637; x_wconf 86' lang='lat' dir='ltr'><strong>exspectandum.</strong></span> <span class='ocrx_word' id='word_1_71' title='bbox 811 1550 926 1641; x_wconf 85' lang='lat' dir='ltr'><strong>ltaque</strong></span> <span class='ocrx_word' id='word_1_72' title='bbox 955 1576 1095 1641; x_wconf 85' lang='lat' dir='ltr'><strong>quarum</strong></span> <span class='ocrx_word' id='word_1_73' title='bbox 1120 1554 1343 1621; x_wconf 88' lang='lat' dir='ltr'><strong>innocentium</strong></span> <span class='ocrx_word' id='word_1_74' title='bbox 1359 1555 1423 1620; x_wconf 57' lang='lat' dir='ltr'><strong>*de-</strong></span> 
     </span>
     <span class='ocr_line' id='line_1_11' title="bbox 161 1658 1218 1734; baseline 0.005 -12"><span class='ocrx_word' id='word_1_75' title='bbox 161 1670 190 1715; x_wconf 83' lang='grc' dir='ltr'><strong>ιο</strong></span> <span class='ocrx_word' id='word_1_76' title='bbox 199 1660 351 1723; x_wconf 80' lang='lat' dir='ltr'><strong>tonsores</strong></span> <span class='ocrx_word' id='word_1_77' title='bbox 374 1658 525 1734; x_wconf 86' lang='lat' dir='ltr'><strong>fuissent,</strong></span> <span class='ocrx_word' id='word_1_78' title='bbox 552 1661 695 1725; x_wconf 88' lang='lat' dir='ltr'><strong>sontium</strong></span> <span class='ocrx_word' id='word_1_79' title='bbox 717 1670 844 1726; x_wconf 85' lang='lat' dir='ltr'><strong>mature</strong></span> <span class='ocrx_word' id='word_1_80' title='bbox 866 1660 1016 1727; x_wconf 82' lang='lat' dir='ltr'><strong>uindices</strong></span> <span class='ocrx_word' id='word_1_81' title='bbox 1039 1661 1218 1727; x_wconf 85' lang='lat' dir='ltr'><strong>extiterunt.</strong></span> 
     </span>
     <span class='ocr_line' id='line_1_12' title="bbox 290 1764 1465 1855; baseline 0.009 -26"><span class='ocrx_word' id='word_1_82' title='bbox 290 1764 416 1853; x_wconf 84' lang='lat' dir='ltr'><strong>Magno</strong></span> <span class='ocrx_word' id='word_1_83' title='bbox 445 1764 569 1829; x_wconf 89' lang='lat' dir='ltr'><strong>scelere</strong></span> <span class='ocrx_word' id='word_1_84' title='bbox 603 1764 719 1833; x_wconf 91' lang='lat' dir='ltr'><strong>horum</strong></span> <span class='ocrx_word' id='word_1_85' title='bbox 757 1770 919 1834; x_wconf 84' lang='lat' dir='ltr'><strong>seueritas</strong></span> <span class='ocrx_word' id='word_1_86' title='bbox 947 1768 991 1834; x_wconf 87' lang='lat' dir='ltr'><strong>ad</strong></span> <span class='ocrx_word' id='word_1_87' title='bbox 1019 1768 1217 1855; x_wconf 79' lang='lat' dir='ltr'><strong>exigendam</strong></span> <span class='ocrx_word' id='word_1_88' title='bbox 1247 1768 1423 1835; x_wconf 85' lang='lat' dir='ltr'><strong>uindictam</strong></span> <span class='ocrx_word' id='word_1_89' title='bbox 1434 1774 1465 1840; x_wconf 85' lang='lat' dir='ltr'><strong>u.</strong></span> 
     </span>
     <span class='ocr_line' id='line_1_13' title="bbox 200 1872 1424 1962; baseline 0.002 -24"><span class='ocrx_word' id='word_1_90' title='bbox 200 1875 366 1939; x_wconf 85' lang='lat' dir='ltr'><strong>concitata</strong></span> <span class='ocrx_word' id='word_1_91' title='bbox 384 1882 449 1949; x_wconf 87' lang='lat' dir='ltr'><strong>est;</strong></span> <span class='ocrx_word' id='word_1_92' title='bbox 467 1872 588 1962; x_wconf 79' lang='lat' dir='ltr'><strong>Egnati</strong></span> <span class='ocrx_word' id='word_1_93' title='bbox 607 1888 716 1941; x_wconf 79' lang='lat' dir='ltr'><strong>autem</strong></span> <span class='ocrx_word' id='word_1_94' title='bbox 729 1874 881 1941; x_wconf 89' lang='lat' dir='ltr'><strong>Mecenui</strong></span> <span class='ocrx_word' id='word_1_95' title='bbox 897 1874 997 1962; x_wconf 88' lang='lat' dir='ltr'><strong>longe</strong></span> <span class='ocrx_word' id='word_1_96' title='bbox 1008 1876 1135 1941; x_wconf 90' lang='lat' dir='ltr'><strong>minore</strong></span> <span class='ocrx_word' id='word_1_97' title='bbox 1152 1875 1193 1939; x_wconf 88' lang='lat' dir='ltr'><strong>de</strong></span> <span class='ocrx_word' id='word_1_98' title='bbox 1210 1898 1324 1943; x_wconf 82' lang='lat' dir='ltr'><strong>eausa.</strong></span> <span class='ocrx_word' id='word_1_99' title='bbox 1358 1876 1424 1957; x_wconf 83' lang='lat' dir='ltr'><strong>Qui</strong></span> 
     </span>
     <span class='ocr_line' id='line_1_14' title="bbox 200 1980 1423 2071; baseline -0.001 -24"><span class='ocrx_word' id='word_1_100' title='bbox 200 2002 347 2057; x_wconf 86' lang='lat' dir='ltr'><strong>uxorem,</strong></span> <span class='ocrx_word' id='word_1_101' title='bbox 370 1980 460 2070; x_wconf 89' lang='lat' dir='ltr'><strong>quod</strong></span> <span class='ocrx_word' id='word_1_102' title='bbox 481 1981 594 2047; x_wconf 89' lang='lat' dir='ltr'><strong>uinum</strong></span> <span class='ocrx_word' id='word_1_103' title='bbox 617 1981 764 2058; x_wconf 82' lang='lat' dir='ltr'><strong>bibisset,</strong></span> <span class='ocrx_word' id='word_1_104' title='bbox 787 1983 866 2048; x_wconf 87' lang='lat' dir='ltr'><strong>fusti</strong></span> <span class='ocrx_word' id='word_1_105' title='bbox 889 2004 1082 2069; x_wconf 81' lang='lat' dir='ltr'><strong>percussam</strong></span> <span class='ocrx_word' id='word_1_106' title='bbox 1104 1984 1275 2050; x_wconf 79' lang='lat' dir='ltr'><strong>interemit.</strong></span> <span class='ocrx_word' id='word_1_107' title='bbox 1321 1981 1423 2071; x_wconf 89' lang='lat' dir='ltr'><strong>idque</strong></span> 
     </span>
    </p>
   </div>
   <div class='ocr_carea' id='block_1_3' title="bbox 197 2136 1426 2770">
    <p class='ocr_par' dir='ltr' id='par_1_3' title="bbox 197 2136 1426 2770">
     <span class='ocr_line' id='line_1_15' title="bbox 200 2136 1426 2210; baseline -0.002 -15"><span class='ocrx_word' id='word_1_108' title='bbox 200 2140 228 2195; x_wconf 77' lang='lat'><strong>2.</strong></span> <span class='ocrx_word' id='word_1_109' title='bbox 248 2144 392 2194; x_wconf 86' lang='lat' dir='ltr'><strong>emendata</strong></span> <span class='ocrx_word' id='word_1_110' title='bbox 410 2141 462 2208; x_wconf 91' lang='lat' dir='ltr'><strong>est]</strong></span> <span class='ocrx_word' id='word_1_111' title='bbox 483 2139 591 2207; x_wconf 84' lang='lat' dir='ltr'><strong>dempta</strong></span> <span class='ocrx_word' id='word_1_112' title='bbox 609 2146 652 2193; x_wconf 88' lang='lat' dir='ltr'><strong>est</strong></span> <span class='ocrx_word' id='word_1_113' title='bbox 671 2141 699 2194; x_wconf 85' lang='grc' dir='ltr'><strong>ιἰι</strong></span> <span class='ocrx_word' id='word_1_114' title='bbox 716 2156 814 2195; x_wconf 78' lang='lat' dir='ltr'><strong>rasura</strong></span> <span class='ocrx_word' id='word_1_115' title='bbox 831 2140 865 2196; x_wconf 73' lang='lat' dir='ltr'><strong>A.</strong></span> <span class='ocrx_word' id='word_1_116' title='bbox 880 2136 932 2209; x_wconf 84' lang='grc'><strong>113.</strong></span> <span class='ocrx_word' id='word_1_117' title='bbox 951 2144 1120 2194; x_wconf 75' lang='lat' dir='ltr'><strong>incurset-ant</strong></span> <span class='ocrx_word' id='word_1_118' title='bbox 1140 2141 1195 2196; x_wconf 83' lang='lat' dir='ltr'><strong>CF.</strong></span> <span class='ocrx_word' id='word_1_119' title='bbox 1206 2141 1220 2210; x_wconf 80' lang='lat' dir='ltr'><strong>ll</strong></span> <span class='ocrx_word' id='word_1_120' title='bbox 1237 2141 1262 2196; x_wconf 85' lang='lat' dir='ltr'><strong>l.</strong></span> <span class='ocrx_word' id='word_1_121' title='bbox 1282 2145 1426 2195; x_wconf 82' lang='lat' dir='ltr'><strong>attulerant</strong></span> 
     </span>
     <span class='ocr_line' id='line_1_16' title="bbox 201 2208 1421 2285; baseline -0.002 -18"><span class='ocrx_word' id='word_1_122' title='bbox 201 2212 237 2266; x_wconf 80' lang='lat' dir='ltr'><strong>E.</strong></span> <span class='ocrx_word' id='word_1_123' title='bbox 252 2208 304 2285; x_wconf 83' lang='grc'><strong>115.</strong></span> <span class='ocrx_word' id='word_1_124' title='bbox 324 2216 350 2279; x_wconf 69' lang='lat' dir='ltr'><strong>S.</strong></span> <span class='ocrx_word' id='word_1_125' title='bbox 369 2212 395 2267; x_wconf 88' lang='grc'><strong>8.</strong></span> <span class='ocrx_word' id='word_1_126' title='bbox 413 2230 462 2266; x_wconf 83' lang='lat' dir='ltr'><strong>ont.</strong></span> <span class='ocrx_word' id='word_1_127' title='bbox 482 2212 513 2267; x_wconf 80' lang='grc' dir='ltr'><strong>Γ.</strong></span> <span class='ocrx_word' id='word_1_128' title='bbox 526 2212 539 2281; x_wconf 84' lang='grc' dir='ltr'><strong>ΙΙ</strong></span> <span class='ocrx_word' id='word_1_129' title='bbox 555 2214 662 2279; x_wconf 86' lang='lat' dir='ltr'><strong>publica</strong></span> <span class='ocrx_word' id='word_1_130' title='bbox 676 2228 722 2281; x_wconf 81' lang='lat' dir='ltr'><strong>pr.</strong></span> <span class='ocrx_word' id='word_1_131' title='bbox 740 2211 772 2265; x_wconf 72' lang='grc' dir='ltr'><strong>Α.</strong></span> <span class='ocrx_word' id='word_1_132' title='bbox 792 2216 887 2265; x_wconf 89' lang='lat' dir='ltr'><strong>Publia</strong></span> <span class='ocrx_word' id='word_1_133' title='bbox 904 2213 967 2266; x_wconf 85' lang='lat' dir='ltr'><strong>Per.</strong></span> <span class='ocrx_word' id='word_1_134' title='bbox 979 2214 993 2282; x_wconf 76' lang='grc' dir='ltr'><strong>ΙΙ</strong></span> <span class='ocrx_word' id='word_1_135' title='bbox 1003 2216 1155 2279; x_wconf 86' lang='lat' dir='ltr'><strong>postumum</strong></span> <span class='ocrx_word' id='word_1_136' title='bbox 1173 2214 1208 2267; x_wconf 82' lang='lat' dir='ltr'><strong>ii.</strong></span> <span class='ocrx_word' id='word_1_137' title='bbox 1220 2213 1234 2282; x_wconf 82' lang='grc' dir='ltr'><strong>ΙΙ</strong></span> <span class='ocrx_word' id='word_1_138' title='bbox 1245 2211 1272 2266; x_wconf 80' lang='lat' dir='ltr'><strong>ti.</strong></span> <span class='ocrx_word' id='word_1_139' title='bbox 1290 2214 1421 2281; x_wconf 69' lang='lat' dir='ltr'><strong>Asellum!</strong></span> 
     </span>
     <span class='ocr_line' id='line_1_17' title="bbox 201 2282 1421 2355; baseline 0.001 -18"><span class='ocrx_word' id='word_1_140' title='bbox 201 2290 302 2340; x_wconf 86' lang='lat' dir='ltr'><strong>aetium</strong></span> <span class='ocrx_word' id='word_1_141' title='bbox 320 2284 383 2339; x_wconf 87' lang='lat' dir='ltr'><strong>Per.</strong></span> <span class='ocrx_word' id='word_1_142' title='bbox 407 2286 540 2339; x_wconf 59' lang='lat' dir='ltr'><strong>Neottum</strong></span> <span class='ocrx_word' id='word_1_143' title='bbox 564 2282 662 2344; x_wconf 82' lang='lat' dir='ltr'><strong>(sedN</strong></span> <span class='ocrx_word' id='word_1_144' title='bbox 684 2284 713 2336; x_wconf 85' lang='grc' dir='ltr'><strong>ιἰι</strong></span> <span class='ocrx_word' id='word_1_145' title='bbox 737 2291 844 2341; x_wconf 78' lang='lat' dir='ltr'><strong>rasere)</strong></span> <span class='ocrx_word' id='word_1_146' title='bbox 866 2283 900 2337; x_wconf 75' lang='lat' dir='ltr'><strong>A.</strong></span> <span class='ocrx_word' id='word_1_147' title='bbox 930 2287 1054 2336; x_wconf 82' lang='lat' dir='ltr'><strong>asettium</strong></span> <span class='ocrx_word' id='word_1_148' title='bbox 1079 2284 1116 2339; x_wconf 88' lang='lat' dir='ltr'><strong>D.</strong></span> <span class='ocrx_word' id='word_1_149' title='bbox 1133 2286 1148 2355; x_wconf 90' lang='grc' dir='ltr'><strong>ΙΙ</strong></span> <span class='ocrx_word' id='word_1_150' title='bbox 1172 2288 1293 2339; x_wconf 61' lang='lat' dir='ltr'><strong>eeteros</strong></span> <span class='ocrx_word' id='word_1_151' title='bbox 1311 2282 1344 2336; x_wconf 73' lang='grc' dir='ltr'><strong>Δ.</strong></span> <span class='ocrx_word' id='word_1_152' title='bbox 1363 2282 1376 2351; x_wconf 89' lang='grc' dir='ltr'><strong>ΙΙ</strong></span> <span class='ocrx_word' id='word_1_153' title='bbox 1397 2283 1421 2338; x_wconf 80' lang='lat' dir='ltr'><strong>i.</strong></span> 
     </span>
     <span class='ocr_line' id='line_1_18' title="bbox 202 2352 1423 2429; baseline -0.002 -23"><span class='ocrx_word' id='word_1_154' title='bbox 202 2358 380 2429; x_wconf 83' lang='lat' dir='ltr'><strong>strangilatae</strong></span> <span class='ocrx_word' id='word_1_155' title='bbox 395 2372 440 2424; x_wconf 82' lang='lat' dir='ltr'><strong>pr.</strong></span> <span class='ocrx_word' id='word_1_156' title='bbox 464 2354 495 2408; x_wconf 79' lang='lat' dir='ltr'><strong>A.</strong></span> <span class='ocrx_word' id='word_1_157' title='bbox 513 2352 567 2423; x_wconf 80' lang='grc'><strong>118.</strong></span> <span class='ocrx_word' id='word_1_158' title='bbox 591 2357 766 2423; x_wconf 80' lang='lat' dir='ltr'><strong>quaesitionis</strong></span> <span class='ocrx_word' id='word_1_159' title='bbox 785 2370 832 2423; x_wconf 81' lang='lat' dir='ltr'><strong>pr.</strong></span> <span class='ocrx_word' id='word_1_160' title='bbox 855 2354 887 2408; x_wconf 82' lang='grc' dir='ltr'><strong>Α.</strong></span> <span class='ocrx_word' id='word_1_161' title='bbox 907 2353 920 2424; x_wconf 85' lang='grc' dir='ltr'><strong>ΙΙ</strong></span> <span class='ocrx_word' id='word_1_162' title='bbox 939 2354 964 2409; x_wconf 79' lang='lat' dir='ltr'><strong>il.</strong></span> <span class='ocrx_word' id='word_1_163' title='bbox 983 2358 1151 2407; x_wconf 78' lang='lat' dir='ltr'><strong>innocentum</strong></span> <span class='ocrx_word' id='word_1_164' title='bbox 1175 2352 1209 2408; x_wconf 79' lang='lat' dir='ltr'><strong>E.</strong></span> <span class='ocrx_word' id='word_1_165' title='bbox 1228 2354 1241 2419; x_wconf 89' lang='grc' dir='ltr'><strong>ΙΙ</strong></span> <span class='ocrx_word' id='word_1_166' title='bbox 1263 2352 1304 2407; x_wconf 83' lang='lat' dir='ltr'><strong>tu.</strong></span> <span class='ocrx_word' id='word_1_167' title='bbox 1327 2358 1423 2405; x_wconf 84' lang='lat' dir='ltr'><strong>maturi</strong></span> 
     </span>
     <span class='ocr_line' id='line_1_19' title="bbox 202 2422 1422 2497; baseline -0.005 -14"><span class='ocrx_word' id='word_1_168' title='bbox 202 2428 262 2484; x_wconf 81' lang='lat' dir='ltr'><strong>DF</strong></span> <span class='ocrx_word' id='word_1_169' title='bbox 278 2433 304 2481; x_wconf 82' lang='lat' dir='ltr'><strong>et</strong></span> <span class='ocrx_word' id='word_1_170' title='bbox 321 2441 391 2480; x_wconf 90' lang='lat' dir='ltr'><strong>corr.</strong></span> <span class='ocrx_word' id='word_1_171' title='bbox 410 2426 473 2484; x_wconf 78' lang='grc' dir='ltr'><strong>ΑΕ.</strong></span> <span class='ocrx_word' id='word_1_172' title='bbox 493 2425 570 2479; x_wconf 85' lang='lat' dir='ltr'><strong>Terr.</strong></span> <span class='ocrx_word' id='word_1_173' title='bbox 582 2426 596 2495; x_wconf 86' lang='grc' dir='ltr'><strong>ΙΙ</strong></span> <span class='ocrx_word' id='word_1_174' title='bbox 609 2425 650 2480; x_wconf 89' lang='lat' dir='ltr'><strong>ll.</strong></span> <span class='ocrx_word' id='word_1_175' title='bbox 669 2429 772 2497; x_wconf 83' lang='lat' dir='ltr'><strong>Magno</strong></span> <span class='ocrx_word' id='word_1_176' title='bbox 789 2454 826 2467; x_wconf 91' lang='lat'>-</span> <span class='ocrx_word' id='word_1_177' title='bbox 845 2426 914 2493; x_wconf 72' lang='grc' dir='ltr'><strong>(Ιῖ.)</strong></span> <span class='ocrx_word' id='word_1_178' title='bbox 932 2429 1065 2479; x_wconf 85' lang='lat' dir='ltr'><strong>concitata</strong></span> <span class='ocrx_word' id='word_1_179' title='bbox 1082 2431 1126 2478; x_wconf 87' lang='lat' dir='ltr'><strong>est</strong></span> <span class='ocrx_word' id='word_1_180' title='bbox 1143 2440 1193 2480; x_wconf 85' lang='grc' dir='ltr'><strong>οιιι.</strong></span> <span class='ocrx_word' id='word_1_181' title='bbox 1212 2424 1243 2478; x_wconf 80' lang='grc' dir='ltr'><strong>Γ.</strong></span> <span class='ocrx_word' id='word_1_182' title='bbox 1255 2422 1269 2492; x_wconf 84' lang='grc' dir='ltr'><strong>ΙΙ</strong></span> <span class='ocrx_word' id='word_1_183' title='bbox 1281 2426 1422 2477; x_wconf 77' lang='lat' dir='ltr'><strong>exiendum</strong></span> 
     </span>
     <span class='ocr_line' id='line_1_20' title="bbox 197 2494 1423 2635; baseline -0.006 -81"><span class='ocrx_word' id='word_1_184' title='bbox 197 2516 244 2571; x_wconf 84' lang='lat' dir='ltr'><strong>pr.</strong></span> <span class='ocrx_word' id='word_1_185' title='bbox 261 2500 293 2554; x_wconf 79' lang='lat' dir='ltr'><strong>A.</strong></span> <span class='ocrx_word' id='word_1_186' title='bbox 308 2496 320 2569; x_wconf 91' lang='grc' dir='ltr'><strong>ΙΙ</strong></span> <span class='ocrx_word' id='word_1_187' title='bbox 338 2496 491 2611; x_wconf 47' lang='lat' dir='ltr'><strong>lifginaii</strong></span> <span class='ocrx_word' id='word_1_188' title='bbox 503 2496 538 2550; x_wconf 86' lang='lat' dir='ltr'><strong>E.</strong></span> <span class='ocrx_word' id='word_1_189' title='bbox 557 2500 657 2583; x_wconf 76' lang='lat' dir='ltr'><strong>euagni</strong></span> <span class='ocrx_word' id='word_1_190' title='bbox 668 2497 705 2621; x_wconf 48' lang='lat'><strong>3.</strong></span> <span class='ocrx_word' id='word_1_191' title='bbox 724 2500 855 2619; x_wconf 78' lang='lat' dir='ltr'><strong>Euagrus</strong></span> <span class='ocrx_word' id='word_1_192' title='bbox 870 2497 902 2551; x_wconf 80' lang='grc' dir='ltr'><strong>Γ.</strong></span> <span class='ocrx_word' id='word_1_193' title='bbox 913 2500 1038 2623; x_wconf 53' lang='lat' dir='ltr'><strong>lhmetetli</strong></span> <span class='ocrx_word' id='word_1_194' title='bbox 1049 2494 1423 2635; x_wconf 47' lang='lat' dir='ltr'><strong>ricqaeilqibmusslsgiuiii</strong></span> 
     </span>
     <span class='ocr_line' id='line_1_21' title="bbox 202 2568 1422 2712; baseline -0.005 -15"><span class='ocrx_word' id='word_1_195' title='bbox 202 2568 910 2697; x_wconf 60' lang='lat' dir='ltr'><strong>itlttttuitui⁰emutuitttittt.</strong></span> <span class='ocrx_word' id='word_1_196' title='bbox 926 2585 1048 2712; x_wconf 58' lang='lat' dir='ltr'><strong>„itti</strong></span> <span class='ocrx_word' id='word_1_197' title='bbox 1066 2640 1099 2693; x_wconf 63' lang='lat' dir='ltr'><strong>a.</strong></span> <span class='ocrx_word' id='word_1_198' title='bbox 1123 2607 1186 2691; x_wconf 63' lang='lat' dir='ltr'><strong>rute</strong></span> <span class='ocrx_word' id='word_1_199' title='bbox 1208 2604 1258 2709; x_wconf 70' lang='grc' dir='ltr'><strong>..ζ</strong></span> <span class='ocrx_word' id='word_1_200' title='bbox 1279 2638 1311 2692; x_wconf 77' lang='lat' dir='ltr'><strong>r.</strong></span> <span class='ocrx_word' id='word_1_201' title='bbox 1335 2640 1422 2691; x_wconf 68' lang='grc' dir='ltr'><strong>ω...</strong></span> 
     </span>
     <span class='ocr_line' id='line_1_22' title="bbox 204 2711 1086 2770; baseline -0.002 0"><span class='ocrx_word' id='word_1_202' title='bbox 204 2714 262 2770; x_wconf 80' lang='lat' dir='ltr'><strong>OF.</strong></span> <span class='ocrx_word' id='word_1_203' title='bbox 281 2717 372 2767; x_wconf 86' lang='lat' dir='ltr'><strong>flnitirn</strong></span> <span class='ocrx_word' id='word_1_204' title='bbox 391 2712 428 2768; x_wconf 91' lang='lat' dir='ltr'><strong>D.</strong></span> <span class='ocrx_word' id='word_1_205' title='bbox 448 2715 518 2765; x_wconf 86' lang='lat' dir='ltr'><strong>iuste</strong></span> <span class='ocrx_word' id='word_1_206' title='bbox 535 2713 599 2766; x_wconf 86' lang='lat' dir='ltr'><strong>Par.</strong></span> <span class='ocrx_word' id='word_1_207' title='bbox 618 2719 644 2765; x_wconf 87' lang='lat' dir='ltr'><strong>et</strong></span> <span class='ocrx_word' id='word_1_208' title='bbox 661 2712 710 2768; x_wconf 79' lang='lat' dir='ltr'><strong>ltu.</strong></span> <span class='ocrx_word' id='word_1_209' title='bbox 729 2715 771 2765; x_wconf 87' lang='lat' dir='ltr'><strong>ste</strong></span> <span class='ocrx_word' id='word_1_210' title='bbox 789 2712 818 2765; x_wconf 88' lang='grc' dir='ltr'><strong>ιἰι</strong></span> <span class='ocrx_word' id='word_1_211' title='bbox 834 2728 933 2766; x_wconf 73' lang='lat' dir='ltr'><strong>rasore</strong></span> <span class='ocrx_word' id='word_1_212' title='bbox 950 2713 987 2770; x_wconf 83' lang='grc' dir='ltr'><strong>Ε.</strong></span> <span class='ocrx_word' id='word_1_213' title='bbox 1010 2711 1086 2768; x_wconf 81' lang='lat' dir='ltr'><strong>Terr.</strong></span> 
     </span>
    </p>
   </div>
   <div class='ocr_carea' id='block_1_4' title="bbox 201 2854 1516 4492">
    <p class='ocr_par' dir='ltr' id='par_1_4' title="bbox 201 2854 1426 3337">
     <span class='ocr_line' id='line_1_23' title="bbox 201 2854 1426 2924; baseline -0.002 -14"><span class='ocrx_word' id='word_1_214' title='bbox 201 2859 298 2917; x_wconf 90' lang='lat' dir='ltr'><strong>terius,</strong></span> <span class='ocrx_word' id='word_1_215' title='bbox 323 2858 437 2923; x_wconf 89' lang='lat' dir='ltr'><strong>priorem</strong></span> <span class='ocrx_word' id='word_1_216' title='bbox 457 2870 561 2924; x_wconf 84' lang='lat' dir='ltr'><strong>quoque</strong></span> <span class='ocrx_word' id='word_1_217' title='bbox 575 2857 724 2912; x_wconf 84' lang='lat' dir='ltr'><strong>sententias</strong></span> <span class='ocrx_word' id='word_1_218' title='bbox 735 2861 840 2922; x_wconf 77' lang='lat' dir='ltr'><strong>purtem</strong></span> <span class='ocrx_word' id='word_1_219' title='bbox 860 2861 948 2910; x_wconf 83' lang='lat' dir='ltr'><strong>actiae</strong></span> <span class='ocrx_word' id='word_1_220' title='bbox 960 2859 1168 2923; x_wconf 83' lang='lat' dir='ltr'><strong>pronuntiasset,</strong></span> <span class='ocrx_word' id='word_1_221' title='bbox 1189 2854 1242 2915; x_wconf 72' lang='lat' dir='ltr'><strong>Qut</strong></span> <span class='ocrx_word' id='word_1_222' title='bbox 1254 2871 1312 2908; x_wconf 82' lang='grc' dir='ltr'><strong>οιιιιι</strong></span> <span class='ocrx_word' id='word_1_223' title='bbox 1330 2855 1426 2908; x_wconf 74' lang='lat' dir='ltr'><strong>mades</strong></span> 
     </span>
     <span class='ocr_line' id='line_1_24' title="bbox 203 2926 1424 2995; baseline -0.002 -14"><span class='ocrx_word' id='word_1_224' title='bbox 203 2926 376 2982; x_wconf 64' lang='lat' dir='ltr'><strong>densam.</strong></span> <span class='ocrx_word' id='word_1_225' title='bbox 413 2930 452 2980; x_wconf 78' lang='lat' dir='ltr'><strong>Ac</strong></span> <span class='ocrx_word' id='word_1_226' title='bbox 469 2944 504 2980; x_wconf 88' lang='lat' dir='ltr'><strong>ne</strong></span> <span class='ocrx_word' id='word_1_227' title='bbox 522 2929 590 2978; x_wconf 83' lang='lat' dir='ltr'><strong>satis</strong></span> <span class='ocrx_word' id='word_1_228' title='bbox 608 2942 702 2979; x_wconf 85' lang='lat' dir='ltr'><strong>uerum</strong></span> <span class='ocrx_word' id='word_1_229' title='bbox 720 2931 826 2992; x_wconf 86' lang='lat' dir='ltr'><strong>quidem</strong></span> <span class='ocrx_word' id='word_1_230' title='bbox 851 2932 895 2981; x_wconf 87' lang='lat' dir='ltr'><strong>est</strong></span> <span class='ocrx_word' id='word_1_231' title='bbox 914 2932 991 2995; x_wconf 86' lang='lat' dir='ltr'><strong>ipsos</strong></span> <span class='ocrx_word' id='word_1_232' title='bbox 1016 2930 1143 2980; x_wconf 87' lang='lat' dir='ltr'><strong>consules</strong></span> <span class='ocrx_word' id='word_1_233' title='bbox 1164 2929 1192 2978; x_wconf 91' lang='lat' dir='ltr'><strong>in</strong></span> <span class='ocrx_word' id='word_1_234' title='bbox 1216 2943 1266 2980; x_wconf 79' lang='lat' dir='ltr'><strong>ees</strong></span> <span class='ocrx_word' id='word_1_235' title='bbox 1284 2929 1355 2979; x_wconf 87' lang='lat' dir='ltr'><strong>iutra</strong></span> <span class='ocrx_word' id='word_1_236' title='bbox 1372 2930 1424 2993; x_wconf 89' lang='lat' dir='ltr'><strong>pri·</strong></span> 
     </span>
     <span class='ocr_line' id='line_1_25' title="bbox 204 3000 1424 3070; baseline -0.002 -18"><span class='ocrx_word' id='word_1_237' title='bbox 204 3005 281 3052; x_wconf 81' lang='lat' dir='ltr'><strong>ustas</strong></span> <span class='ocrx_word' id='word_1_238' title='bbox 300 3003 395 3052; x_wconf 83' lang='lat' dir='ltr'><strong>domos</strong></span> <span class='ocrx_word' id='word_1_239' title='bbox 414 3000 646 3052; x_wconf 73' lang='lat' dir='ltr'><strong>animaduertisse.</strong></span> <span class='ocrx_word' id='word_1_240' title='bbox 683 3001 811 3054; x_wconf 75' lang='lat' dir='ltr'><strong>Mulieres</strong></span> <span class='ocrx_word' id='word_1_241' title='bbox 829 3002 982 3060; x_wconf 83' lang='lat' dir='ltr'><strong>damnatae,</strong></span> <span class='ocrx_word' id='word_1_242' title='bbox 1001 3002 1071 3052; x_wconf 82' lang='lat' dir='ltr'><strong>teste</strong></span> <span class='ocrx_word' id='word_1_243' title='bbox 1089 3001 1174 3059; x_wconf 60' lang='lat' dir='ltr'><strong>laiule,</strong></span> <span class='ocrx_word' id='word_1_244' title='bbox 1194 3001 1317 3070; x_wconf 84' lang='lat' dir='ltr'><strong>cognatis</strong></span> <span class='ocrx_word' id='word_1_245' title='bbox 1333 3006 1380 3050; x_wconf 87' lang='lat' dir='ltr'><strong>aut</strong></span> <span class='ocrx_word' id='word_1_246' title='bbox 1398 3001 1424 3050; x_wconf 90' lang='lat' dir='ltr'><strong>iu</strong></span> 
     </span>
     <span class='ocr_line' id='line_1_26' title="bbox 203 3072 1423 3139; baseline -0.001 -15"><span class='ocrx_word' id='word_1_247' title='bbox 203 3089 313 3136; x_wconf 86' lang='lat' dir='ltr'><strong>quorum</strong></span> <span class='ocrx_word' id='word_1_248' title='bbox 332 3087 413 3124; x_wconf 85' lang='lat' dir='ltr'><strong>manu</strong></span> <span class='ocrx_word' id='word_1_249' title='bbox 434 3074 510 3124; x_wconf 87' lang='lat' dir='ltr'><strong>erant</strong></span> <span class='ocrx_word' id='word_1_250' title='bbox 532 3073 722 3131; x_wconf 85' lang='lat' dir='ltr'><strong>tradebantur,</strong></span> <span class='ocrx_word' id='word_1_251' title='bbox 745 3075 775 3122; x_wconf 91' lang='lat' dir='ltr'><strong>ut</strong></span> <span class='ocrx_word' id='word_1_252' title='bbox 797 3075 850 3138; x_wconf 90' lang='lat' dir='ltr'><strong>ipsi</strong></span> <span class='ocrx_word' id='word_1_253' title='bbox 874 3075 901 3124; x_wconf 90' lang='lat' dir='ltr'><strong>in</strong></span> <span class='ocrx_word' id='word_1_254' title='bbox 924 3075 1029 3139; x_wconf 88' lang='lat' dir='ltr'><strong>priuato</strong></span> <span class='ocrx_word' id='word_1_255' title='bbox 1054 3072 1298 3123; x_wconf 85' lang='lat' dir='ltr'><strong>animaduerterent</strong></span> <span class='ocrx_word' id='word_1_256' title='bbox 1320 3073 1348 3121; x_wconf 92' lang='lat' dir='ltr'><strong>in</strong></span> <span class='ocrx_word' id='word_1_257' title='bbox 1365 3085 1423 3123; x_wconf 85' lang='lat' dir='ltr'><strong>eas.</strong></span> 
     </span>
     <span class='ocr_line' id='line_1_27' title="bbox 203 3141 1424 3212; baseline -0.002 -17"><span class='ocrx_word' id='word_1_258' title='bbox 203 3147 295 3208; x_wconf 83' lang='lat' dir='ltr'><strong>ltaque</strong></span> <span class='ocrx_word' id='word_1_259' title='bbox 314 3146 420 3196; x_wconf 89' lang='lat' dir='ltr'><strong>omnino</strong></span> <span class='ocrx_word' id='word_1_260' title='bbox 443 3145 622 3206; x_wconf 86' lang='lat' dir='ltr'><strong>recipiendum</strong></span> <span class='ocrx_word' id='word_1_261' title='bbox 647 3146 705 3194; x_wconf 87' lang='lat' dir='ltr'><strong>eret</strong></span> <span class='ocrx_word' id='word_1_262' title='bbox 729 3147 798 3207; x_wconf 88' lang='lat' dir='ltr'><strong>quod</strong></span> <span class='ocrx_word' id='word_1_263' title='bbox 820 3146 932 3212; x_wconf 77' lang='lat' dir='ltr'><strong>Pighius</strong></span> <span class='ocrx_word' id='word_1_264' title='bbox 956 3147 1149 3209; x_wconf 78' lang='lat' dir='ltr'><strong>proposuerat,</strong></span> <span class='ocrx_word' id='word_1_265' title='bbox 1175 3141 1289 3210; x_wconf 69' lang='lat' dir='ltr'><strong>reposti.</strong></span> <span class='ocrx_word' id='word_1_266' title='bbox 1326 3143 1424 3196; x_wconf 83' lang='lat' dir='ltr'><strong>Vltima</strong></span> 
     </span>
     <span class='ocr_line' id='line_1_28' title="bbox 203 3212 1425 3280; baseline -0.001 -15"><span class='ocrx_word' id='word_1_267' title='bbox 203 3217 291 3266; x_wconf 87' lang='lat' dir='ltr'><strong>littera</strong></span> <span class='ocrx_word' id='word_1_268' title='bbox 308 3220 418 3280; x_wconf 89' lang='lat' dir='ltr'><strong>propter</strong></span> <span class='ocrx_word' id='word_1_269' title='bbox 435 3228 553 3278; x_wconf 86' lang='lat' dir='ltr'><strong>sequens</strong></span> <span class='ocrx_word' id='word_1_270' title='bbox 572 3212 584 3264; x_wconf 89' lang='grc' dir='ltr'><strong>ι’</strong></span> <span class='ocrx_word' id='word_1_271' title='bbox 601 3215 664 3266; x_wconf 89' lang='lat' dir='ltr'><strong>otim</strong></span> <span class='ocrx_word' id='word_1_272' title='bbox 689 3215 823 3267; x_wconf 80' lang='lat' dir='ltr'><strong>excidisse</strong></span> <span class='ocrx_word' id='word_1_273' title='bbox 847 3219 875 3267; x_wconf 88' lang='lat' dir='ltr'><strong>et</strong></span> <span class='ocrx_word' id='word_1_274' title='bbox 898 3217 952 3267; x_wconf 85' lang='lat' dir='ltr'><strong>iam</strong></span> <span class='ocrx_word' id='word_1_275' title='bbox 976 3218 1012 3265; x_wconf 89' lang='lat' dir='ltr'><strong>ab</strong></span> <span class='ocrx_word' id='word_1_276' title='bbox 1035 3216 1097 3266; x_wconf 83' lang='lat' dir='ltr'><strong>aliis</strong></span> <span class='ocrx_word' id='word_1_277' title='bbox 1119 3216 1198 3266; x_wconf 85' lang='lat' dir='ltr'><strong>aliter</strong></span> <span class='ocrx_word' id='word_1_278' title='bbox 1215 3215 1342 3279; x_wconf 87' lang='lat' dir='ltr'><strong>suppleta</strong></span> <span class='ocrx_word' id='word_1_279' title='bbox 1360 3229 1425 3264; x_wconf 90' lang='lat' dir='ltr'><strong>esse</strong></span> 
     </span>
     <span class='ocr_line' id='line_1_29' title="bbox 204 3288 314 3337; baseline 0 -1"><span class='ocrx_word' id='word_1_280' title='bbox 204 3288 314 3337; x_wconf 83' lang='lat' dir='ltr'><strong>uidetur.</strong></span> 
     </span>
    </p>

    <p class='ocr_par' dir='ltr' id='par_1_5' title="bbox 274 3354 730 3418">
     <span class='ocr_line' id='line_1_30' title="bbox 274 3354 730 3418; baseline -0.002 -10"><span class='ocrx_word' id='word_1_281' title='bbox 274 3354 300 3408; x_wconf 86' lang='grc'><strong>8.</strong></span> <span class='ocrx_word' id='word_1_282' title='bbox 318 3356 357 3409; x_wconf 83' lang='lat' dir='ltr'><strong>Cl.</strong></span> <span class='ocrx_word' id='word_1_283' title='bbox 376 3356 434 3406; x_wconf 87' lang='lat' dir='ltr'><strong>Liu.</strong></span> <span class='ocrx_word' id='word_1_284' title='bbox 453 3356 515 3418; x_wconf 87' lang='lat' dir='ltr'><strong>epit.</strong></span> <span class='ocrx_word' id='word_1_285' title='bbox 534 3354 592 3408; x_wconf 88' lang='lat' dir='ltr'><strong>libr.</strong></span> <span class='ocrx_word' id='word_1_286' title='bbox 611 3356 730 3409; x_wconf 81' lang='lat' dir='ltr'><strong>xnvitt.</strong></span> 
     </span>
    </p>

    <p class='ocr_par' dir='ltr' id='par_1_6' title="bbox 273 3419 1394 3492">
     <span class='ocr_line' id='line_1_31' title="bbox 273 3419 1394 3492; baseline -0.001 -15"><span class='ocrx_word' id='word_1_287' title='bbox 273 3422 299 3479; x_wconf 82' lang='grc'><strong>9.</strong></span> <span class='ocrx_word' id='word_1_288' title='bbox 318 3427 357 3478; x_wconf 83' lang='lat' dir='ltr'><strong>Gi.</strong></span> <span class='ocrx_word' id='word_1_289' title='bbox 378 3427 443 3476; x_wconf 89' lang='lat' dir='ltr'><strong>Ptin.</strong></span> <span class='ocrx_word' id='word_1_290' title='bbox 462 3427 488 3477; x_wconf 88' lang='lat' dir='ltr'><strong>h.</strong></span> <span class='ocrx_word' id='word_1_291' title='bbox 508 3441 533 3476; x_wconf 92' lang='lat' dir='ltr'><strong>n.</strong></span> <span class='ocrx_word' id='word_1_292' title='bbox 552 3426 634 3484; x_wconf 83' lang='lat' dir='ltr'><strong>Xllll,</strong></span> <span class='ocrx_word' id='word_1_293' title='bbox 653 3420 679 3484; x_wconf 79' lang='lat'><strong>³,</strong></span> <span class='ocrx_word' id='word_1_294' title='bbox 701 3422 742 3479; x_wconf 75' lang='lat' dir='ltr'><strong>ll.</strong></span> <span class='ocrx_word' id='word_1_295' title='bbox 760 3427 837 3478; x_wconf 84' lang='lat' dir='ltr'><strong>Seru.</strong></span> <span class='ocrx_word' id='word_1_296' title='bbox 856 3429 891 3476; x_wconf 86' lang='lat' dir='ltr'><strong>ud</strong></span> <span class='ocrx_word' id='word_1_297' title='bbox 911 3426 975 3477; x_wconf 85' lang='lat' dir='ltr'><strong>lien.</strong></span> <span class='ocrx_word' id='word_1_298' title='bbox 995 3426 1014 3483; x_wconf 89' lang='lat' dir='ltr'><strong>i,</strong></span> <span class='ocrx_word' id='word_1_299' title='bbox 1034 3419 1094 3478; x_wconf 73' lang='lat'><strong>737.</strong></span> <span class='ocrx_word' id='word_1_300' title='bbox 1113 3426 1223 3477; x_wconf 78' lang='lat' dir='ltr'><strong>TertuIt.</strong></span> <span class='ocrx_word' id='word_1_301' title='bbox 1241 3425 1349 3492; x_wconf 82' lang='lat' dir='ltr'><strong>apolog.</strong></span> <span class='ocrx_word' id='word_1_302' title='bbox 1367 3422 1394 3476; x_wconf 81' lang='lat' dir='ltr'><strong>li.</strong></span> 
     </span>
    </p>

    <p class='ocr_par' dir='ltr' id='par_1_7' title="bbox 204 3493 1425 3906">
     <span class='ocr_line' id='line_1_32' title="bbox 274 3493 1424 3564; baseline -0.003 -14"><span class='ocrx_word' id='word_1_303' title='bbox 274 3496 374 3564; x_wconf 67' lang='lat' dir='ltr'><strong>Egnati</strong></span> <span class='ocrx_word' id='word_1_304' title='bbox 397 3500 482 3546; x_wconf 72' lang='lat' dir='ltr'><strong>auten</strong></span> <span class='ocrx_word' id='word_1_305' title='bbox 503 3493 634 3558; x_wconf 80' lang='lat' dir='ltr'><strong>Meceant)</strong></span> <span class='ocrx_word' id='word_1_306' title='bbox 657 3497 788 3564; x_wconf 75' lang='lat' dir='ltr'><strong>Egnatius</strong></span> <span class='ocrx_word' id='word_1_307' title='bbox 812 3499 970 3548; x_wconf 86' lang='lat' dir='ltr'><strong>Mecennius</strong></span> <span class='ocrx_word' id='word_1_308' title='bbox 995 3497 1106 3547; x_wconf 77' lang='lat' dir='ltr'><strong>uocatur</strong></span> <span class='ocrx_word' id='word_1_309' title='bbox 1128 3513 1147 3546; x_wconf 83' lang='lat' dir='ltr'><strong>a</strong></span> <span class='ocrx_word' id='word_1_310' title='bbox 1171 3496 1255 3545; x_wconf 88' lang='lat' dir='ltr'><strong>Plinio</strong></span> <span class='ocrx_word' id='word_1_311' title='bbox 1279 3499 1306 3545; x_wconf 90' lang='lat' dir='ltr'><strong>et</strong></span> <span class='ocrx_word' id='word_1_312' title='bbox 1328 3495 1424 3546; x_wconf 87' lang='lat' dir='ltr'><strong>Seruio</strong></span> 
     </span>
     <span class='ocr_line' id='line_1_33' title="bbox 205 3567 1424 3631; baseline -0.002 -11"><span class='ocrx_word' id='word_1_313' title='bbox 205 3570 231 3620; x_wconf 93' lang='lat' dir='ltr'><strong>tl.</strong></span> <span class='ocrx_word' id='word_1_314' title='bbox 250 3586 298 3628; x_wconf 84' lang='lat' dir='ltr'><strong>ce,</strong></span> <span class='ocrx_word' id='word_1_315' title='bbox 318 3571 388 3620; x_wconf 77' lang='lat' dir='ltr'><strong>trude</strong></span> <span class='ocrx_word' id='word_1_316' title='bbox 407 3581 459 3620; x_wconf 88' lang='lat' dir='ltr'><strong>nou</strong></span> <span class='ocrx_word' id='word_1_317' title='bbox 477 3568 588 3616; x_wconf 87' lang='lat' dir='ltr'><strong>multum</strong></span> <span class='ocrx_word' id='word_1_318' title='bbox 607 3568 743 3631; x_wconf 86' lang='lat' dir='ltr'><strong>discrepat</strong></span> <span class='ocrx_word' id='word_1_319' title='bbox 761 3568 919 3619; x_wconf 85' lang='lat' dir='ltr'><strong>Vaticanum</strong></span> <span class='ocrx_word' id='word_1_320' title='bbox 940 3568 1020 3617; x_wconf 87' lang='lat' dir='ltr'><strong>buius</strong></span> <span class='ocrx_word' id='word_1_321' title='bbox 1039 3567 1155 3630; x_wconf 87' lang='lat' dir='ltr'><strong>exempti</strong></span> <span class='ocrx_word' id='word_1_322' title='bbox 1173 3567 1372 3629; x_wconf 80' lang='lat' dir='ltr'><strong>compendium,</strong></span> <span class='ocrx_word' id='word_1_323' title='bbox 1397 3568 1424 3618; x_wconf 88' lang='lat' dir='ltr'><strong>iu</strong></span> 
     </span>
     <span class='ocr_line' id='line_1_34' title="bbox 205 3635 1424 3709; baseline -0.002 -19"><span class='ocrx_word' id='word_1_324' title='bbox 205 3657 256 3704; x_wconf 87' lang='lat' dir='ltr'><strong>quo</strong></span> <span class='ocrx_word' id='word_1_325' title='bbox 275 3641 373 3709; x_wconf 87' lang='lat' dir='ltr'><strong>legitur</strong></span> <span class='ocrx_word' id='word_1_326' title='bbox 389 3635 521 3705; x_wconf 78' lang='lat' dir='ltr'><strong>Epnatiss</strong></span> <span class='ocrx_word' id='word_1_327' title='bbox 538 3635 677 3689; x_wconf 69' lang='lat' dir='ltr'><strong>Meterius.</strong></span> <span class='ocrx_word' id='word_1_328' title='bbox 714 3638 823 3688; x_wconf 84' lang='lat' dir='ltr'><strong>Correxi</strong></span> <span class='ocrx_word' id='word_1_329' title='bbox 840 3639 921 3704; x_wconf 91' lang='lat' dir='ltr'><strong>igitur</strong></span> <span class='ocrx_word' id='word_1_330' title='bbox 938 3639 1062 3688; x_wconf 87' lang='lat' dir='ltr'><strong>mendum</strong></span> <span class='ocrx_word' id='word_1_331' title='bbox 1081 3636 1208 3687; x_wconf 88' lang='lat' dir='ltr'><strong>librorum</strong></span> <span class='ocrx_word' id='word_1_332' title='bbox 1221 3637 1424 3688; x_wconf 86' lang='lat' dir='ltr'><strong>Valerianorum</strong></span> 
     </span>
     <span class='ocr_line' id='line_1_35' title="bbox 204 3708 1425 3772; baseline -0.005 -9"><span class='ocrx_word' id='word_1_333' title='bbox 204 3709 314 3770; x_wconf 82' lang='lat' dir='ltr'><strong>Metelli,</strong></span> <span class='ocrx_word' id='word_1_334' title='bbox 336 3727 396 3762; x_wconf 89' lang='lat' dir='ltr'><strong>eum</strong></span> <span class='ocrx_word' id='word_1_335' title='bbox 415 3712 488 3760; x_wconf 88' lang='lat' dir='ltr'><strong>reete</strong></span> <span class='ocrx_word' id='word_1_336' title='bbox 511 3708 565 3758; x_wconf 87' lang='lat' dir='ltr'><strong>iam</strong></span> <span class='ocrx_word' id='word_1_337' title='bbox 585 3709 735 3758; x_wconf 85' lang='lat' dir='ltr'><strong>Glareanus</strong></span> <span class='ocrx_word' id='word_1_338' title='bbox 759 3709 919 3758; x_wconf 87' lang='lat' dir='ltr'><strong>dubitauerit</strong></span> <span class='ocrx_word' id='word_1_339' title='bbox 938 3725 999 3758; x_wconf 83' lang='grc' dir='ltr'><strong>ιιιιιιι</strong></span> <span class='ocrx_word' id='word_1_340' title='bbox 1019 3708 1123 3759; x_wconf 80' lang='lat' dir='ltr'><strong>Romuli</strong></span> <span class='ocrx_word' id='word_1_341' title='bbox 1141 3709 1305 3772; x_wconf 84' lang='lat' dir='ltr'><strong>temporibus</strong></span> <span class='ocrx_word' id='word_1_342' title='bbox 1324 3709 1425 3759; x_wconf 85' lang='lat' dir='ltr'><strong>Metelli</strong></span> 
     </span>
     <span class='ocr_line' id='line_1_36' title="bbox 205 3774 1425 3847; baseline -0.004 -13"><span class='ocrx_word' id='word_1_343' title='bbox 205 3785 305 3834; x_wconf 84' lang='lat' dir='ltr'><strong>Romae</strong></span> <span class='ocrx_word' id='word_1_344' title='bbox 323 3783 443 3834; x_wconf 82' lang='lat' dir='ltr'><strong>uixerint.</strong></span> <span class='ocrx_word' id='word_1_345' title='bbox 480 3781 634 3831; x_wconf 83' lang='lat' dir='ltr'><strong>Perizonius</strong></span> <span class='ocrx_word' id='word_1_346' title='bbox 653 3781 686 3828; x_wconf 82' lang='lat' dir='ltr'><strong>ad</strong></span> <span class='ocrx_word' id='word_1_347' title='bbox 707 3780 765 3831; x_wconf 82' lang='lat' dir='ltr'><strong>Aet.</strong></span> <span class='ocrx_word' id='word_1_348' title='bbox 784 3795 809 3830; x_wconf 93' lang='lat' dir='ltr'><strong>u.</strong></span> <span class='ocrx_word' id='word_1_349' title='bbox 834 3780 861 3831; x_wconf 91' lang='lat' dir='ltr'><strong>h.</strong></span> <span class='ocrx_word' id='word_1_350' title='bbox 880 3779 918 3837; x_wconf 81' lang='lat' dir='ltr'><strong>li,</strong></span> <span class='ocrx_word' id='word_1_351' title='bbox 943 3774 979 3829; x_wconf 75' lang='lat'><strong>³8</strong></span> <span class='ocrx_word' id='word_1_352' title='bbox 1003 3781 1029 3831; x_wconf 89' lang='lat' dir='ltr'><strong>el</strong></span> <span class='ocrx_word' id='word_1_353' title='bbox 1052 3779 1158 3847; x_wconf 72' lang='lat' dir='ltr'><strong>ligusto</strong></span> <span class='ocrx_word' id='word_1_354' title='bbox 1179 3780 1304 3829; x_wconf 78' lang='lat' dir='ltr'><strong>Meteone</strong></span> <span class='ocrx_word' id='word_1_355' title='bbox 1327 3794 1425 3830; x_wconf 82' lang='lat' dir='ltr'><strong>nornen</strong></span> 
     </span>
     <span class='ocr_line' id='line_1_37' title="bbox 207 3855 496 3906; baseline 0 -2"><span class='ocrx_word' id='word_1_356' title='bbox 207 3855 290 3906; x_wconf 87' lang='lat' dir='ltr'><strong>luisse</strong></span> <span class='ocrx_word' id='word_1_357' title='bbox 309 3855 496 3904; x_wconf 86' lang='lat' dir='ltr'><strong>arbitrabatur.</strong></span> 
     </span>
    </p>

    <p class='ocr_par' dir='ltr' id='par_1_8' title="bbox 205 3919 1516 4492">
     <span class='ocr_line' id='line_1_38' title="bbox 267 3919 1423 3993; baseline -0.004 -16"><span class='ocrx_word' id='word_1_358' title='bbox 267 3923 341 3992; x_wconf 80' lang='lat' dir='ltr'><strong>surii</strong></span> <span class='ocrx_word' id='word_1_359' title='bbox 353 3929 518 3993; x_wconf 67' lang='lat' dir='ltr'><strong>perorassem)</strong></span> <span class='ocrx_word' id='word_1_360' title='bbox 542 3923 707 3986; x_wconf 86' lang='lat' dir='ltr'><strong>Optimorum</strong></span> <span class='ocrx_word' id='word_1_361' title='bbox 729 3923 857 3973; x_wconf 79' lang='lat' dir='ltr'><strong>librorum</strong></span> <span class='ocrx_word' id='word_1_362' title='bbox 876 3923 999 3971; x_wconf 85' lang='lat' dir='ltr'><strong>mendum</strong></span> <span class='ocrx_word' id='word_1_363' title='bbox 1010 3919 1110 3987; x_wconf 68' lang='lat' dir='ltr'><strong>suedas</strong></span> <span class='ocrx_word' id='word_1_364' title='bbox 1128 3922 1220 3985; x_wconf 91' lang='lat' dir='ltr'><strong>procul</strong></span> <span class='ocrx_word' id='word_1_365' title='bbox 1238 3922 1319 3971; x_wconf 88' lang='lat' dir='ltr'><strong>dubio</strong></span> <span class='ocrx_word' id='word_1_366' title='bbox 1337 3922 1423 3972; x_wconf 85' lang='lat' dir='ltr'><strong>ortum</strong></span> 
     </span>
     <span class='ocr_line' id='line_1_39' title="bbox 206 3989 1423 4061; baseline -0.004 -13"><span class='ocrx_word' id='word_1_367' title='bbox 206 4002 299 4048; x_wconf 83' lang='lat' dir='ltr'><strong>estex</strong></span> <span class='ocrx_word' id='word_1_368' title='bbox 318 3997 427 4047; x_wconf 85' lang='lat' dir='ltr'><strong>ablatiui</strong></span> <span class='ocrx_word' id='word_1_369' title='bbox 445 3996 532 4045; x_wconf 82' lang='lat' dir='ltr'><strong>torma</strong></span> <span class='ocrx_word' id='word_1_370' title='bbox 550 3997 664 4045; x_wconf 81' lang='lat' dir='ltr'><strong>exeunte</strong></span> <span class='ocrx_word' id='word_1_371' title='bbox 683 3995 709 4044; x_wconf 91' lang='lat' dir='ltr'><strong>ln</strong></span> <span class='ocrx_word' id='word_1_372' title='bbox 728 3995 842 4044; x_wconf 81' lang='lat' dir='ltr'><strong>litteram</strong></span> <span class='ocrx_word' id='word_1_373' title='bbox 860 3991 880 4049; x_wconf 85' lang='grc' dir='ltr'><strong>ι’,</strong></span> <span class='ocrx_word' id='word_1_374' title='bbox 899 4007 954 4056; x_wconf 78' lang='grc' dir='ltr'><strong>ιιιιιι</strong></span> <span class='ocrx_word' id='word_1_375' title='bbox 972 3995 1014 4043; x_wconf 74' lang='lat' dir='ltr'><strong>risi</strong></span> <span class='ocrx_word' id='word_1_376' title='bbox 1033 3994 1096 4043; x_wconf 90' lang='lat' dir='ltr'><strong>sunt</strong></span> <span class='ocrx_word' id='word_1_377' title='bbox 1112 3989 1258 4043; x_wconf 82' lang='lat' dir='ltr'><strong>Sallustius</strong></span> <span class='ocrx_word' id='word_1_378' title='bbox 1281 3994 1308 4042; x_wconf 90' lang='lat' dir='ltr'><strong>in</strong></span> <span class='ocrx_word' id='word_1_379' title='bbox 1327 3993 1423 4061; x_wconf 79' lang='lat' dir='ltr'><strong>fragm.</strong></span> 
     </span>
     <span class='ocr_line' id='line_1_40' title="bbox 206 4059 1423 4132; baseline -0.003 -14"><span class='ocrx_word' id='word_1_380' title='bbox 206 4085 248 4132; x_wconf 85' lang='lat' dir='ltr'><strong>ap.</strong></span> <span class='ocrx_word' id='word_1_381' title='bbox 266 4067 343 4120; x_wconf 87' lang='lat' dir='ltr'><strong>Seru.</strong></span> <span class='ocrx_word' id='word_1_382' title='bbox 363 4069 397 4117; x_wconf 83' lang='lat' dir='ltr'><strong>ed</strong></span> <span class='ocrx_word' id='word_1_383' title='bbox 417 4066 481 4118; x_wconf 87' lang='lat' dir='ltr'><strong>tien.</strong></span> <span class='ocrx_word' id='word_1_384' title='bbox 501 4067 533 4124; x_wconf 93' lang='lat' dir='ltr'><strong>il,</strong></span> <span class='ocrx_word' id='word_1_385' title='bbox 551 4062 613 4117; x_wconf 75' lang='lat' dir='ltr'><strong>sot.</strong></span> <span class='ocrx_word' id='word_1_386' title='bbox 632 4081 676 4129; x_wconf 87' lang='lat' dir='ltr'><strong>ap.</strong></span> <span class='ocrx_word' id='word_1_387' title='bbox 695 4066 766 4116; x_wconf 82' lang='lat' dir='ltr'><strong>Gari.</strong></span> <span class='ocrx_word' id='word_1_388' title='bbox 786 4065 816 4116; x_wconf 86' lang='lat' dir='ltr'><strong>tr.</strong></span> <span class='ocrx_word' id='word_1_389' title='bbox 835 4064 886 4116; x_wconf 89' lang='lat' dir='ltr'><strong>inc.</strong></span> <span class='ocrx_word' id='word_1_390' title='bbox 906 4059 950 4122; x_wconf 84' lang='lat' dir='ltr'><strong>liti,</strong></span> <span class='ocrx_word' id='word_1_391' title='bbox 973 4065 1092 4115; x_wconf 87' lang='lat' dir='ltr'><strong>Velleius</strong></span> <span class='ocrx_word' id='word_1_392' title='bbox 1111 4065 1168 4115; x_wconf 87' lang='lat' dir='ltr'><strong>Pat.</strong></span> <span class='ocrx_word' id='word_1_393' title='bbox 1188 4065 1224 4122; x_wconf 90' lang='lat' dir='ltr'><strong>tl,</strong></span> <span class='ocrx_word' id='word_1_394' title='bbox 1245 4059 1293 4121; x_wconf 78' lang='lat' dir='ltr'><strong>tu,</strong></span> <span class='ocrx_word' id='word_1_395' title='bbox 1313 4064 1423 4114; x_wconf 84' lang='lat' dir='ltr'><strong>Tacitus</strong></span> 
     </span>
     <span class='ocr_line' id='line_1_41' title="bbox 206 4135 1424 4200; baseline -0.005 -11"><span class='ocrx_word' id='word_1_396' title='bbox 206 4140 249 4199; x_wconf 88' lang='lat' dir='ltr'><strong>lli,</strong></span> <span class='ocrx_word' id='word_1_397' title='bbox 268 4155 329 4192; x_wconf 85' lang='lat' dir='ltr'><strong>ann.</strong></span> <span class='ocrx_word' id='word_1_398' title='bbox 348 4135 392 4198; x_wconf 77' lang='grc'><strong>21,</strong></span> <span class='ocrx_word' id='word_1_399' title='bbox 410 4139 511 4189; x_wconf 89' lang='lat' dir='ltr'><strong>Plinius</strong></span> <span class='ocrx_word' id='word_1_400' title='bbox 529 4139 556 4188; x_wconf 88' lang='lat' dir='ltr'><strong>h.</strong></span> <span class='ocrx_word' id='word_1_401' title='bbox 574 4152 600 4192; x_wconf 92' lang='lat' dir='ltr'><strong>n.</strong></span> <span class='ocrx_word' id='word_1_402' title='bbox 619 4137 636 4190; x_wconf 94' lang='lat' dir='ltr'><strong>l.</strong></span> <span class='ocrx_word' id='word_1_403' title='bbox 649 4153 681 4188; x_wconf 90' lang='lat' dir='ltr'><strong>c..</strong></span> <span class='ocrx_word' id='word_1_404' title='bbox 700 4137 862 4200; x_wconf 87' lang='lat' dir='ltr'><strong>saepissime</strong></span> <span class='ocrx_word' id='word_1_405' title='bbox 875 4136 998 4193; x_wconf 79' lang='lat' dir='ltr'><strong>Plautus.</strong></span> <span class='ocrx_word' id='word_1_406' title='bbox 1017 4137 1071 4187; x_wconf 87' lang='lat' dir='ltr'><strong>atii.</strong></span> <span class='ocrx_word' id='word_1_407' title='bbox 1108 4137 1172 4198; x_wconf 86' lang='lat' dir='ltr'><strong>Quis</strong></span> <span class='ocrx_word' id='word_1_408' title='bbox 1191 4136 1261 4187; x_wconf 88' lang='lat' dir='ltr'><strong>enirn</strong></span> <span class='ocrx_word' id='word_1_409' title='bbox 1280 4137 1424 4186; x_wconf 78' lang='lat' dir='ltr'><strong>crediderit</strong></span> 
     </span>
     <span class='ocr_line' id='line_1_42' title="bbox 205 4201 1423 4279; baseline -0.004 -19"><span class='ocrx_word' id='word_1_410' title='bbox 205 4211 298 4279; x_wconf 88' lang='lat' dir='ltr'><strong>Pigblo</strong></span> <span class='ocrx_word' id='word_1_411' title='bbox 317 4210 459 4260; x_wconf 86' lang='lat' dir='ltr'><strong>somnianti</strong></span> <span class='ocrx_word' id='word_1_412' title='bbox 478 4211 511 4259; x_wconf 89' lang='lat' dir='ltr'><strong>de</strong></span> <span class='ocrx_word' id='word_1_413' title='bbox 536 4209 663 4260; x_wconf 86' lang='lat' dir='ltr'><strong>aduerbio</strong></span> <span class='ocrx_word' id='word_1_414' title='bbox 679 4201 800 4274; x_wconf 74' lang='lat' dir='ltr'><strong>suatim?</strong></span> <span class='ocrx_word' id='word_1_415' title='bbox 828 4208 914 4272; x_wconf 83' lang='lat' dir='ltr'><strong>Atque</strong></span> <span class='ocrx_word' id='word_1_416' title='bbox 937 4209 966 4255; x_wconf 91' lang='lat' dir='ltr'><strong>ut</strong></span> <span class='ocrx_word' id='word_1_417' title='bbox 988 4209 1132 4257; x_wconf 85' lang='lat' dir='ltr'><strong>concedam</strong></span> <span class='ocrx_word' id='word_1_418' title='bbox 1158 4208 1266 4258; x_wconf 86' lang='lat' dir='ltr'><strong>Valerio</strong></span> <span class='ocrx_word' id='word_1_419' title='bbox 1289 4221 1350 4256; x_wconf 84' lang='lat' dir='ltr'><strong>eam</strong></span> <span class='ocrx_word' id='word_1_420' title='bbox 1376 4208 1423 4255; x_wconf 83' lang='lat' dir='ltr'><strong>ad·</strong></span> 
     </span>
     <span class='ocr_line' id='line_1_43' title="bbox 206 4279 1423 4344; baseline -0.004 -14"><span class='ocrx_word' id='word_1_421' title='bbox 206 4283 287 4332; x_wconf 91' lang='lat' dir='ltr'><strong>uerbii</strong></span> <span class='ocrx_word' id='word_1_422' title='bbox 306 4283 418 4331; x_wconf 86' lang='lat' dir='ltr'><strong>termam</strong></span> <span class='ocrx_word' id='word_1_423' title='bbox 438 4281 500 4331; x_wconf 89' lang='lat' dir='ltr'><strong>alibi</strong></span> <span class='ocrx_word' id='word_1_424' title='bbox 519 4295 571 4330; x_wconf 94' lang='lat' dir='ltr'><strong>non</strong></span> <span class='ocrx_word' id='word_1_425' title='bbox 590 4281 738 4339; x_wconf 86' lang='lat' dir='ltr'><strong>inuentam,</strong></span> <span class='ocrx_word' id='word_1_426' title='bbox 764 4279 823 4344; x_wconf 88' lang='lat' dir='ltr'><strong>quid</strong></span> <span class='ocrx_word' id='word_1_427' title='bbox 843 4280 952 4329; x_wconf 84' lang='lat' dir='ltr'><strong>tandem</strong></span> <span class='ocrx_word' id='word_1_428' title='bbox 969 4279 1097 4329; x_wconf 85' lang='lat' dir='ltr'><strong>intererat</strong></span> <span class='ocrx_word' id='word_1_429' title='bbox 1115 4281 1243 4330; x_wconf 83' lang='lat' dir='ltr'><strong>rationem</strong></span> <span class='ocrx_word' id='word_1_430' title='bbox 1263 4279 1423 4342; x_wconf 81' lang='lat' dir='ltr'><strong>modumque</strong></span> 
     </span>
     <span class='ocr_line' id='line_1_44' title="bbox 206 4348 1422 4416; baseline -0.007 -13"><span class='ocrx_word' id='word_1_431' title='bbox 206 4353 366 4416; x_wconf 88' lang='lat' dir='ltr'><strong>percutiendi</strong></span> <span class='ocrx_word' id='word_1_432' title='bbox 385 4353 435 4402; x_wconf 80' lang='lat' dir='ltr'><strong>troc</strong></span> <span class='ocrx_word' id='word_1_433' title='bbox 454 4353 512 4403; x_wconf 91' lang='lat' dir='ltr'><strong>loco</strong></span> <span class='ocrx_word' id='word_1_434' title='bbox 531 4351 663 4402; x_wconf 77' lang='lat' dir='ltr'><strong>deserIbii</strong></span> <span class='ocrx_word' id='word_1_435' title='bbox 691 4351 745 4400; x_wconf 82' lang='lat' dir='ltr'><strong>Sed</strong></span> <span class='ocrx_word' id='word_1_436' title='bbox 764 4351 862 4400; x_wconf 86' lang='lat' dir='ltr'><strong>oblitus</strong></span> <span class='ocrx_word' id='word_1_437' title='bbox 880 4363 946 4400; x_wconf 87' lang='lat' dir='ltr'><strong>esse</strong></span> <span class='ocrx_word' id='word_1_438' title='bbox 963 4351 1067 4400; x_wconf 89' lang='lat' dir='ltr'><strong>uidetur</strong></span> <span class='ocrx_word' id='word_1_439' title='bbox 1085 4351 1125 4400; x_wconf 90' lang='lat' dir='ltr'><strong>uir</strong></span> <span class='ocrx_word' id='word_1_440' title='bbox 1143 4349 1316 4400; x_wconf 88' lang='lat' dir='ltr'><strong>doctissimus</strong></span> <span class='ocrx_word' id='word_1_441' title='bbox 1335 4348 1422 4396; x_wconf 85' lang='lat' dir='ltr'><strong>solum</strong></span> 
     </span>
     <span class='ocr_line' id='line_1_45' title="bbox 207 4418 1516 4492; baseline -0.007 -18"><span class='ocrx_word' id='word_1_442' title='bbox 207 4425 303 4492; x_wconf 81' lang='lat' dir='ltr'><strong>egendi</strong></span> <span class='ocrx_word' id='word_1_443' title='bbox 322 4423 461 4482; x_wconf 88' lang='lat' dir='ltr'><strong>rationem,</strong></span> <span class='ocrx_word' id='word_1_444' title='bbox 480 4439 534 4473; x_wconf 91' lang='lat' dir='ltr'><strong>nnn</strong></span> <span class='ocrx_word' id='word_1_445' title='bbox 552 4423 770 4480; x_wconf 86' lang='lat' dir='ltr'><strong>instrumentum,</strong></span> <span class='ocrx_word' id='word_1_446' title='bbox 790 4437 842 4488; x_wconf 88' lang='lat' dir='ltr'><strong>quo</strong></span> <span class='ocrx_word' id='word_1_447' title='bbox 861 4423 931 4472; x_wconf 84' lang='lat' dir='ltr'><strong>aetio</strong></span> <span class='ocrx_word' id='word_1_448' title='bbox 949 4424 1131 4485; x_wconf 85' lang='lat' dir='ltr'><strong>perpetratur,</strong></span> <span class='ocrx_word' id='word_1_449' title='bbox 1155 4419 1267 4483; x_wconf 81' lang='lat' dir='ltr'><strong>exprimi</strong></span> <span class='ocrx_word' id='word_1_450' title='bbox 1287 4418 1424 4467; x_wconf 86' lang='lat' dir='ltr'><strong>aduerbiu.</strong></span> <span class='ocrx_word' id='word_1_451' title='bbox 1513 4436 1516 4440; x_wconf 51' lang='lat'><em>⁴</em></span> 
     </span>
    </p>
   </div>
   <div class='ocr_carea' id='block_1_5' title="bbox 207 4488 1425 4610">
    <p class='ocr_par' dir='ltr' id='par_1_9' title="bbox 207 4488 1425 4610">
     <span class='ocr_line' id='line_1_46' title="bbox 207 4488 1425 4610; baseline -0.007 -65"><span class='ocrx_word' id='word_1_452' title='bbox 207 4495 245 4544; x_wconf 81' lang='lat' dir='ltr'><strong>Au</strong></span> <span class='ocrx_word' id='word_1_453' title='bbox 265 4496 382 4563; x_wconf 89' lang='lat' dir='ltr'><strong>pugione</strong></span> <span class='ocrx_word' id='word_1_454' title='bbox 400 4496 586 4558; x_wconf 87' lang='lat' dir='ltr'><strong>interemptum</strong></span> <span class='ocrx_word' id='word_1_455' title='bbox 604 4494 721 4555; x_wconf 84' lang='lat' dir='ltr'><strong>aliquem</strong></span> <span class='ocrx_word' id='word_1_456' title='bbox 740 4493 855 4556; x_wconf 75' lang='lat' dir='ltr'><strong>princtlm</strong></span> <span class='ocrx_word' id='word_1_457' title='bbox 873 4506 1032 4557; x_wconf 84' lang='lat' dir='ltr'><strong>percussum</strong></span> <span class='ocrx_word' id='word_1_458' title='bbox 1045 4493 1096 4541; x_wconf 85' lang='lat' dir='ltr'><strong>dici</strong></span> <span class='ocrx_word' id='word_1_459' title='bbox 1107 4505 1190 4555; x_wconf 84' lang='lat' dir='ltr'><strong>posse</strong></span> <span class='ocrx_word' id='word_1_460' title='bbox 1203 4490 1343 4610; x_wconf 69' lang='lat' dir='ltr'><strong>putatterit,</strong></span> <span class='ocrx_word' id='word_1_461' title='bbox 1362 4488 1425 4553; x_wconf 83' lang='lat' dir='ltr'><strong>quia</strong></span> 
     </span>
    </p>
   </div>
   <div class='ocr_carea' id='block_1_6' title="bbox 207 4558 1517 4848">
    <p class='ocr_par' dir='ltr' id='par_1_10' title="bbox 207 4558 1517 4848">
     <span class='ocr_line' id='line_1_47' title="bbox 208 4558 1423 4632; baseline -0.006 -18"><span class='ocrx_word' id='word_1_462' title='bbox 208 4567 297 4616; x_wconf 80' lang='lat' dir='ltr'><strong>liuius</strong></span> <span class='ocrx_word' id='word_1_463' title='bbox 316 4567 466 4630; x_wconf 85' lang='lat' dir='ltr'><strong>composuit</strong></span> <span class='ocrx_word' id='word_1_464' title='bbox 482 4563 601 4632; x_wconf 78' lang='lat' dir='ltr'><strong>punctim</strong></span> <span class='ocrx_word' id='word_1_465' title='bbox 623 4563 706 4631; x_wconf 67' lang='lat' dir='ltr'><strong>maye</strong></span> <span class='ocrx_word' id='word_1_466' title='bbox 727 4579 803 4632; x_wconf 79' lang='lat' dir='ltr'><strong>quem</strong></span> <span class='ocrx_word' id='word_1_467' title='bbox 827 4562 924 4615; x_wconf 79' lang='lat' dir='ltr'><strong>caesim</strong></span> <span class='ocrx_word' id='word_1_468' title='bbox 943 4568 1036 4631; x_wconf 82' lang='lat' dir='ltr'><strong>petere</strong></span> <span class='ocrx_word' id='word_1_469' title='bbox 1059 4558 1177 4612; x_wconf 62' lang='lat' dir='ltr'><strong>mutem?</strong></span> <span class='ocrx_word' id='word_1_470' title='bbox 1215 4563 1297 4622; x_wconf 79' lang='lat' dir='ltr'><strong>taque</strong></span> <span class='ocrx_word' id='word_1_471' title='bbox 1320 4559 1423 4609; x_wconf 88' lang='lat' dir='ltr'><strong>restitui</strong></span> 
     </span>
     <span class='ocr_line' id='line_1_48' title="bbox 207 4630 1517 4703; baseline -0.008 -15"><span class='ocrx_word' id='word_1_472' title='bbox 207 4638 279 4688; x_wconf 87' lang='lat' dir='ltr'><strong>illam</strong></span> <span class='ocrx_word' id='word_1_473' title='bbox 298 4637 407 4688; x_wconf 87' lang='lat' dir='ltr'><strong>ablutiui</strong></span> <span class='ocrx_word' id='word_1_474' title='bbox 432 4638 560 4695; x_wconf 80' lang='lat' dir='ltr'><strong>formam,</strong></span> <span class='ocrx_word' id='word_1_475' title='bbox 585 4635 707 4703; x_wconf 88' lang='lat' dir='ltr'><strong>quamuis</strong></span> <span class='ocrx_word' id='word_1_476' title='bbox 732 4635 835 4687; x_wconf 88' lang='lat' dir='ltr'><strong>Paridis</strong></span> <span class='ocrx_word' id='word_1_477' title='bbox 860 4637 945 4686; x_wconf 83' lang='lat' dir='ltr'><strong>codex</strong></span> <span class='ocrx_word' id='word_1_478' title='bbox 967 4635 1113 4685; x_wconf 88' lang='lat' dir='ltr'><strong>Vaticanus</strong></span> <span class='ocrx_word' id='word_1_479' title='bbox 1138 4633 1189 4681; x_wconf 86' lang='lat' dir='ltr'><strong>hoe</strong></span> <span class='ocrx_word' id='word_1_480' title='bbox 1213 4632 1273 4681; x_wconf 92' lang='lat' dir='ltr'><strong>loeo</strong></span> <span class='ocrx_word' id='word_1_481' title='bbox 1297 4631 1324 4680; x_wconf 89' lang='lat' dir='ltr'><strong>et</strong></span> <span class='ocrx_word' id='word_1_482' title='bbox 1340 4630 1424 4680; x_wconf 87' lang='lat' dir='ltr'><strong>nostri</strong></span> <span class='ocrx_word' id='word_1_483' title='bbox 1508 4643 1517 4652; x_wconf 90' lang='lat'><strong>·</strong></span> 
     </span>
     <span class='ocr_line' id='line_1_49' title="bbox 207 4701 1424 4775; baseline -0.007 -15"><span class='ocrx_word' id='word_1_484' title='bbox 207 4711 266 4761; x_wconf 89' lang='lat' dir='ltr'><strong>libri</strong></span> <span class='ocrx_word' id='word_1_485' title='bbox 285 4709 359 4768; x_wconf 89' lang='lat' dir='ltr'><strong>Vili,</strong></span> <span class='ocrx_word' id='word_1_486' title='bbox 386 4705 414 4768; x_wconf 90' lang='lat' dir='ltr'><strong>l,</strong></span> <span class='ocrx_word' id='word_1_487' title='bbox 439 4711 511 4760; x_wconf 88' lang='lat' dir='ltr'><strong>amb.</strong></span> <span class='ocrx_word' id='word_1_488' title='bbox 538 4706 548 4760; x_wconf 94' lang='lat' dir='ltr'><strong>l</strong></span> <span class='ocrx_word' id='word_1_489' title='bbox 576 4722 670 4758; x_wconf 87' lang='lat' dir='ltr'><strong>ornnes</strong></span> <span class='ocrx_word' id='word_1_490' title='bbox 685 4706 762 4775; x_wconf 72' lang='lat' dir='ltr'><strong>suste</strong></span> <span class='ocrx_word' id='word_1_491' title='bbox 780 4707 933 4760; x_wconf 80' lang='lat' dir='ltr'><strong>exhibeant.</strong></span> <span class='ocrx_word' id='word_1_492' title='bbox 974 4706 1072 4758; x_wconf 86' lang='lat' dir='ltr'><strong>Parum</strong></span> <span class='ocrx_word' id='word_1_493' title='bbox 1097 4702 1168 4753; x_wconf 88' lang='lat' dir='ltr'><strong>enim</strong></span> <span class='ocrx_word' id='word_1_494' title='bbox 1185 4703 1212 4752; x_wconf 88' lang='lat' dir='ltr'><strong>in</strong></span> <span class='ocrx_word' id='word_1_495' title='bbox 1231 4701 1274 4752; x_wconf 87' lang='lat' dir='ltr'><strong>hia</strong></span> <span class='ocrx_word' id='word_1_496' title='bbox 1293 4702 1344 4752; x_wconf 88' lang='lat' dir='ltr'><strong>sibl</strong></span> <span class='ocrx_word' id='word_1_497' title='bbox 1363 4716 1424 4752; x_wconf 90' lang='lat' dir='ltr'><strong>cun·</strong></span> 
     </span>
     <span class='ocr_line' id='line_1_50' title="bbox 208 4771 1425 4848; baseline -0.007 -16"><span class='ocrx_word' id='word_1_498' title='bbox 208 4783 280 4833; x_wconf 80' lang='lat' dir='ltr'><strong>stant</strong></span> <span class='ocrx_word' id='word_1_499' title='bbox 298 4780 412 4842; x_wconf 85' lang='lat' dir='ltr'><strong>librarii,</strong></span> <span class='ocrx_word' id='word_1_500' title='bbox 431 4782 510 4833; x_wconf 88' lang='lat' dir='ltr'><strong>modo</strong></span> <span class='ocrx_word' id='word_1_501' title='bbox 529 4777 600 4848; x_wconf 70' lang='grc' dir='ltr'><strong>ι’φιί.</strong></span> <span class='ocrx_word' id='word_1_502' title='bbox 620 4777 682 4836; x_wconf 69' lang='lat' dir='ltr'><strong>etti.</strong></span> <span class='ocrx_word' id='word_1_503' title='bbox 703 4780 814 4840; x_wconf 86' lang='lat' dir='ltr'><strong>similia,</strong></span> <span class='ocrx_word' id='word_1_504' title='bbox 838 4780 919 4830; x_wconf 77' lang='grc' dir='ltr'><strong>ιιιοᾱο</strong></span> <span class='ocrx_word' id='word_1_505' title='bbox 941 4775 1017 4844; x_wconf 71' lang='lat' dir='ltr'><strong>ipre.</strong></span> <span class='ocrx_word' id='word_1_506' title='bbox 1043 4788 1108 4831; x_wconf 74' lang='lat' dir='ltr'><strong>ese.</strong></span> <span class='ocrx_word' id='word_1_507' title='bbox 1133 4775 1185 4827; x_wconf 90' lang='lat' dir='ltr'><strong>etc.</strong></span> <span class='ocrx_word' id='word_1_508' title='bbox 1202 4775 1355 4826; x_wconf 65' lang='lat' dir='ltr'><strong>exuuias.</strong></span> <span class='ocrx_word' id='word_1_509' title='bbox 1391 4771 1425 4823; x_wconf 79' lang='lat' dir='ltr'><strong>iit</strong></span> 
     </span>
    </p>
   </div>
   <div class='ocr_carea' id='block_1_7' title="bbox 0 0 1716 5400">
    <p class='ocr_par' dir='ltr' id='par_1_11' title="bbox 0 0 1716 5400">
     <span class='ocr_line' id='line_1_51' title="bbox 0 0 1716 5400; baseline 0 0"><span class='ocrx_word' id='word_1_510' title='bbox 0 0 1716 5400; x_wconf 95' lang='lat' dir='ltr'><strong> </strong></span> 
     </span>
    </p>
   </div>
  </div>
 </body>
</html>
