3409 5400
598 454 681 522 LlB.
704 456 760 533 111,
784 456 821 523 Ο.
844 460 877 535 2,
901 470 930 537 3.
956 464 1077 529 3-6,
1386 472 1452 539 247

213 614 450 690 consecrauit,
481 634 557 679 eum
579 618 739 704 magister
767 620 913 704 equitum
941 621 1057 687 ducem
1085 622 1290 691 Fidenatium
1317 630 1352 692 in
1381 631 1451 693 acie

213 740 429 806 congressus
444 722 674 791 interemisset.
709 723 853 811 Magnus
865 728 957 791 initio
974 726 1111 795 huiusce
1130 734 1260 819 generis
1278 732 1451 799 inchoatae

214 826 354 913 gloriae
375 827 547 893 Romulus.
594 829 701 895 Gosso
725 853 857 918 quoque
881 834 1016 899 multum
1044 837 1243 923 adquisitum
1267 848 1332 914 est,
1362 842 1451 926 quod

214 933 346 999 imitari
367 934 546 1000 Romulum
568 937 678 1002 ualuit.

188 1066 204 1108 a
315 1038 365 1104 Ne
380 1040 484 1106 Marci
500 1042 633 1128 quidem
647 1044 795 1111 Marcelli
813 1051 1007 1117 memoriam
1032 1048 1073 1114 ab
1097 1048 1149 1113 his
1173 1052 1329 1139 exemplis
1353 1050 1489 1139 sepa-5.

214 1168 300 1211 rare
328 1146 504 1224 debemus,
530 1150 565 1214 in
593 1172 658 1237 quo
686 1163 793 1220 tantus
823 1156 919 1242 uigor
948 1158 1048 1221 animi
1070 1156 1129 1219 suit
1151 1166 1186 1219 ut
1209 1158 1297 1243 apud
1319 1158 1448 1225 Padum

217 1252 394 1333 Gallorum
415 1276 529 1343 regem
551 1260 678 1343 ingenti
704 1262 844 1323 exercitu
874 1264 1027 1347 stipatum
1051 1283 1125 1325 eum
1147 1264 1262 1347 paucis
1287 1264 1448 1350 equitibus

215 1360 409 1435 inuaderet,
445 1381 542 1448 quem
575 1365 722 1449 protinus
751 1366 976 1435 obtruncatum
1005 1369 1106 1433 armis
1136 1370 1222 1433 exuit
1250 1390 1354 1456 eaque
1377 1368 1448 1434 Ioui

219 1466 369 1529 Feretrio
393 1467 524 1532 dicauit.

177 1596 208 1641 ao
313 1572 440 1639 Eodem
468 1584 500 1639 et
528 1576 653 1647 uirtutis
682 1587 714 1641 et
740 1599 873 1664 pugnae
902 1600 1024 1667 genere
1054 1582 1105 1645 usi
1134 1591 1210 1645 sunt
1239 1578 1274 1645 T.
1303 1578 1445 1647 Manlius
1457 1579 1486 1645 6.

731 1808 943 1821 ——

223 1959 250 2013 2.
270 1964 295 2011 ia
313 1965 391 2013 inicio
409 1963 444 2016 Ε.
456 1964 470 2033 ΙΙ
481 1966 623 2015 incohatae
641 1962 673 2019 E.
689 1962 701 2035 ΙΙ
716 1963 740 2017 4.
758 1928 899 2018 Romulum
918 1970 1014 2019 inritari
1035 1966 1111 2019 Torr.
1126 1966 1236 2091 lpluoluit
1253 1966 1285 2020 Ε.
1305 1966 1318 2033 ΙΙ
1330 1964 1355 2018 5.
1375 1970 1401 2031 s.
1420 1964 1445 2020 5.

225 2047 275 2081 on.
292 2030 324 2085 Γ.
335 2033 349 2101 ΙΙ
360 2048 410 2083 nec
428 2032 457 2085 C.
468 2031 522 2103 1111.
538 2038 619 2086 animi
638 2039 717 2122 uigor
737 2035 813 2088 Torr.
827 2035 840 2105 ΙΙ
855 2054 955 2123 pagum
971 2054 1016 2106 pr.
1035 2036 1096 2159 qull
1114 2038 1124 2090 l
1147 2074 1154 2088 .
1173 2040 1273 2089 Eodem
1287 2067 1320 2075 —
1333 2041 1372 2107 (p.
1384 2034 1445 2098 248,

225 2100 263 2167 4.)
281 2108 465 2156 consecranda
482 2120 530 2157 em.
551 2102 583 2160 Γ.
598 2106 611 2171 ΙΙ
625 2106 732 2158 mallius
750 2105 842 2161 ΑΒΘ.
865 2111 961 2160 maniis
980 2107 1013 2161 Ε.
1037 2106 1069 2159 Va
1089 2145 1095 2160 .
1115 2108 1159 2162 ad.
1178 2107 1215 2167 ll,
1235 2108 1259 2168 l,
1279 2105 1304 2158 li.

295 2474 421 2543 magister
428 2475 551 2544 equitem)
567 2478 659 2528 Liuius
673 2480 706 2529 de
719 2480 847 2543 tempore.
868 2494 919 2543 quo
933 2479 1104 2531 commissam
1118 2476 1152 2525 sit
1164 2478 1215 2527 hoc
1224 2476 1362 2540 proelium,
1373 2479 1399 2526 et
1412 2480 1445 2527 de

222 2547 336 2610 imperio
361 2547 393 2597 A.
418 2548 530 2599 Cornelii
553 2550 681 2613 triplicem
707 2551 846 2613 proposuit
863 2550 1022 2611 opinionem,
1046 2562 1177 2609 suamque
1196 2547 1369 2605 sententiam,
1394 2563 1445 2611 quo

223 2632 257 2666 se
276 2620 392 2669 uerteret
409 2620 535 2676 incertus,
557 2621 646 2670 multis
665 2624 807 2671 uerborum
827 2620 987 2687 ambagibus
1010 2618 1104 2667 callide
1122 2618 1195 2669 texit.
1241 2616 1357 2666 Primum
1376 2618 1446 2668 enim

224 2691 370 2739 secundom
390 2705 493 2748 omnes,
513 2692 542 2738 ut
559 2690 619 2753 ipse
638 2692 711 2749 dicit,
736 2692 799 2740 ante
824 2707 884 2742 eum
910 2693 1035 2740 erectores
1054 2690 1168 2740 Cossum
1186 2688 1317 2738 tribunum
1335 2687 1445 2738 militum

223 2762 344 2810 secanda
361 2761 451 2824 spotia
468 2761 558 2823 opima
575 2761 647 2810 louis
665 2763 775 2812 Feretrii
792 2763 892 2826 templo
911 2762 1033 2812 intulisse
1052 2761 1183 2824 exposuit.
1220 2759 1286 2808 'l'um
1300 2759 1444 2808 Caesarem

224 2830 383 2898 Angustum,
404 2831 448 2896 qai
467 2831 527 2895 ipse
551 2845 585 2881 ee
604 2833 765 2894 spoliatoni
784 2833 908 2884 dedicata
931 2834 1094 2896 inspexerat,
1114 2833 1210 2879 testem
1236 2830 1299 2878 citat
1323 2829 1445 2878 undecim

223 2902 302 2949 anais
326 2902 389 2963 post
419 2903 559 2951 consulem
583 2905 696 2952 Cossum
721 2919 755 2952 ea
780 2905 901 2966 cepisse;
926 2905 959 2952 de
985 2917 1048 2951 uero
1074 2901 1297 2950 existimationem
1322 2899 1444 2949 omnibus

223 2985 389 3020 communem
408 2972 541 3036 relinquit.
577 2972 697 3035 Denique
716 2974 800 3023 tribus
824 2975 1072 3037 postconsulatum
1092 2973 1169 3020 annis
1195 2972 1307 3020 crrndem
1331 2967 1364 3020 Α.
1382 2971 1443 3019 Cor·-

222 3042 322 3090 neiiom
340 3043 455 3091 Cossium
472 3044 605 3092 tribunum
622 3045 733 3094 militum
751 3046 885 3094 consulari
899 3045 1033 3108 potestate
1045 3045 1072 3093 ct
1083 3057 1145 3091 mox
1158 3043 1316 3108 magistrum
1329 3040 1444 3102 cerritum

224 3113 276 3159 sub
295 3111 375 3163 Mam.
392 3112 508 3162 Aemilio
526 3114 655 3164 dictatore
673 3115 757 3165 tuisse
775 3115 855 3180 inque
873 3131 906 3166 eo
925 3115 1036 3178 imperio
1055 3114 1168 3162 alteram
1183 3113 1315 3179 insignem
1326 3124 1444 3177 pugnam

223 3185 377 3243 equestrem
394 3185 513 3233 edidisse
530 3185 568 3234 ita
586 3185 681 3243 refert,
705 3187 733 3233 ut
751 3199 848 3235 nonam
867 3187 894 3235 in
913 3186 955 3236 his
974 3185 1152 3234 coniecturam
1170 3183 1256 3232 latere
1274 3181 1444 3245 perspicuum

225 3253 270 3308 sit,
289 3253 339 3302 hoc
357 3269 427 3303 anno
446 3255 561 3304 Cossum
578 3255 625 3304 illa
644 3257 731 3320 spolia
746 3258 865 3321 cepisse.
903 3255 941 3306 Cf.
960 3255 1036 3307 Seru.
1056 3257 1088 3304 ad
1111 3255 1175 3303 den.
1194 3253 1240 3305 vt.
1260 3247 1321 3302 842.
1358 3253 1444 3309 Quam

225 3323 404 3374 coniecturam
432 3327 467 3374 ab
490 3327 551 3389 ipso
574 3341 636 3374 mox
662 3327 782 3377 relictam
800 3326 846 3390 (rt.
872 3327 934 3384 llll.
954 3322 1002 3384 32.
1026 3321 1054 3386 4)
1080 3325 1203 3376 Valerius
1222 3323 1249 3371 h.
1269 3321 1285 3372 l.
1304 3320 1444 3384 amplexus

224 3407 289 3443 esse
306 3396 418 3454 uidetur,
437 3411 497 3444 eum
514 3397 630 3446 Cossum
650 3399 808 3464 magistrum
827 3399 944 3462 equitum
963 3398 1078 3446 hostium
1099 3397 1193 3444 docem
1205 3391 1372 3443 interemisse
1390 3392 1443 3440 tra·

225 3467 314 3521 deret,
339 3481 453 3528 eamque
476 3467 553 3516 unice
578 3482 670 3517 ueram
692 3481 755 3516 esse
779 3469 873 3517 eontra
891 3469 1056 3518 Perizoniunr
1080 3467 1226 3528 (atrinnadu.
1249 3463 1312 3512 hist.
1331 3477 1354 3510 e.
1373 3457 1398 3511 7.
1417 3477 1442 3524 p.

224 3531 277 3585 258
286 3539 313 3585 et
322 3549 398 3598 seqq.
410 3539 451 3587 ed.
462 3536 596 3600 llarless.)
616 3538 942 3606 iudicauitllertzbergius
962 3539 988 3586 in
1003 3536 1207 3586 sctrnetaewinit
1226 3533 1329 3583 Paitolo
1350 3547 1366 3581 o
1385 3531 1397 3581 1
1416 3545 1442 3582 a.

227 3601 302 3656 1846.
321 3623 348 3670 p.
366 3601 428 3665 331.
447 3609 529 3658 tultus
549 3623 608 3657 cum
627 3610 742 3658 maxiano
762 3609 920 3666 Niebuhrio,
940 3609 983 3672 qui
1001 3607 1077 3671 (rom.
1098 3607 1193 3674 gesen.
1213 3605 1245 3660 li.
1264 3621 1290 3667 p.
1309 3547 1373 3664 518)
1392 3601 1443 3651 '1¹0-

224 3677 351 3726 lamnium
369 3693 422 3728 noa
440 3680 502 3729 aute
521 3695 546 3730 a.
564 3672 618 3730 3⁸28
643 3679 760 3727 occisum
779 3693 843 3729 csse
862 3679 1013 3735 declarans,
1039 3679 1113 3741 prins
1139 3675 1202 3724 illud
1227 3675 1326 3723 bellum
1352 3674 1444 3722 contra

224 3747 351 3798 Veientes
374 3750 462 3798 fletum
487 3749 567 3812 atque
598 3749 809 3800 commenticium
839 3749 946 3798 omnino
970 3749 1038 3797 inter·
1061 3745 1168 3796 fabulas
1195 3745 1355 3794 reiciendum
1380 3757 1444 3792 esse

223 3819 324 3867 studuit
341 3820 472 3871 euincere.
508 3821 548 3870 Da
573 3821 693 3883 tempore
715 3821 796 3869 nolim
815 3821 975 3872 contendere
994 3834 1053 3868 eum
1072 3816 1262 3882 llerlzbergio;
1286 3815 1336 3862 sed
1360 3813 1387 3863 in
1410 3826 1443 3862 eo

223 3891 294 3939 certe
305 3891 412 3949 errauit,
432 3892 510 3954 quod,
525 3891 648 3956 quoniam
663 3893 765 3941 Cossus
778 3905 810 3941 eo
824 3906 894 3940 anno
907 3891 1026 3940 tribunus
1040 3889 1149 3937 militum
1162 3885 1296 3935 consulari
1307 3884 1442 3946 potestate

223 3960 339 4024 propriis
357 3961 484 4024 auspiciis
502 3975 570 4012 usas
589 3962 692 4020 luisset,
711 3977 744 4012 ne
760 3961 891 4012 dictatore
909 3961 1014 4022 quidem
1031 3961 1121 4010 creato
1137 3973 1171 4006 ea
1189 3955 1312 4023 magistri
1327 3955 1443 4019 equitum

223 4031 346 4094 auspicia
363 4033 472 4081 sublata
483 4046 549 4082 esse
566 4033 677 4089 censuit,
696 4034 767 4094 qued
787 4035 813 4082 et
825 4033 864 4082 rei
876 4033 988 4082 natiuae
1001 4033 1027 4080 et
1040 4031 1140 4094 apertis
1154 4029 1272 4078 aeteram
1285 4026 1444 4088 scriptorum

222 4101 383 4150 testimoniis
407 4106 548 4170 repugnat.
582 4103 621 4152 Ct'.
640 4104 858 4154 commentarium
884 4103 917 4151 ad
945 4103 969 4164 S.
989 4097 1014 4152 o.
1053 4101 1175 4150 Valerius
1199 4099 1289 4148 autem
1313 4109 1443 4160 perquam

223 4172 415 4239 neglegenter,
434 4177 463 4222 ut
480 4175 552 4224 reete
569 4174 624 4224 iam
641 4173 796 4224 Perizonius
815 4174 1011 4230 animaduertit.
1036 4171 1201 4221 Fidenatium
1226 4170 1320 4217 direom
1339 4183 1356 4214 a
1381 4167 1442 4214 Cor·

223 4243 294 4292 nelio
314 4244 401 4292 Cosso
419 4244 604 4307 interemptum
623 4257 688 4294 esse
705 4246 812 4304 narrat,
832 4245 963 4309 siquidem
983 4245 1035 4292 Lar
1053 4242 1209 4292 'Folirmnius
1227 4237 1375 4290 Veientium
1394 4247 1442 4282 rex

221 4317 289 4370 erat,
309 4313 344 4362 ad
362 4327 442 4376 qoem
460 4316 614 4366 deiecerant
631 4315 783 4368 Fidenates.
820 4315 850 4365 la
869 4316 938 4366 herne
964 4329 1080 4365 errorem
1104 4327 1196 4363 seeum
1219 4307 1300 4359 traxit
1318 4303 1440 4353 Valerius

221 4385 360 4434 auctorem
379 4387 414 4435 de
431 4386 480 4438 uir.
497 4387 534 4437 iil.
552 4387 570 4438 l.
589 4403 612 4436 c.

293 4449 319 4507 5.
337 4455 377 4504 Cf.
395 4454 453 4506 Liu.
472 4457 535 4521 epit.
553 4457 610 4508 libr.
629 4457 689 4508 XX.
709 4457 872 4510 Plutllare.
890 4453 915 4508 ’1.
934 4456 1022 4508 Front.
1033 4455 1107 4506 strat.
1124 4451 1182 4510 1111,
1201 4445 1227 4510 5,
1246 4443 1271 4498 4.
1290 4444 1390 4498 Auctor
1408 4444 1441 4494 de

221 4525 272 4575 uir.
289 4525 326 4576 iit.
344 4519 388 4575 45.
406 4525 481 4578 Fest.
500 4542 525 4576 u.
543 4528 633 4592 opima
651 4528 740 4592 spolia
757 4545 784 4594 p.
805 4523 856 4580 186
874 4528 950 4578 Mill.

294 4597 320 4646 6.
340 4591 371 4645 Τ.
388 4591 507 4649 dimittas
526 4595 684 4664 termam)
701 4599 740 4653 Cf.
757 4600 817 4654 Liu.
836 4598 892 4660 vlt,
914 4595 953 4650 10.
980 4599 1033 4650 Cic.
1053 4599 1085 4647 de
1104 4593 1147 4645 off.
1167 4591 1210 4652 111,
1229 4585 1273 4652 ³1,
1295 4583 1352 4642 112.
1370 4587 1441 4641 Flor.

220 4657 290 4728 1,³,
305 4661 351 4719 20.
368 4664 445 4723 duct.
463 4669 497 4723 de
513 4668 563 4722 etr.
580 4662 679 4723 11118,
