3409 5400
263 502 327 571 3311
481 500 539 565 DE
564 494 857 567 ABSTINENTIA
879 496 936 562 ET
958 490 1264 563 CONTINENTIA.

262 666 402 751 pecunia
430 662 620 749 praediuos.
656 662 726 724 sine
757 682 819 725 usn
854 660 994 723 familiae
1025 660 1155 725 abunde
1184 660 1377 722 comitatus.
1408 660 1487 744 quia

261 771 453 856 locupletem
476 769 565 833 illum
590 768 730 833 faciebat
755 790 819 831 non
844 768 945 831 multa
970 768 1157 852 possidere,
1185 766 1244 827 scd
1269 765 1402 829 modica
1429 765 1486 827 de·

263 879 419 942 siderare.
466 876 555 961 Ergo
585 875 702 939 domus
727 878 797 937 eius
828 874 1103 959 quemadmodum
1132 894 1209 937 aere
1238 886 1270 935 ct
1292 885 1430 959 argento
1455 884 1485 933 et

262 986 433 1069 mancipiis
462 982 659 1047 Samnitium
691 1005 812 1046 uacua.
844 982 891 1044 ita
918 981 1024 1066 gloria
1052 1004 1092 1043 ox
1121 979 1173 1042 his
1198 1019 1217 1051 s
1244 992 1337 1065 parta
1366 980 1487 1042 referta

261 1094 329 1157 suit.
388 1092 620 1153 Consentanea
656 1088 835 1173 repudiatis
876 1088 971 1151 donis
1008 1087 1150 1150 Fabricii
1189 1098 1267 1149 uota
1303 1088 1512 1153 extiterunt.s

261 1200 405 1287 laegatus
435 1198 521 1261 enim
552 1196 592 1261 ad
625 1194 762 1282 Pyrrum
796 1195 976 1279 profectus,
1011 1214 1085 1257 cum
1119 1193 1207 1277 apud
1242 1216 1315 1256 enm
1348 1192 1483 1256 Cineam

263 1304 457 1370 Thessalum
492 1316 677 1366 narrantem
713 1302 862 1365 audisset
896 1301 1060 1385 quendam
1090 1309 1110 1374 †
1139 1298 1389 1364 Atheniensem.
1424 1298 1485 1363 sed

262 1410 385 1475 clarum
410 1410 588 1494 sapientia,
613 1409 805 1474 suadentem
832 1408 972 1493 nequid
1003 1407 1089 1469 aliud
1120 1406 1271 1470 homines
1300 1428 1397 1492 quam
1425 1428 1485 1468 uo·

261 1518 393 1605 luptatis
417 1538 519 1580 caiisa
543 1517 651 1580 facere
676 1516 811 1589 uellent.
847 1538 907 1601 pro
935 1526 1082 1577 monstro
1112 1534 1186 1577 eam
1214 1536 1329 1576 ttocem
1360 1514 1487 1597 accepit

261 1628 479 1710 continuoque
510 1623 610 1709 Pyrro
641 1638 671 1685 et
704 1624 908 1689 Samnitibus
937 1624 1033 1685 istam
1062 1623 1257 1706 sapientiam
1289 1621 1484 1705 deprecatus
1495 1640 1523 1685 111

261 1746 320 1797 est.
367 1732 457 1795 Licet
481 1729 630 1793 Athenae
655 1732 804 1793 electrina
827 1752 889 1793 sita
914 1729 1107 1815 glorientur,
1132 1732 1183 1791 uir
1206 1742 1317 1792 tamen
1340 1729 1484 1814 prudens

262 1840 401 1904 Fabricii
426 1838 675 1900 detestationem
699 1858 795 1923 quam
821 1837 953 1923 Epicuri
976 1838 1127 1901 maluerit
1148 1850 1331 1921 praccepta.
1387 1836 1484 1916 Quod

262 1958 396 2008 errantes
421 1964 550 2029 quoqne
574 1943 737 2010 indicauit.
785 1944 872 2007 Nam
897 1966 982 2029 qnae
1004 1945 1083 2007 urbs
1107 1949 1208 2021 [cum]
1235 1943 1390 2028 uoluptati
1413 1942 1484 2030 plu·

261 2053 378 2115 rimum
403 2050 521 2123 tribuit,
545 2051 716 2135 imperium
739 2053 916 2115 maximum
941 2052 1060 2125 amisit,
1084 2072 1168 2136 quae
1190 2049 1305 2113 labore
1325 2050 1484 2113 delectata

261 2194 287 2247 2.
305 2194 365 2260 sed]
387 2198 412 2244 et
428 2206 472 2261 pr.
490 2192 526 2245 D.
547 2190 559 2263 Η
579 2188 604 2245 3.
629 2194 701 2261 Ergo
721 2222 752 2231 -
769 2161 1015 2257 lii-mmrta-tnit
1038 2210 1086 2245 111.
1112 2192 1142 2243 Γ.
1163 2191 1177 2262 ss
1196 2191 1220 2245 1.
1240 2197 1370 2244 samnium
1389 2206 1433 2261 pr.
1453 2191 1482 2244 A.

261 2268 402 2317 samnitum
422 2264 478 2317 EF
494 2272 519 2317 et
537 2280 606 2320 corr.
626 2262 663 2323 D,
686 2263 762 2318 Torr.
778 2263 790 2331 ll
805 2265 860 2330 his]
883 2268 907 2315 is
921 2279 967 2332 pr.
985 2267 1018 2319 A.
1044 2268 1076 2315 iis
1095 2279 1166 2317 corr.
1183 2264 1217 2318 A.
1238 2260 1301 2317 add.
1324 2266 1482 2328 contemptis

260 2336 371 2391 ΕΤοι-ν.
383 2338 396 2405 ΙΙ
408 2333 433 2387 5.
451 2340 639 2389 Consentanea
657 2366 691 2373 —-
710 2334 758 2401 (ti.)
778 2337 859 2401 enim]
880 2339 922 2385 bic
940 2338 1008 2387 idom
1033 2339 1139 2404 legatus
1158 2334 1214 2403 1⁸.ss
1226 2335 1251 2390 ti.
1272 2337 1344 2403 eum]
1362 2364 1374 2388 ι
1389 2363 1401 2389 a
1415 2336 1447 2387 A.
1457 2336 1472 2403 ΙΙ

261 2416 394 2477 chyneem
407 2407 471 2461 Al).
492 2412 614 2460 chineam
628 2406 654 2461 (l.
675 2424 789 2473 cyneam
801 2404 924 2461 Error.
936 2405 949 2474 Η
961 2406 985 2459 i.
1005 2408 1169 2473 narrantem]
1190 2423 1239 2461 om.
1256 2406 1286 2459 F.
1304 2410 1482 2459 narrationem

261 2481 297 2535 Ε.
310 2480 322 2547 ΙΙ
337 2484 386 2533 sed
404 2496 454 2533 111.
472 2478 612 2533 DFl'otr.
624 2479 637 2546 ΙΙ
649 2478 674 2532 8.
694 2482 809 2531 suadere
830 2476 907 2531 Torr.
918 2480 932 2545 ΙΙ
944 2494 977 2529 ae
997 2481 1096 2545 atiqutd
1115 2477 1182 2530 ΒΓ.
1196 2478 1209 2546 ΙΙ
1226 2478 1266 2531 to.
1286 2481 1434 2529 ‹tetestatus
1446 2476 1482 2530 D.

275 2552 287 2622 ss
307 2551 347 2605 12.
367 2553 544 2601 detestatione
563 2550 595 2603 Γ.
607 2551 619 2617 ΙΙ
638 2552 746 2614 epicurii
765 2549 796 2601 F.
816 2548 827 2619 ΙΙ
847 2552 940 2601 maluit
957 2548 1140 2602 ABCDEF
1141 2548 1167 2602 Γ
1174 2548 1250 2602 Tora
1266 2550 1280 2618 ΙΙ
1300 2546 1340 2601 13.
1359 2551 1483 2600 indicauit

256 2620 457 2760 ffipqulb'arp'
476 2622 555 2746 illitae]
575 2619 714 2760 ”ainq'fi‘
732 2637 847 2746 nemppe
865 2619 892 2671 Β
898 2618 954 2674 CF.
974 2638 1036 2672 nam
1056 2638 1115 2672 cum
1134 2617 1171 2672 D.
1196 2638 1257 2671 nam
1277 2618 1308 2673 F.
1325 2621 1339 2689 Η
1356 2638 1415 2671 cum
1433 2635 1483 2672 om.

377 2709 431 2746 err.
469 2710 608 2758 plurmum
640 2709 776 2744 minimum
824 2727 832 2744 .

260 2819 385 2889 Hyginus
404 2820 473 2883 apud
494 2819 606 2869 Gellium
631 2819 646 2867 l.
671 2834 694 2866 c.
719 2822 849 2888 grandem
875 2821 1014 2883 pecuniam
1037 2819 1160 2870 Fabricio
1185 2835 1202 2868 a
1225 2819 1388 2869 Samnitibus
1413 2819 1482 2867 dono

261 2892 379 2940 oblatam
404 2903 467 2940 esse
493 2891 637 2940 tradiderit.
674 2890 730 2939 Nec
753 2891 893 2941 immerito.
934 2892 1002 2942 Nam
1027 2896 1055 2942 et
1077 2893 1183 2941 omniuo
1208 2891 1251 2941 ael
1276 2890 1482 2954 simplicissimis

261 2963 313 3010 iltis
325 2962 489 3024 temporibus
509 2962 575 3010 satis
595 2961 726 3010 modicum
746 2961 795 3010 hoc
810 2963 907 3011 dorium
926 2966 968 3012 est
987 2967 1014 3011 et
1029 2964 1102 3012 aeris
1115 2978 1229 3020 summa,
1249 2964 1272 3012 si
1291 2979 1349 3011 eum
1369 2964 1481 3030 argento

260 3034 452 3097 mancipiisqne
472 3033 680 3095 comparamus,
700 3034 842 3082 admoxum
857 3035 962 3100 exigua.
1000 3037 1167 3098 Quapropter
1180 3035 1328 3083 Gronouius
1341 3033 1364 3082 ll
1378 3035 1410 3082 de
1423 3047 1481 3096 pcc.

260 3107 312 3157 net.
338 3121 360 3154 e.
385 3099 410 3153 5.
436 3104 528 3154 decem
553 3103 626 3152 milia
645 3104 716 3152 ueris
742 3105 796 3171 tegi
813 3105 894 3156 iubet.
940 3107 1014 3166 Quod
1034 3119 1087 3154 non
1105 3106 1235 3168 displicet.
1281 3105 1422 3154 Probabile
1439 3109 1481 3151 est

260 3177 329 3226 enim
348 3174 481 3226 interiisse
500 3175 526 3224 in
545 3175 680 3224 codicibus
700 3175 824 3224 lineolam
843 3192 954 3225 numero
972 3174 1004 3226 X
1021 3177 1245 3242 suprascriptam,
1269 3193 1322 3241 quo
1345 3173 1481 3242 signitica-

259 3253 349 3299 rantur
366 3247 447 3298 mitia.
484 3247 567 3296 lulius
586 3248 675 3296 autem
696 3246 773 3296 Paris
792 3263 886 3297 1111111111
899 3248 1021 3297 Fabricio
1034 3253 1061 3298 et
1073 3249 1174 3305 decem,
1194 3263 1246 3297 nou
1259 3247 1374 3312 quinque
1386 3259 1481 3295 seruos

259 3321 359 3370 missos
378 3333 442 3368 esse
461 3317 575 3381 scripsit.
1009 3321 1012 3325 '

331 3405 362 3442 ea
379 3389 421 3440 tis
434 3415 446 3441 ι
456 3393 550 3456 parta)
568 3389 627 3439 Non
646 3405 680 3440 ex
698 3392 850 3456 argentaci
870 3392 1010 3455 mancipiis
1023 3391 1137 3458 gloriam
1157 3389 1208 3440 sibi
1228 3391 1332 3454 peperit
1343 3389 1480 3438 Fabricius

259 3465 307 3512 sed
326 3477 360 3515 ex
379 3461 524 3526 repudiatis
543 3463 585 3510 his
603 3463 766 3514 muneribus.
802 3463 977 3512 Desidet-atur
994 3464 1074 3530 igitar
1093 3465 1156 3525 post
1175 3459 1218 3511 his
1238 3462 1405 3525 participium
1423 3473 1481 3508 eon·

260 3533 363 3601 templis
382 3535 424 3584 uel
442 3531 540 3599 spretis
564 3532 607 3582 nel
633 3534 719 3582 simite
744 3533 856 3596 aliquid,
884 3535 1014 3584 omissum
1033 3535 1096 3595 quia
1118 3534 1241 3583 librarios
1266 3533 1395 3582 alitteris
1413 3530 1438 3580 is
1456 3533 1481 3578 in

258 3603 300 3656 hie
318 3608 350 3654 ud
372 3607 484 3654 eandem
503 3605 633 3668 participii
651 3605 721 3652 illius
738 3607 953 3655 terminationem
976 3606 1147 3655 transilierat.
1183 3605 1291 3654 Priores
1313 3605 1428 3653 editores
1448 3604 1481 3648 de

260 3678 363 3726 detecta
383 3677 448 3726 111111
467 3677 641 3725 admonentes
661 3690 754 3726 omnes
774 3693 860 3742 aeque
878 3675 1031 3744 contemptis
1048 3678 1225 3726 inseruerant.
1445 3695 1448 3698 ⁴

330 3744 506 3796 Comeniaaeu
524 3743 671 3812 repudiatis
689 3751 751 3808 etc.)
769 3750 806 3800 ct.
826 3749 879 3798 Cic.
900 3750 1037 3799 11111111.
1059 3741 1098 3805 13,
1118 3741 1161 3797 13.
1190 3748 1257 3796 t'tut.
1276 3745 1370 3811 Pyrrh.
1390 3743 1435 3796 2οζ

330 3815 457 3882 quendam
475 3821 491 3880 †
510 3815 688 3867 Atheniensem
705 3816 875 3879 sedelocum)
900 3821 1028 3869 i'itiosam
1042 3819 1181 3882 archetypi
1196 3818 1294 3866 codicis
1313 3819 1480 3880 scripturam.

261 3903 338 3952 quam
358 3902 407 3936 nos
426 3903 510 3950 supra
522 3888 698 3942 exhibuimus,
718 3892 831 3938 nondum
846 3896 918 3939 reete
930 3893 1104 3939 emendarunt
1115 3889 1293 3954 grammatici.
1330 3889 1398 3936 Nam
1411 3890 1479 3952 qood

260 3961 396 4018 libensque
416 3959 553 4007 ediderant
569 3955 697 4023 petendum
707 3957 886 4008 Atheniensem
906 3959 1004 4008 cleram
1022 3958 1154 4025 sapientia
1172 3957 1292 4017 saedere.
1312 3961 1383 4008 omni
1402 3959 1481 4007 ‹testi-

259 4033 342 4078 tntum
368 4031 409 4076 est
434 4029 602 4077 similitudine
628 4030 691 4077 ucri
733 4032 838 4093 ttptime
862 4032 926 4079 mihi
950 4031 1104 4080 Perizonius
1131 4031 1355 4080 animaduertisse
1379 4031 1482 4079 uidetur

258 4100 425 4148 intercidisse
444 4101 554 4148 uertmm
574 4115 638 4151 esse.
660 4101 829 4150 inserendum
849 4118 896 4164 pro
915 4101 1006 4163 inepta
1024 4104 1156 4164 particula
1170 4101 1225 4152 sed.
1261 4104 1369 4152 Mallem
1390 4105 1479 4149 tamen

259 4171 381 4233 equidem
402 4165 528 4236 quendum
545 4167 652 4219 Athenis
671 4185 726 4221 esse
744 4169 843 4222 11111111
862 4170 993 4238 sapientia
1010 4170 1175 4227 suadentes.
1201 4189 1255 4223 aon
1279 4179 1334 4222 tam
1354 4175 1481 4221 arrdectcr

259 4257 337 4309 quarn
357 4242 440 4291 uideri
459 4243 555 4303 potest.
591 4241 658 4288 Nam
678 4242 740 4292 illud
760 4241 808 4293 sed
825 4248 910 4292 ortum
930 4247 992 4306 puto
1012 4259 1045 4293 ex
1065 4246 1157 4294 ultima
1177 4246 1266 4294 littera
1285 4261 1309 4295 a.
1329 4241 1435 4293 Athenis
1454 4246 1480 4292 ct

258 4315 415 4377 eoinpendio
434 4313 508 4362 tterbi
527 4325 582 4361 esse
598 4321 620 4370 (2
635 4309 694 4372 {Mi
721 4318 747 4364 ot
766 4316 792 4363 11
811 4317 862 4364 hac
881 4316 1014 4377 scriptura
1031 4317 1098 4366 mire
1117 4317 1284 4368 consentiunt
1303 4315 1384 4364 lulius
1403 4315 1479 4364 Paris

258 4389 285 4436 et
304 4387 403 4444 Cicero,
424 4399 439 4434 e
458 4399 511 4445 qno
531 4384 598 4433 haec
618 4387 767 4450 desumpsit
786 4386 996 4436 memorabilium
1016 4390 1116 4437 auctor.
1155 4388 1271 4452 Vterque
1290 4388 1359 4436 enim
1372 4386 1480 4448 scripsit

258 4468 313 4512 esee
331 4453 458 4523 quaedam
475 4452 595 4509 Aheno.
620 4457 690 4521 qnod
713 4457 813 4506 dicendi
839 4472 927 4523 genus
948 4459 1053 4507 Valerio
1077 4475 1182 4522 quoque
1206 4459 1412 4506 usitatissimum
1430 4458 1480 4506 est.

258 4530 296 4580 ct.
316 4529 335 4588 1,
356 4525 380 4586 1,
401 4530 453 4579 eat.
472 4523 498 4586 11,
517 4523 642 4577 Himerae
660 4525 786 4594 praedm
804 4543 855 4577 aua
874 4525 979 4579 11111111
994 4527 1099 4593 perieris
1108 4528 1224 4594 suniae.
1253 4531 1316 4587 nn,
1336 4527 1362 4587 h,
1382 4532 1433 4579 ext.
1453 4525 1478 4585 2,

256 4597 365 4654 Athenis
382 4595 488 4665 quidam
506 4595 613 4648 ultimae
630 4598 775 4650 senectutis.

327 4669 372 4720 air
384 4675 469 4720 11111111
475 4665 595 4736 praticae
607 4697 641 4708 -
653 4668 784 4730 maluerit)
801 4671 986 4736 praepostere,
1002 4689 1062 4721 cum
1074 4673 1133 4722 iibri
1146 4687 1241 4723 omnes
1253 4671 1353 4721 tinitum
1369 4673 1479 4720 uerbum

259 4741 371 4814 eperunt
387 4739 489 4795 11111111.
509 4743 631 4806 prudenti
648 4744 705 4792 utro
725 4744 847 4796 i'orstius
867 4747 894 4798 et
912 4745 1081 4797 lietbecbtus
1100 4746 1218 4809 Cineam,
1240 4745 1362 4810 Kappius
1381 4744 1407 4794 'et
1426 4743 1479 4793 ite·
