3409 5400
566 466 650 537 uls.
672 468 713 545 11,
737 470 773 535 0.
796 470 829 545 2,
852 478 883 547 8.
905 470 1019 537 8-9.
1339 473 1401 547 l8l

179 631 372 723 specmulo
393 631 448 697 sui
471 630 534 695 sub
561 631 696 717 magnis
725 631 914 697 auctoribus
943 629 1140 697 celebrabat.
1172 631 1403 719 Lupercalium

179 740 272 805 enim
299 760 375 805 mos
403 760 425 802 a
452 736 597 805 Romulo
620 749 654 803 et
672 738 779 804 Remo
800 736 977 803 inchoatus
1001 748 1051 805 est
1074 749 1162 813 tunc,
1186 760 1259 807 cum
1283 739 1405 806 laetitia

180 846 378 921 exultantes,
406 843 496 931 quod
521 842 576 909 his
603 866 688 910 auus
719 843 884 919 Numitor,
914 866 972 911 rex
1002 842 1223 919 Albanorum,
1252 867 1291 909 eo
1319 846 1404 918 loco,

179 954 242 1019 ubi
263 952 395 1017 eduomi
414 960 517 1025 erant,
540 951 653 1018 urbem
674 951 818 1017 condere
833 951 1028 1038 permiserat
1042 951 1104 1017 sub
1119 962 1230 1019 monte
1244 950 1405 1025 Palatino,

151 1060 331 1143 s[lrorlatu
360 1058 508 1127 Faustuli
536 1057 722 1124 educatoris
753 1060 830 1138 sui]
861 1078 957 1146 quem
980 1057 1135 1125 Euander
1158 1056 1265 1125 Meas
1290 1074 1431 1123 consu-.

181 1176 352 1242 creuerat,
382 1166 470 1231 facto
500 1165 665 1230 sacrificio
701 1166 874 1251 musisque
908 1166 1016 1251 capris
1047 1164 1215 1251 epularum
1244 1164 1407 1231 hilaritate

179 1296 227 1341 ac
253 1274 334 1338 uino
363 1272 507 1359 largiore
534 1272 696 1357 prouecti,
726 1268 837 1337 diuisa
859 1270 1017 1357 pastorali
1042 1271 1145 1346 turba,
1170 1272 1267 1337 cincti
1290 1271 1406 1337 obuios

184 1451 211 1505 1.
230 1449 398 1517 celebrabat]
418 1445 481 1499 cdd.
499 1450 543 1499 dte
555 1450 743 1514 Lupercalium
761 1451 788 1501 et
806 1450 924 1515 equitum
942 1450 1100 1513 probatione
1121 1446 1198 1502 Tan.
1221 1448 1292 1501 etin
1309 1462 1408 1515 merop.

180 1520 314 1577 AODE.
325 1516 375 1588 ii³=
394 1519 568 1587 Albanorum]
595 1525 655 1571 estc
671 1536 720 1572 rex
737 1517 771 1574 Ε.
797 1522 919 1571 alborum
937 1534 1031 1571 norum
1049 1516 1082 1572 Β.
1101 1518 1114 1586 ΙΙ
1130 1514 1157 1573 5.
1176 1521 1282 1571 hortatu
1301 1546 1336 1559 -
1355 1519 1407 1587 sui]

180 1592 241 1647 siu
257 1591 336 1645 neeis
354 1590 431 1643 Torr-
444 1589 567 1712 {phoratu
579 1593 689 1643 taustoli
699 1590 735 1645 Ε.
749 1591 762 1659 ΙΙ
776 1593 852 1660 argis
864 1588 1021 1645 ABGDE.
1041 1590 1078 1643 Ar
1099 1592 1158 1643 'uus
1173 1588 1249 1643 Ture.
1261 1585 1312 1659 116.
1324 1588 1407 1655 teoto]

182 1660 338 1716 addenim
361 1660 432 1731 Eli

249 1736 258 1749 ·
325 1732 348 1787 0
469 1662 603 1731 ,obuiosl
626 1668 691 1733 poet
713 1664 836 1714 iocantes
863 1659 939 1716 Torr.
965 1662 1050 1713 ouinis
1109 1658 1136 1713 E
1160 1664 1186 1713 et
1208 1658 1237 1712 is
1260 1674 1357 1712 rasura
1375 1656 1407 1712 A.

182 1748 305 1789 oculs!
346 1772 353 1788 .
660 1750 664 1756 “

258 1855 418 1912 wauton
435 1860 510 1919 Quae
518 1859 590 1910 banc
603 1874 696 1912 uocem
705 1861 887 1925 sequebantur
895 1860 923 1909 in
931 1858 1063 1923 prioribus
1074 1858 1240 1916 editionibus,
1254 1852 1298 1909 dte
1308 1854 1410 1925 Imper-

183 1930 284 1983 oslr'n
303 1934 329 1981 ct
345 1929 458 1998 equine
474 1927 646 1997 motion.
676 1946 736 1981 oum
753 1931 977 1995 praecedentibus
996 1930 1180 1993 compendium
1201 1930 1330 1987 formant,
1359 1944 1410 1995 quo

182 2004 265 2055 Paris
282 2003 312 2052 iu
328 2004 446 2066 epitoma
463 2016 592 2066 perquam
608 2002 725 2053 breuiter
743 2003 857 2053 reddidit
873 2004 958 2051 totum
975 2003 1027 2052 hoc
1046 2000 1197 2065 exemplum
1210 2014 1294 2065 usque
1313 2002 1347 2051 ed
1366 2016 1410 2052 uu.

185 2070 324 2125 omui
340 2070 463 2125 ieelim&
487 2077 567 2134 atque
588 2086 623 2122 ex
639 2072 687 2123 illa
705 2074 823 2136 epitoma
840 2074 876 2123 ab
889 2072 1060 2123 emendatore
1079 2072 1226 2123 libriBern.
1244 2073 1271 2120 in
1289 2072 1411 2139 margine

184 2145 315 2209 meripta,
334 2144 463 2207 paulatim
479 2145 633 2211 propagata
653 2146 715 2193 sunt
731 2145 759 2194 in
771 2146 934 2195 recentiores
955 2142 1047 2199 libros.
1072 2142 1100 2191 lu
1120 2143 1216 2209 quibus
1237 2143 1327 2193 tamen
1347 2144 1410 2192 item

184 2216 324 2282 margines
343 2215 499 2278 plerumque
518 2216 688 2277 occuparunt.
724 2214 785 2265 Non
802 2215 933 2265 immerito
945 2215 1026 2280 igitur
1037 2212 1165 2264 Torrerrio
1177 2214 1231 2261 iem
1249 2214 1412 2263 remouende

184 2286 352 2338 uidebantur.
388 2284 519 2346 Equidem
535 2284 640 2335 Paridis
659 2288 743 2335 uerba
761 2299 777 2335 e
796 2286 998 2335 Valerianorum
1017 2284 1087 2333 serie
1106 2283 1211 2332 omnino
1231 2282 1305 2336 eieci.

253 2352 442 2423 meorum
460 2353 527 2405 ecio
544 2362 610 2417 nos)
628 2358 668 2409 Gt.
680 2357 767 2406 Varro
785 2356 819 2405 de
836 2357 901 2421 ling.
914 2355 974 2407 ltut.
989 2354 1034 2410 Vl,
1057 2347 1097 2408 13,
1116 2346 1160 2406 3⁴.
1178 2353 1213 2403 id.
1232 2354 1267 2402 de
1285 2354 1330 2403 uit.
1348 2366 1411 2415 pop.

184 2426 262 2477 Rom.
282 2442 326 2490 ap.
345 2426 412 2478 Non.
431 2442 457 2490 p.
479 2420 537 2484 115.
556 2423 599 2478 20.
617 2428 677 2479 Liu.
697 2427 716 2486 1,
735 2421 761 2478 5.
779 2426 857 2478 Dion.
870 2426 930 2476 Hal
942 2425 963 2483 Ι,
983 2420 1027 2483 80,
1046 2438 1105 2486 sqq.
1134 2424 1210 2474 Ouid.
1223 2423 1285 2474 last.
1298 2422 1331 2481 ll,
1349 2415 1410 2479 2⁶7,

183 2511 247 2558 sqq.
283 2496 351 2549 Plut.
375 2498 451 2548 Rom.
470 2494 513 2549 nt.
537 2498 572 2550 id.
594 2499 699 2560 quaest.
718 2497 793 2547 Rom
815 2490 859 2548 68.
896 2494 972 2547 Seru.
994 2496 1029 2545 ad
1050 2492 1116 2547 Aen.
1137 2492 1206 2550 vlu,
1228 2486 1281 2543 34³
1303 2494 1330 2543 et
1350 2486 1411 2544 titt.

183 2567 262 2620 Paul.
282 2568 351 2619 diac
370 2584 395 2619 u.
414 2568 577 2619 Februarius
595 2585 622 2632 p.
641 2563 676 2619 ab
694 2568 799 2620 llltllcr.
827 2566 927 2617 Auctor
945 2568 978 2617 de
996 2566 1064 2633 orig.
1083 2564 1156 2633 gent.
1174 2564 1250 2616 llum.
1269 2560 1313 2617 Ἠ.

259 2637 376 2706 [dormis
394 2665 429 2675 —
446 2637 516 2705 πῆ)
535 2640 626 2689 Verba
642 2640 718 2691 uncis
735 2639 848 2695 molnes,
868 2640 897 2689 ut
914 2652 983 2687 nunc
1001 2636 1107 2699 quidem
1128 2636 1266 2705 legimur,
1288 2634 1412 2697 quamuis

185 2712 313 2762 omnibus
331 2711 519 2761 confirmentur
537 2712 681 2769 codicibus,
700 2711 802 2761 Valerii
820 2723 884 2760 esse
902 2723 956 2760 non
973 2708 1096 2773 posenni.
1132 2707 1324 2770 Praeterquam
1342 2707 1411 2758 enim

187 2783 260 2845 qaod
276 2782 437 2832 intolerabili
448 2795 560 2845 prorsus
578 2783 657 2832 modo
675 2783 870 2844 interrumpunt
885 2793 983 2830 nexum
997 2781 1065 2832 inter
1075 2780 1174 2830 montis
1186 2779 1299 2830 Palatini
1313 2793 1411 2830 nomeu

186 2857 217 2903 et
233 2853 375 2903 relationum
394 2854 429 2902 ab
447 2867 481 2903 eo
499 2853 634 2916 pendens,
655 2855 728 2914 quod
745 2853 772 2902 in
790 2854 842 2902 hoc
860 2853 1001 2902 uerborum
1020 2850 1111 2902 ordine
1130 2851 1297 2902 referendum
1316 2851 1358 2900 est
1376 2851 1410 2899 ad

186 2923 360 2981 Fouendum.
385 2923 409 2971 si
426 2924 632 2990 grammaticam
655 2924 797 2974 adusseris
819 2923 959 2980 rationem,
983 2922 1139 2972 necessario
1156 2923 1196 2970 ita
1213 2921 1409 2989 intelleguntur,

186 2997 327 3056 umquam
347 2993 493 3044 Faustulus
514 2994 658 3044 Numitoris
680 2995 759 3044 tuerit
778 2995 920 3053 educator,
948 2993 1059 3054 eiusque
1079 2993 1178 3043 monito
1200 3007 1249 3044 rex
1268 2994 1410 3056 nepotibus

186 3065 345 3115 mndcndce
362 3065 437 3114 orbis
455 3066 562 3114 ueniam
580 3065 752 3116 concesserit.
797 3067 884 3124 Quam
902 3066 936 3114 ob
954 3077 1012 3115 rem
1030 3063 1049 3116 l.
1067 3063 1098 3115 F.
1118 3064 1267 3116 Gronouius
1285 3063 1346 3128 (1111
1364 3064 1410 3112 ob·

186 3149 282 3190 serua.
306 3129 348 3197 18)
368 3134 526 3185 somenam
545 3137 634 3199 potius
654 3136 808 3186 metituendi
827 3135 952 3186 sacrificii
972 3147 1114 3186 sessorem
1134 3135 1220 3186 tuisse
1241 3136 1412 3196 ordinemque

185 3207 333 3257 narbonem
349 3206 387 3256 ita
404 3207 589 3257 inuertendom
607 3220 672 3256 esse
689 3206 810 3265 conoul.
827 3203 875 3259 esd
893 3202 1126 3268 merdoso,
1146 3219 1219 3273 quem
1236 3199 1365 3258 Euander
1378 3231 1412 3242 -

186 3279 401 3330 mmor.
424 3273 530 3327 lortcts
547 3273 670 3328 chetsls‘
686 3273 837 3328 educatoris
853 3274 987 3342 caisueto
1005 3273 1147 3344 rwrffieio.
1184 3275 1238 3326 Sed
1257 3291 1317 3326 cum
1335 3291 1412 3338 repu-

186 3349 291 3399 tsueris
313 3361 400 3408 neque
424 3348 506 3399 alium
530 3363 692 3410 quemquam
719 3349 839 3399 ueterum
867 3349 1024 3411 scriptorum
1051 3349 1079 3398 in
1105 3348 1247 3399 referenda
1275 3359 1411 3395 sacrorum

186 3420 295 3469 illorrnn
321 3417 485 3469 institutione
509 3419 665 3469 Faustulum
693 3431 919 3470 commemorasse
946 3431 1034 3481 neqrre
1061 3419 1119 3468 eius
1146 3417 1307 3467 mentionem
1334 3415 1412 3466 ullius

187 3489 316 3541 momenti
335 3502 398 3539 esse
416 3491 451 3539 ed
469 3505 531 3539 eam
549 3505 614 3547 rem,
643 3492 676 3540 de
695 3505 750 3552 qua
767 3491 878 3557 aguirre,
907 3488 1156 3545 demonstrandam,
1184 3485 1344 3549 Lupercalia
1362 3485 1413 3535 snb

187 3561 296 3629 magnis
315 3561 468 3610 auctoribus
481 3561 621 3619 celebrari.
639 3575 693 3612 non
704 3561 849 3613 temeraria
860 3559 964 3609 uidetur
976 3557 1095 3608 Torrentl
1109 3555 1227 3620 suspicio
1240 3557 1307 3607 haec
1319 3558 1412 3611 uerba,

188 3645 258 3693 qnae
277 3644 312 3681 ne
331 3629 496 3694 Nepotianus
515 3632 621 3693 quidem
640 3631 778 3698 agnoscit,
806 3629 967 3697 glossatoris
993 3628 1131 3678 cuiusdam
1155 3625 1351 3689 interpohboni
1368 3627 1412 3678 trt-

187 3701 303 3752 bnentis.
347 3701 394 3751 cui
416 3703 539 3764 equidem
560 3703 669 3752 accedo.
712 3702 835 3751 ceterum
857 3699 979 3748 Valerius
1008 3699 1043 3751 ab
1064 3697 1141 3748 Aelio
1162 3697 1413 3763 Tuberone(apud

186 3771 265 3823 Dion.
284 3771 368 3836 lint),
386 3771 472 3829 Liuio,
492 3771 552 3826 eliis
569 3774 598 3824 in
616 3787 649 3825 eo
668 3771 817 3835 discrepat,
841 3770 911 3831 quod
930 3768 968 3818 illi
985 3768 1146 3832 Lupercalia
1162 3769 1217 3820 ism
1235 3772 1273 3818 ab
1288 3767 1414 3820 Euandro

189 3843 277 3892 bu'ssc
292 3843 414 3892 instituta
431 3857 533 3905 eosque
552 3844 630 3894 ludos
652 3842 832 3894 celebrantem
848 3839 962 3890 Remum
980 3841 1086 3904 captum
1109 3843 1138 3892 et
1158 3842 1217 3909 regi
1234 3838 1339 3892 Amulio
1359 3842 1413 3891 tre·

189 3914 273 3963 ditum
293 3925 358 3964 esse
379 3914 532 3965 retulerunt.
580 3916 646 3964 Cum
667 3914 775 3964 Valerio
802 3912 894 3963 eontra
915 3911 1013 3962 facisse
1036 3911 1141 3963 uidetur
1160 3913 1244 3962 Butae
1266 3912 1414 3980 elegiarum

186 3985 304 4048 scriptor
325 3986 397 4048 apud
414 3985 482 4036 Plut.
500 3986 519 4036 l.
538 4000 562 4036 e.

259 4049 389 4104 Esoedcr
405 4052 501 4115 hooc)
519 4055 548 4104 ln
566 4056 626 4107 edd.
645 4057 784 4119 hucusque
802 4055 945 4123 legebatur
955 4050 1084 4106 Esssder
1095 4051 1218 4120 Arpinus,
1237 4056 1308 4116 quod
1326 4070 1414 4118 neque

186 4125 318 4176 bbrorum
334 4136 422 4188 neque
440 4127 568 4177 buteriam
586 4126 744 4177 auctoritate
755 4129 883 4177 monitum
896 4126 951 4180 est;
973 4139 1036 4177 nam
1049 4125 1166 4194 Argiuos
1185 4141 1238 4178 non
1257 4126 1315 4178 erat
1326 4127 1413 4176 Euan·

187 4197 246 4256 der,
264 4197 318 4246 nisi
328 4195 446 4264 Argiuos
456 4211 551 4248 omues
565 4198 684 4248 Graecos
702 4198 753 4247 dici
771 4197 978 4255 ardetimaoeris.
996 4198 1067 4260 quod
1085 4199 1225 4260 poetarum
1237 4197 1344 4260 quidem
1362 4197 1413 4252 est.

187 4280 419 4458 {difficit
428 4269 582 4390 ltin.
592 4267 1414 4391 rtrbifflrhrdrilbldl‘i’ii

278 4423 324 4458 um
341 4423 392 4462 es.
720 4437 725 4444 -

262 4476 344 4531 oses
362 4482 380 4543 †
401 4477 494 4550 obsim
507 4478 624 4548 pellibus
643 4478 767 4532 immolat.
788 4508 824 4519 -
840 4479 1002 4547 peamau
1038 4481 1114 4530 Hanc
1138 4480 1267 4530 bonorum
1288 4475 1414 4526 librorum

188 4550 352 4614 scriptoram
369 4553 595 4621 meesostendnnt
612 4553 688 4603 codd.
700 4552 812 4606 vindob.
832 4555 860 4602 et
870 4552 985 4604 Berolin
998 4547 1026 4609 G,
1046 4566 1061 4602 e
1080 4563 1191 4613 quorum
1207 4557 1342 4596 consensu
1361 4545 1414 4597 col·

186 4621 301 4688 Quina
323 4623 455 4685 miamin
478 4625 536 4675 cod.
560 4623 692 4675 Beruenst
715 4623 780 4674 otim
801 4625 840 4674 ita
858 4624 998 4674 exurmum
1016 4623 1110 4674 tuisse.
1146 4615 1333 4670 Emendatbris
1349 4617 1413 4668 Ber·

188 4694 285 4746 uenus
303 4694 471 4748 coniecturae
488 4691 575 4747 meso
591 4696 620 4746 et
636 4690 879 4762 perdonationem
899 4707 1046 4760 peruersse
1067 4691 1122 4745 sint
1142 4704 1175 4744 eo
1196 4687 1324 4756 apparet,
1342 4689 1414 4754 quad
