3409 5400
275 434 368 503 -oos
389 406 851 511 mranssssr'ovrnvs
863 422 923 491 nn
937 418 1097 491 caveis
1109 412 1351 491 Assonvrr
1363 422 1483 489 nne.

302 594 435 661 rediens
458 593 553 659 turba
576 591 765 663 elideretur,
793 596 964 674 optauerat
985 594 1021 649 ut
1041 586 1141 651 irater
1163 606 1269 664 suuS,
1301 586 1543 651 mariamm-

303 704 422 768 uirium
436 712 620 776 nostrarum
632 697 812 786 praecipua
822 694 956 771 iactura,
976 693 1188 759 reuiuisceret
1199 694 1437 780 saepiusque
1450 712 1543 755 coss·-

304 810 411 875 factus
433 806 556 875 infelici
580 806 676 871 ductu
699 806 797 869 nimis
819 822 979 891 magnam
1000 800 1093 867 urbis
1116 802 1353 889 frequentiam
1382 800 1550 870 minnere

263 914 294 983 5.
392 915 577 981 Possumus
605 922 637 976 et
666 912 708 977 ad
735 911 810 977 illos
840 910 934 976 breui
969 908 1167 973 deuerticulo
1203 908 1441 996 transgredi,
1483 928 1539 991 qr.-

303 1022 395 1088 leues
418 1024 460 1087 ob
484 1042 605 1085 causas
624 1019 844 1085 damnationis
868 1018 1020 1081 incursus
1044 1016 1192 1101 abripuit.
1226 1014 1274 1082 M.
1295 1012 1483 1079 Muluius.
1504 979 1550 1073 tii

304 1130 438 1203 lollius,
460 1128 498 1194 li.
522 1125 677 1191 Sextilius
701 1126 875 1201 triumuiri,
900 1124 988 1211 quod
1012 1122 1054 1187 ad
1078 1122 1266 1186 incendium
1299 1124 1341 1187 in
1372 1144 1485 1186 saera
1507 1124 1550 1227 ¹⁵l

305 1248 411 1307 ortum
433 1231 687 1319 extinguendum
711 1232 834 1298 tardius
858 1244 1026 1307 uenerant,
1050 1254 1069 1295 a
1089 1229 1223 1293 tribunis
1242 1228 1364 1314 plebis
1387 1229 1450 1293 die
1475 1226 1536 1288 di·

305 1342 392 1428 apud
416 1340 570 1428 populum
594 1338 739 1404 damnati
763 1350 848 1403 sunt.

263 1446 294 1515 a
392 1448 474 1514 ltem
502 1446 539 1514 P.
570 1445 688 1513 Villius
724 1447 871 1511 triumuir
899 1456 1077 1508 nocturnus
1111 1467 1132 1508 a
1167 1440 1202 1511 P.
1234 1440 1386 1529 Aquilio
1426 1442 1536 1505 tribue·

306 1555 409 1643 plebis
434 1567 608 1623 accusatus
630 1552 743 1641 populi
765 1552 885 1616 iudicio
910 1550 1067 1627 concidit,
1091 1550 1167 1637 quia
1189 1550 1329 1637 uigilias
1359 1550 1536 1638 neglegas.-

306 1666 369 1728 tius
392 1665 607 1728 circumierat.

264 1768 296 1832 7.
394 1768 582 1833 Admodum
605 1788 744 1833 seuerae
767 1776 865 1829 noae
889 1764 1021 1830 utillud
1050 1762 1161 1850 populi
1183 1760 1366 1835 iudicium,
1404 1786 1482 1827 cum
1501 1760 1534 1823 it

306 1874 481 1940 Aemilium
497 1874 682 1947 Porcinam,
698 1896 720 1938 a
730 1872 767 1938 L.
782 1872 900 1936 Cassio
917 1876 1106 1937 accusatum
1122 1871 1257 1935 crimine
1275 1872 1388 1935 nimis
1407 1870 1531 1935 sublim

307 1992 470 2046 extructae
494 1980 590 2046 uillae
613 1982 647 2047 in
659 1980 804 2046 Alsiensi
826 2000 919 2067 agro,
943 1980 1039 2067 graui
1061 1977 1162 2043 multa
1184 1976 1318 2042 adfecit.

810 2122 1022 2137 m

306 2190 333 2251 2.
352 2196 534 2249 reuiuesceret
552 2192 578 2248 F
594 2199 620 2247 et
632 2208 679 2263 pr.
696 2192 728 2247 A.
739 2190 753 2261 ΙΙ
765 2190 790 2248 3.
810 2194 910 2245 inteliol
923 2208 969 2262 pr.
988 2190 1019 2246 Α.
1031 2192 1044 2260 ΙΙ
1057 2195 1173 2245 minuere
1190 2208 1232 2261 pr.
1244 2190 1277 2247 A.
1289 2192 1304 2262 ΙΙ
1317 2186 1345 2242 4.
1367 2188 1433 2255 §.5
1451 2186 1526 2271 nni.

317 2268 496 2335 ildiuertlculo
514 2262 690 2318 DEFTorr.
713 2261 774 2317 Vid.
794 2263 831 2317 cd
849 2262 872 2320 1,
893 2264 919 2320 l.
941 2270 990 2318 eet.
1012 2262 1051 2317 10.
1071 2262 1125 2333 115.
1145 2269 1178 2315 ob
1193 2290 1205 2317 ι
1220 2280 1323 2315 causus
1344 2260 1379 2317 Α.
1402 2262 1420 2331 ΙΙ
1436 2266 1525 2325 arripi

309 2338 399 2393 GEF.
410 2340 424 2408 ΙΙ
436 2355 470 2389 m.
489 2339 604 2388 multius
622 2350 693 2387 corr.
710 2334 743 2387 Α.
762 2352 796 2387 m.
816 2338 922 2387 milatus
940 2333 978 2391 D.
1003 2336 1099 2386 mutius
1116 2334 1221 2397 (omaso
1235 2334 1433 2405 praesensisse)
1450 2334 1479 2387 F.
1500 2334 1523 2381 it.

308 2412 432 2461 blandius
450 2410 512 2463 Pur.
524 2407 538 2474 ΙΙ
549 2425 594 2477 gn.
613 2409 697 2459 sotius
715 2405 747 2460 F.
759 2406 772 2475 ΙΙ
784 2404 810 2458 6.
822 2410 925 2459 sextius
943 2422 1012 2458 corr.
1026 2404 1058 2461 A.
1073 2420 1119 2474 pr.
1132 2406 1194 2459 Pur.
1207 2404 1220 2473 ΙΙ
1231 2408 1256 2457 ἰη
1271 2422 1322 2459 ors.
1337 2404 1375 2458 E.
1390 2406 1407 2474 ll
1419 2406 1445 2459 8.
1458 2405 1522 2481 apri}

307 2482 341 2530 ad
362 2476 500 2545 Torani).
521 2480 547 2543 S.
565 2478 584 2530 il
601 2493 650 2531 om.
669 2475 695 2530 Γ
693 2516 700 2530 .
711 2476 726 2543 ΙΙ
742 2495 767 2543 p.
786 2478 875 2529 billius
894 2476 979 2530 .th
990 2476 1020 2531 E.
1044 2494 1070 2543 p.
1089 2480 1185 2529 bettins
1203 2475 1235 2530 F.
1258 2480 1287 2529 Ρ.
1307 2478 1422 2529 Auilius
1442 2478 1515 2536 Para

306 2550 554 2688 ”tillia
565 2548 1060 2686 *.t·.t.t.tl⁰.¹'“.2·.t.il.“atili
1070 2546 1288 2686 ‘astitui
1305 2548 1520 2685 :adili

305 2634 443 2814 ἓξὲξίουῖξη
460 2690 495 2746 Ε.
514 2689 527 2762 ΙΙ
547 2656 653 2743 sublimi
675 2707 718 2760 pr.
745 2660 814 2744 0.ιί
834 2690 863 2743 t'tt
885 2705 982 2744 rasura
999 2688 1035 2744 D.
1053 2690 1067 2759 ΙΙ
1084 2657 1126 2743 ld.
1146 2620 1304 2744 ammplp·
1315 2688 1331 2760 ΙΙ
1345 2656 1452 2744 mulctis
1468 2688 1518 2744 DE

306 2777 357 2813 mis
370 2779 387 2812 a
425 2803 433 2818 .

307 2960 443 3010 codicibus
468 2960 598 3017 stabilita.
629 2961 766 3011 deleuerat
786 2959 911 3027 Pighius,
942 2975 1035 3022 quem,
1064 2958 1187 3023 utramuis
1210 2973 1293 3010 cansa
1317 2959 1515 3026 interpolans

307 3033 438 3095 appareat
459 3031 546 3087 nulla,
570 3033 676 3093 praeter
695 3031 827 3080 Vorstium
853 3045 947 3082 omnes
972 3031 1056 3082 secuti
1079 3035 1142 3082 strat
1165 3033 1326 3082 recentiores
1351 3033 1514 3100 grammata.

306 3104 465 3154 adnotantes
483 3101 620 3151 Claudiam
640 3117 691 3151 non
710 3103 763 3151 aiio
781 3103 890 3152 crimine
909 3118 988 3168 quam
1006 3103 1149 3167 petulantis
1163 3103 1269 3171 linguae
1285 3116 1350 3152 esse
1364 3111 1513 3154 accusatu.
1547 3092 1548 3109 ¹

306 3171 412 3224 Vorstlo
436 3176 565 3237 suspecta
588 3175 671 3222 uerba
693 3175 802 3237 propter
824 3175 944 3224 codicum
969 3175 1151 3224 alletoritatem
1173 3187 1225 3223 uon
1250 3177 1435 3241 expungenda
1459 3177 1512 3224 aide

305 3245 410 3303 bantur,
429 3259 500 3307 quus
517 3249 607 3293 tamen
624 3258 711 3309 neque
731 3246 846 3295 defendit
865 3259 950 3310 nequo
969 3245 1120 3309 explicuerit.
1157 3245 1212 3294 lum
1232 3259 1295 3295 uero
1314 3246 1466 3308 petulentia
1480 3249 1511 3295 it’r
1547 3258 1548 3273 ¹

304 3329 354 3380 per
371 3327 404 3365 se
421 3317 554 3380 pubiicum
574 3317 759 3378 quaestionem
777 3317 935 3366 contrahere
954 3331 1006 3366 uon
1021 3317 1114 3380 potuit,
1133 3319 1219 3376 neque
1238 3317 1307 3365 enlm
1327 3317 1446 3382 antiquis
1463 3321 1510 3368 ten·

305 3387 416 3449 poribus
439 3389 467 3438 tn
491 3401 573 3438 uoces
598 3387 760 3445 sceleratas,
788 3388 837 3436 sed
861 3387 888 3435 in
911 3387 984 3436 facta
1006 3388 1107 3437 tantum
1132 3387 1235 3450 publico
1258 3386 1389 3436 uindicari
1412 3391 1510 3439 soleat

305 3457 412 3523 ltaque,
431 3459 456 3508 sl
475 3459 586 3509 Claudia
606 3471 656 3509 rea
679 3459 813 3526 agebatur
835 3457 940 3521 publicu
963 3459 1073 3516 iudicio,
1097 3459 1279 3508 attestantur
1303 3459 1407 3508 riticius
1434 3461 1509 3524 Capite

306 3531 378 3592 apud
397 3529 523 3588 Gellium,
542 3530 699 3586 Suetonius,
719 3529 799 3577 lulius
818 3527 905 3585 Paris,
924 3530 1024 3580 crimen
1043 3529 1179 3593 praetendi
1198 3530 1338 3592 oportebat
1355 3529 1451 3582 lscsse
1469 3547 1509 3581 ne

305 3599 419 3659 lesistis,
439 3601 508 3666 qnod
527 3614 557 3652 rc
574 3615 640 3651 uera
657 3601 755 3650 saetam
775 3611 838 3649 esse
857 3602 964 3650 tradidit
986 3601 1138 3652 Suetonius.
1180 3599 1265 3662 Atque
1289 3600 1316 3650 in
1340 3613 1373 3650 en
1392 3603 1508 3665 opinione.

305 3670 333 3721 ni
350 3671 441 3721 omnia
457 3687 501 3723 me
519 3672 622 3731 feliunt,
641 3667 764 3722 Valerius
783 3685 887 3736 quoque
906 3675 976 3728 erat,
1000 3673 1045 3734 qni
1068 3673 1140 3722 haud
1164 3671 1243 3720 dubie
1265 3671 1335 3720 hane
1356 3677 1444 3723 mente
1462 3689 1508 3722 corr

284 3781 287 3785 .
306 3744 416 3803 ceperat
428 3743 597 3798 sententium.
616 3742 753 3792 Claudiam
766 3741 831 3790 nibil
843 3743 948 3807 quidem
961 3743 1136 3798 commisisse,
1156 3757 1208 3804 quo
1225 3742 1343 3792 taederet
1354 3745 1507 3795 maiestates

306 3811 396 3873 populi
414 3811 525 3862 Romani
543 3814 656 3877 ideoque
674 3814 791 3871 crimine,
810 3827 863 3873 quo
883 3815 1068 3870 accusabatur,
1089 3815 1222 3864 insontem
1240 3813 1337 3872 fnisse,
1361 3816 1408 3864 sed
1430 3819 1508 3865 tamen

306 3881 458 3929 damnatam
477 3895 541 3932 esse
558 3886 669 3947 propter
685 3883 792 3948 impium
813 3883 876 3932 titud
895 3886 993 3933 uotum.
1036 3883 1126 3933 Sentio
1146 3898 1239 3948 parum
1264 3885 1331 3934 scito
1352 3885 1403 3934 boc
1420 3887 1457 3936 ita
1473 3903 1509 3936 er·

305 3950 391 4014 primi,
410 3964 469 4000 cam
487 3954 563 4002 noeis
581 3955 628 4003 lita
639 3955 786 4018 petulantia
799 3968 851 4004 non
864 3957 951 4022 magis
965 3955 1142 4004 damnationis
1154 3971 1236 4017 quiam
1248 3955 1421 4006 accusationis
1433 3973 1508 4008 carisa

306 4021 434 4076 extiteritr
458 4036 549 4072 norum
568 4023 636 4073 baec
654 4025 846 4075 inconcinnitas
872 4043 888 4075 a
908 4027 1013 4076 Vntorio
1039 4026 1198 4076 non-aliona
1216 4028 1272 4085 ast,
1297 4027 1340 4090 qui
1361 4039 1440 4092 saepe
1463 4031 1507 4079 stin

306 4095 395 4145 animo
413 4093 545 4157 percepit,
564 4094 619 4143 atie
636 4097 727 4145 uerbis
750 4097 871 4147 reddidit.
914 4099 988 4158 Quod
1014 4100 1102 4147 uotum
1126 4097 1234 4161 impium
1259 4098 1418 4148 subnertlsse
1437 4102 1507 4151 Ciss-

306 4165 377 4218 dium
395 4165 550 4229 perhibetur
567 4167 645 4215 caute
664 4167 846 4229 accipiendum
866 4169 921 4224 est,
946 4171 974 4217 ut
992 4172 1063 4220 recte
1088 4169 1188 4217 monuit
1205 4167 1360 4226 'l'orrenias,
1382 4183 1436 4219 cum
1461 4188 1506 4222 non

306 4239 402 4306 capitis
421 4237 548 4287 damnata
565 4237 601 4285 sit
618 4250 674 4295 rea,
694 4239 763 4298 quod
777 4239 950 4289 conclusisse
965 4241 1135 4290 subnectendi
1150 4241 1242 4297 uerbo,
1262 4239 1310 4288 sed
1324 4238 1424 4291 miiitum
1440 4244 1505 4293 dum·

305 4311 423 4364 laxatet
441 4309 556 4359 dixerint
574 4308 676 4358 aediles
694 4309 783 4372 plebel
802 4309 874 4359 acris
893 4312 985 4378 grauis
1004 4311 1080 4361 XXV
1098 4311 1179 4362 mitia.
1204 4313 1206 4322 ’

377 4380 402 4433 l.
421 4381 489 4433 Veli.
507 4381 545 4440 ll,
569 4377 617 4436 tt),
643 4376 655 4430 l
681 4381 714 4430 de
737 4381 833 4430 eadem
858 4395 887 4430 re
912 4383 1049 4434 disserens
1074 4395 1201 4432 censores
1226 4381 1349 4431 Cassium
1369 4381 1502 4453 Longinum

306 4451 519 4517 Caepionemque
537 4455 575 4514 (a.
593 4467 620 4500 u.
638 4466 661 4503 c.
680 4446 753 4512 629.)
777 4453 814 4503 a.
833 4451 972 4502 Aemilium
992 4453 1120 4515 Lepidum
1140 4467 1285 4520 augurem,
1311 4454 1375 4517 quod
1394 4465 1438 4506 sex
1461 4461 1502 4508 mi·

304 4518 375 4570 libne
393 4525 477 4572 aedes
495 4523 681 4580 conduxisset,
703 4524 803 4573 adesse
820 4524 937 4573 iussisse
962 4524 1050 4574 refert.
1087 4523 1124 4573 a.
1148 4527 1236 4573 autem
1260 4523 1381 4574 Aemilius
1395 4525 1501 4594 Lepidus

305 4589 418 4640 Porcius
435 4594 459 4642 is
478 4597 528 4650 est,
551 4609 628 4660 quem
648 4595 740 4645 Cicero
760 4595 857 4642 bonum
876 4595 1007 4642 oratorem
1026 4593 1117 4643 laudat
1135 4594 1162 4644 in
1179 4595 1252 4645 Brut.
1265 4591 1309 4652 25.
1327 4591 1368 4647 95.
1383 4597 1427 4660 ter.
1443 4601 1498 4652 ibid.

305 4654 349 4720 bii,
366 4655 473 4714 tuere
491 4666 558 4716 orat.
577 4665 602 4723 l,
623 4662 670 4723 ltl,
688 4659 732 4716 40.
756 4662 880 4722 Prisci,
900 4677 926 4727 p.
945 4659 1005 4715 teu.
1029 4665 1107 4717 Oros.
1133 4665 1168 4728 V,
1192 4663 1231 4732 4.)
1266 4667 1422 4720 consulatum
1434 4672 1497 4724 obti·
