<?xml version="1.0" encoding="UTF-8"?>
<!DOCTYPE html PUBLIC "-//W3C//DTD XHTML 1.0 Transitional//EN"
    "http://www.w3.org/TR/xhtml1/DTD/xhtml1-transitional.dtd">
<html xmlns="http://www.w3.org/1999/xhtml" xml:lang="en" lang="en">
 <head>
  <title>
</title>
<meta http-equiv="Content-Type" content="text/html;charset=utf-8" />
  <meta name='ocr-system' content='tesseract 3.04.00' />
  <meta name='ocr-capabilities' content='ocr_page ocr_carea ocr_par ocr_line ocrx_word'/>
</head>
<body>
  <div class='ocr_page' id='page_1' title='image "./valerimaximifac00parigoog_0123.png"; bbox 0 0 3409 5400; ppageno 0'>
   <div class='ocr_carea' id='block_1_1' title="bbox 299 502 1078 573">
    <p class='ocr_par' dir='ltr' id='par_1_1' title="bbox 299 502 1078 573">
     <span class='ocr_line' id='line_1_1' title="bbox 299 502 1078 573; baseline 0 -2"><span class='ocrx_word' id='word_1_1' title='bbox 299 503 363 571; x_wconf 84' lang='grc'><strong>112</strong></span> <span class='ocrx_word' id='word_1_2' title='bbox 745 502 806 571; x_wconf 80' lang='lat' dir='ltr'><strong>Dii</strong></span> <span class='ocrx_word' id='word_1_3' title='bbox 828 503 1078 573; x_wconf 77' lang='lat' dir='ltr'><strong>RELIGIONE.</strong></span> 
     </span>
    </p>
   </div>
   <div class='ocr_carea' id='block_1_2' title="bbox 238 663 1551 2042">
    <p class='ocr_par' dir='ltr' id='par_1_2' title="bbox 299 663 1501 754">
     <span class='ocr_line' id='line_1_2' title="bbox 299 663 1501 754; baseline 0.006 -26"><span class='ocrx_word' id='word_1_4' title='bbox 299 688 361 754; x_wconf 90' lang='lat' dir='ltr'><strong>que</strong></span> <span class='ocrx_word' id='word_1_5' title='bbox 385 676 514 750; x_wconf 85' lang='lat' dir='ltr'><strong>tempus</strong></span> <span class='ocrx_word' id='word_1_6' title='bbox 536 663 733 751; x_wconf 85' lang='lat' dir='ltr'><strong>hospitalem</strong></span> <span class='ocrx_word' id='word_1_7' title='bbox 760 666 995 733; x_wconf 80' lang='lat' dir='ltr'><strong>humanitatem</strong></span> <span class='ocrx_word' id='word_1_8' title='bbox 1023 674 1191 733; x_wconf 77' lang='lat' dir='ltr'><strong>testantur.</strong></span> <span class='ocrx_word' id='word_1_9' title='bbox 1247 664 1327 731; x_wconf 90' lang='lat' dir='ltr'><strong>Inde</strong></span> <span class='ocrx_word' id='word_1_10' title='bbox 1357 667 1440 732; x_wconf 89' lang='lat' dir='ltr'><strong>enim</strong></span> <span class='ocrx_word' id='word_1_11' title='bbox 1461 668 1501 735; x_wconf 86' lang='lat' dir='ltr'><strong>iu·</strong></span> 
     </span>
    </p>

    <p class='ocr_par' dir='ltr' id='par_1_3' title="bbox 298 774 1502 862">
     <span class='ocr_line' id='line_1_3' title="bbox 298 774 1502 862; baseline 0.001 -24"><span class='ocrx_word' id='word_1_12' title='bbox 298 777 444 839; x_wconf 77' lang='lat' dir='ltr'><strong>stiurtum</strong></span> <span class='ocrx_word' id='word_1_13' title='bbox 467 784 518 838; x_wconf 87' lang='lat' dir='ltr'><strong>est</strong></span> <span class='ocrx_word' id='word_1_14' title='bbox 540 796 638 839; x_wconf 83' lang='lat' dir='ltr'><strong>saera</strong></span> <span class='ocrx_word' id='word_1_15' title='bbox 659 776 879 840; x_wconf 85' lang='lat' dir='ltr'><strong>caerimonias</strong></span> <span class='ocrx_word' id='word_1_16' title='bbox 891 777 1014 850; x_wconf 84' lang='lat' dir='ltr'><strong>uocari,</strong></span> <span class='ocrx_word' id='word_1_17' title='bbox 1039 777 1116 862; x_wconf 88' lang='lat' dir='ltr'><strong>quia</strong></span> <span class='ocrx_word' id='word_1_18' title='bbox 1128 774 1299 839; x_wconf 83' lang='lat' dir='ltr'><strong>Caeretani</strong></span> <span class='ocrx_word' id='word_1_19' title='bbox 1323 796 1363 837; x_wconf 87' lang='lat' dir='ltr'><strong>ea</strong></span> <span class='ocrx_word' id='word_1_20' title='bbox 1383 774 1502 840; x_wconf 85' lang='lat' dir='ltr'><strong>infracto</strong></span> 
     </span>
    </p>

    <p class='ocr_par' dir='ltr' id='par_1_4' title="bbox 299 880 1505 970">
     <span class='ocr_line' id='line_1_4' title="bbox 299 880 1505 970; baseline 0 -25"><span class='ocrx_word' id='word_1_21' title='bbox 299 880 518 968; x_wconf 86' lang='lat' dir='ltr'><strong>reipublicae</strong></span> <span class='ocrx_word' id='word_1_22' title='bbox 541 894 627 949; x_wconf 86' lang='lat' dir='ltr'><strong>statu</strong></span> <span class='ocrx_word' id='word_1_23' title='bbox 647 883 784 970; x_wconf 78' lang='lat' dir='ltr'>perinde</span> <span class='ocrx_word' id='word_1_24' title='bbox 807 905 847 947; x_wconf 84' lang='lat' dir='ltr'><strong>ac</strong></span> <span class='ocrx_word' id='word_1_25' title='bbox 871 882 1005 947; x_wconf 88' lang='lat' dir='ltr'><strong>florente</strong></span> <span class='ocrx_word' id='word_1_26' title='bbox 1018 894 1130 947; x_wconf 85' lang='lat' dir='ltr'><strong>sancte</strong></span> <span class='ocrx_word' id='word_1_27' title='bbox 1149 880 1326 948; x_wconf 89' lang='lat' dir='ltr'><strong>coluerunt.</strong></span> <span class='ocrx_word' id='word_1_28' title='bbox 1374 880 1505 962; x_wconf 88' lang='lat' dir='ltr'><strong>Quorum</strong></span> 
     </span>
    </p>

    <p class='ocr_par' dir='ltr' id='par_1_5' title="bbox 299 988 1508 1077">
     <span class='ocr_line' id='line_1_5' title="bbox 299 988 1508 1077; baseline -0.003 -23"><span class='ocrx_word' id='word_1_29' title='bbox 299 1000 433 1077; x_wconf 81' lang='lat' dir='ltr'><strong>agreste</strong></span> <span class='ocrx_word' id='word_1_30' title='bbox 454 991 534 1056; x_wconf 92' lang='lat' dir='ltr'><strong>illud</strong></span> <span class='ocrx_word' id='word_1_31' title='bbox 557 1003 589 1055; x_wconf 91' lang='lat' dir='ltr'><strong>et</strong></span> <span class='ocrx_word' id='word_1_32' title='bbox 610 990 774 1055; x_wconf 86' lang='lat' dir='ltr'><strong>sordidius</strong></span> <span class='ocrx_word' id='word_1_33' title='bbox 797 990 979 1077; x_wconf 76' lang='lat' dir='ltr'><strong>plaustrum</strong></span> <span class='ocrx_word' id='word_1_34' title='bbox 1002 992 1194 1076; x_wconf 88' lang='lat' dir='ltr'><strong>tempestiue</strong></span> <span class='ocrx_word' id='word_1_35' title='bbox 1224 1010 1330 1075; x_wconf 81' lang='lat' dir='ltr'><strong>capax</strong></span> <span class='ocrx_word' id='word_1_36' title='bbox 1352 988 1508 1053; x_wconf 89' lang='lat' dir='ltr'><strong>cuiuslibet</strong></span> 
     </span>
    </p>

    <p class='ocr_par' dir='ltr' id='par_1_6' title="bbox 299 1096 1528 1272">
     <span class='ocr_line' id='line_1_6' title="bbox 299 1096 1528 1189; baseline -0.008 -24"><span class='ocrx_word' id='word_1_37' title='bbox 299 1100 531 1189; x_wconf 83' lang='lat' dir='ltr'><strong>fulgentissimi</strong></span> <span class='ocrx_word' id='word_1_38' title='bbox 553 1097 757 1184; x_wconf 84' lang='lat' dir='ltr'><strong>triumphalis</strong></span> <span class='ocrx_word' id='word_1_39' title='bbox 781 1120 896 1163; x_wconf 89' lang='lat' dir='ltr'><strong>currus</strong></span> <span class='ocrx_word' id='word_1_40' title='bbox 920 1096 974 1163; x_wconf 89' lang='lat' dir='ltr'><strong>uel</strong></span> <span class='ocrx_word' id='word_1_41' title='bbox 1006 1098 1195 1186; x_wconf 88' lang='lat' dir='ltr'><strong>aequauerit</strong></span> <span class='ocrx_word' id='word_1_42' title='bbox 1225 1097 1364 1185; x_wconf 86' lang='lat' dir='ltr'><strong>gloriam</strong></span> <span class='ocrx_word' id='word_1_43' title='bbox 1387 1096 1438 1162; x_wconf 89' lang='lat' dir='ltr'><strong>uel</strong></span> <span class='ocrx_word' id='word_1_44' title='bbox 1458 1112 1528 1160; x_wconf 74' lang='lat' dir='ltr'><strong>aus</strong></span> 
     </span>
     <span class='ocr_line' id='line_1_7' title="bbox 299 1209 479 1272; baseline -0.017 0"><span class='ocrx_word' id='word_1_45' title='bbox 299 1209 479 1272; x_wconf 85' lang='lat' dir='ltr'><strong>tecesserit.</strong></span> 
     </span>
    </p>

    <p class='ocr_par' dir='ltr' id='par_1_7' title="bbox 238 1304 1551 2042">
     <span class='ocr_line' id='line_1_8' title="bbox 238 1304 1509 1399; baseline -0.002 -21"><span class='ocrx_word' id='word_1_46' title='bbox 238 1304 288 1373; x_wconf 86' lang='lat' dir='ltr'><strong>ll.</strong></span> <span class='ocrx_word' id='word_1_47' title='bbox 336 1357 340 1363; x_wconf 88' lang='lat'><em>-</em></span> <span class='ocrx_word' id='word_1_48' title='bbox 388 1314 515 1378; x_wconf 81' lang='lat' dir='ltr'><strong>Eadem</strong></span> <span class='ocrx_word' id='word_1_49' title='bbox 541 1311 590 1377; x_wconf 91' lang='lat' dir='ltr'><strong>rei</strong></span> <span class='ocrx_word' id='word_1_50' title='bbox 619 1311 768 1398; x_wconf 89' lang='lat' dir='ltr'><strong>publicae</strong></span> <span class='ocrx_word' id='word_1_51' title='bbox 796 1322 988 1399; x_wconf 84' lang='lat' dir='ltr'><strong>tempestate</strong></span> <span class='ocrx_word' id='word_1_52' title='bbox 1021 1314 1057 1377; x_wconf 79' lang='lat'><strong>0.</strong></span> <span class='ocrx_word' id='word_1_53' title='bbox 1085 1312 1208 1379; x_wconf 81' lang='lat' dir='ltr'><strong>Fabius</strong></span> <span class='ocrx_word' id='word_1_54' title='bbox 1236 1312 1367 1378; x_wconf 81' lang='lat' dir='ltr'><strong>Dorsuo</strong></span> <span class='ocrx_word' id='word_1_55' title='bbox 1398 1332 1509 1377; x_wconf 90' lang='lat' dir='ltr'><strong>memo·</strong></span> 
     </span>
     <span class='ocr_line' id='line_1_9' title="bbox 300 1418 1511 1508; baseline -0.004 -22"><span class='ocrx_word' id='word_1_56' title='bbox 300 1421 402 1486; x_wconf 89' lang='lat' dir='ltr'><strong>rabile</strong></span> <span class='ocrx_word' id='word_1_57' title='bbox 441 1419 626 1506; x_wconf 85' lang='lat' dir='ltr'><strong>exemplum</strong></span> <span class='ocrx_word' id='word_1_58' title='bbox 671 1430 820 1485; x_wconf 88' lang='lat' dir='ltr'><strong>seruatae</strong></span> <span class='ocrx_word' id='word_1_59' title='bbox 860 1421 1037 1508; x_wconf 80' lang='lat' dir='ltr'><strong>religionis·</strong></span> <span class='ocrx_word' id='word_1_60' title='bbox 1069 1421 1165 1487; x_wconf 82' lang='lat' dir='ltr'><strong>dedit.</strong></span> <span class='ocrx_word' id='word_1_61' title='bbox 1233 1420 1383 1507; x_wconf 89' lang='lat' dir='ltr'><strong>Namque</strong></span> <span class='ocrx_word' id='word_1_62' title='bbox 1421 1418 1511 1483; x_wconf 90' lang='lat' dir='ltr'><strong>Gallis</strong></span> 
     </span>
     <span class='ocr_line' id='line_1_10' title="bbox 302 1527 1512 1615; baseline -0.002 -23"><span class='ocrx_word' id='word_1_63' title='bbox 302 1528 496 1614; x_wconf 79' lang='lat' dir='ltr'><strong>Capitolium</strong></span> <span class='ocrx_word' id='word_1_64' title='bbox 519 1528 754 1603; x_wconf 82' lang='lat' dir='ltr'><strong>obsidentibus,</strong></span> <span class='ocrx_word' id='word_1_65' title='bbox 778 1550 820 1591; x_wconf 88' lang='lat' dir='ltr'><strong>ne</strong></span> <span class='ocrx_word' id='word_1_66' title='bbox 843 1538 965 1592; x_wconf 85' lang='lat' dir='ltr'><strong>statum</strong></span> <span class='ocrx_word' id='word_1_67' title='bbox 988 1528 1108 1593; x_wconf 85' lang='lat' dir='ltr'><strong>Fabiae</strong></span> <span class='ocrx_word' id='word_1_68' title='bbox 1134 1529 1239 1615; x_wconf 85' lang='lat' dir='ltr'><strong>gentis</strong></span> <span class='ocrx_word' id='word_1_69' title='bbox 1256 1528 1449 1591; x_wconf 84' lang='lat' dir='ltr'><strong>sacrificium</strong></span> <span class='ocrx_word' id='word_1_70' title='bbox 1468 1527 1512 1589; x_wconf 90' lang='lat' dir='ltr'><strong>iu·</strong></span> 
     </span>
     <span class='ocr_line' id='line_1_11' title="bbox 301 1635 1551 1721; baseline -0.006 -21"><span class='ocrx_word' id='word_1_71' title='bbox 301 1647 566 1721; x_wconf 89' lang='lat' dir='ltr'><strong>terrumperetur,</strong></span> <span class='ocrx_word' id='word_1_72' title='bbox 597 1635 722 1699; x_wconf 87' lang='lat' dir='ltr'><strong>Gabino</strong></span> <span class='ocrx_word' id='word_1_73' title='bbox 758 1638 821 1699; x_wconf 89' lang='lat' dir='ltr'><strong>ritu</strong></span> <span class='ocrx_word' id='word_1_74' title='bbox 849 1636 989 1711; x_wconf 88' lang='lat' dir='ltr'><strong>cinctus,</strong></span> <span class='ocrx_word' id='word_1_75' title='bbox 1023 1636 1173 1699; x_wconf 91' lang='lat' dir='ltr'><strong>manibus</strong></span> <span class='ocrx_word' id='word_1_76' title='bbox 1204 1636 1390 1720; x_wconf 87' lang='lat' dir='ltr'><strong>umerisque</strong></span> <span class='ocrx_word' id='word_1_77' title='bbox 1426 1648 1551 1697; x_wconf 83' lang='lat' dir='ltr'><strong>sacrato</strong></span> 
     </span>
     <span class='ocr_line' id='line_1_12' title="bbox 302 1740 1516 1831; baseline -0.004 -23"><span class='ocrx_word' id='word_1_78' title='bbox 302 1764 433 1831; x_wconf 82' lang='lat' dir='ltr'><strong>gerone,</strong></span> <span class='ocrx_word' id='word_1_79' title='bbox 455 1764 515 1827; x_wconf 89' lang='lat' dir='ltr'><strong>per</strong></span> <span class='ocrx_word' id='word_1_80' title='bbox 537 1741 663 1806; x_wconf 89' lang='lat' dir='ltr'><strong>medias</strong></span> <span class='ocrx_word' id='word_1_81' title='bbox 685 1740 830 1806; x_wconf 87' lang='lat' dir='ltr'><strong>hostiurn</strong></span> <span class='ocrx_word' id='word_1_82' title='bbox 853 1744 1012 1807; x_wconf 84' lang='lat' dir='ltr'><strong>stationes</strong></span> <span class='ocrx_word' id='word_1_83' title='bbox 1036 1745 1071 1807; x_wconf 88' lang='lat' dir='ltr'><strong>in</strong></span> <span class='ocrx_word' id='word_1_84' title='bbox 1087 1741 1287 1823; x_wconf 83' lang='lat' dir='ltr'><strong>Quirinalem</strong></span> <span class='ocrx_word' id='word_1_85' title='bbox 1312 1740 1426 1805; x_wconf 90' lang='lat' dir='ltr'><strong>collem</strong></span> <span class='ocrx_word' id='word_1_86' title='bbox 1447 1762 1516 1826; x_wconf 92' lang='lat' dir='ltr'><strong>per·</strong></span> 
     </span>
     <span class='ocr_line' id='line_1_13' title="bbox 301 1848 1518 1935; baseline -0.005 -20"><span class='ocrx_word' id='word_1_87' title='bbox 301 1852 404 1925; x_wconf 83' lang='lat' dir='ltr'><strong>uenit3</strong></span> <span class='ocrx_word' id='word_1_88' title='bbox 427 1850 484 1914; x_wconf 89' lang='lat' dir='ltr'><strong>ubi</strong></span> <span class='ocrx_word' id='word_1_89' title='bbox 506 1848 658 1913; x_wconf 88' lang='lat' dir='ltr'><strong>omnibus</strong></span> <span class='ocrx_word' id='word_1_90' title='bbox 676 1848 826 1912; x_wconf 88' lang='lat' dir='ltr'><strong>sollemni</strong></span> <span class='ocrx_word' id='word_1_91' title='bbox 844 1871 936 1912; x_wconf 91' lang='lat' dir='ltr'><strong>more</strong></span> <span class='ocrx_word' id='word_1_92' title='bbox 952 1852 1104 1935; x_wconf 82' lang='lat' dir='ltr'><strong>peractis,</strong></span> <span class='ocrx_word' id='word_1_93' title='bbox 1127 1850 1162 1913; x_wconf 90' lang='lat' dir='ltr'><strong>in</strong></span> <span class='ocrx_word' id='word_1_94' title='bbox 1181 1848 1374 1934; x_wconf 82' lang='lat' dir='ltr'><strong>Capitolimu</strong></span> <span class='ocrx_word' id='word_1_95' title='bbox 1393 1858 1518 1933; x_wconf 88' lang='lat' dir='ltr'><strong>propter</strong></span> 
     </span>
     <span class='ocr_line' id='line_1_14' title="bbox 302 1954 1518 2042; baseline -0.001 -22"><span class='ocrx_word' id='word_1_96' title='bbox 302 1958 448 2021; x_wconf 90' lang='lat' dir='ltr'><strong>diuinam</strong></span> <span class='ocrx_word' id='word_1_97' title='bbox 458 1956 703 2021; x_wconf 89' lang='lat' dir='ltr'><strong>uenerationem</strong></span> <span class='ocrx_word' id='word_1_98' title='bbox 715 1956 895 2021; x_wconf 91' lang='lat' dir='ltr'><strong>uictricium</strong></span> <span class='ocrx_word' id='word_1_99' title='bbox 913 1978 1078 2021; x_wconf 86' lang='lat' dir='ltr'><strong>armorum</strong></span> <span class='ocrx_word' id='word_1_100' title='bbox 1090 1957 1225 2042; x_wconf 87' lang='lat' dir='ltr'><strong>perinde</strong></span> <span class='ocrx_word' id='word_1_101' title='bbox 1244 1978 1282 2019; x_wconf 88' lang='lat' dir='ltr'><strong>ae</strong></span> <span class='ocrx_word' id='word_1_102' title='bbox 1305 1956 1409 2021; x_wconf 89' lang='lat' dir='ltr'><strong>uictor</strong></span> <span class='ocrx_word' id='word_1_103' title='bbox 1419 1954 1518 2019; x_wconf 85' lang='lat' dir='ltr'><strong>rediit.</strong></span> 
     </span>
    </p>
   </div>
   <div class='ocr_carea' id='block_1_3' title="bbox 166 1396 181 1435">
    <p class='ocr_par' dir='ltr' id='par_1_8' title="bbox 166 1396 181 1435">
     <span class='ocr_line' id='line_1_15' title="bbox 166 1396 181 1435; baseline 0 0"><span class='ocrx_word' id='word_1_104' title='bbox 166 1396 181 1435; x_wconf 67' lang='lat' dir='ltr'><strong>‘t</strong></span> 
     </span>
    </p>
   </div>
   <div class='ocr_carea' id='block_1_4' title="bbox 302 2146 1525 2582">
    <p class='ocr_par' dir='ltr' id='par_1_9' title="bbox 306 2146 1524 2221">
     <span class='ocr_line' id='line_1_16' title="bbox 306 2146 1524 2221; baseline -0.005 -14"><span class='ocrx_word' id='word_1_105' title='bbox 306 2154 328 2208; x_wconf 93' lang='grc'><strong>1.</strong></span> <span class='ocrx_word' id='word_1_106' title='bbox 347 2148 642 2217; x_wconf 71' lang='lat' dir='ltr'><strong>testatordBD.112.</strong></span> <span class='ocrx_word' id='word_1_107' title='bbox 662 2152 746 2203; x_wconf 82' lang='lat' dir='ltr'><strong>tracto</strong></span> <span class='ocrx_word' id='word_1_108' title='bbox 765 2167 833 2204; x_wconf 81' lang='lat' dir='ltr'><strong>corr.</strong></span> <span class='ocrx_word' id='word_1_109' title='bbox 855 2150 882 2203; x_wconf 84' lang='grc'><strong>0.</strong></span> <span class='ocrx_word' id='word_1_110' title='bbox 903 2154 915 2221; x_wconf 80' lang='grc' dir='ltr'><strong>ΙΙ</strong></span> <span class='ocrx_word' id='word_1_111' title='bbox 934 2150 959 2205; x_wconf 88' lang='grc'><strong>3.</strong></span> <span class='ocrx_word' id='word_1_112' title='bbox 978 2156 1103 2205; x_wconf 85' lang='lat' dir='ltr'><strong>florentes</strong></span> <span class='ocrx_word' id='word_1_113' title='bbox 1123 2154 1184 2204; x_wconf 88' lang='lat' dir='ltr'><strong>ante</strong></span> <span class='ocrx_word' id='word_1_114' title='bbox 1202 2151 1235 2204; x_wconf 81' lang='lat' dir='ltr'><strong>A.</strong></span> <span class='ocrx_word' id='word_1_115' title='bbox 1264 2153 1374 2204; x_wconf 85' lang='lat' dir='ltr'><strong>florente</strong></span> <span class='ocrx_word' id='word_1_116' title='bbox 1392 2153 1453 2204; x_wconf 85' lang='lat' dir='ltr'><strong>ante</strong></span> <span class='ocrx_word' id='word_1_117' title='bbox 1470 2146 1524 2203; x_wconf 81' lang='lat' dir='ltr'><strong>Bc</strong></span> 
     </span>
    </p>

    <p class='ocr_par' dir='ltr' id='par_1_10' title="bbox 303 2220 1522 2295">
     <span class='ocr_line' id='line_1_17' title="bbox 303 2220 1522 2295; baseline -0.006 -16"><span class='ocrx_word' id='word_1_118' title='bbox 303 2225 370 2279; x_wconf 85' lang='lat' dir='ltr'><strong>DE.</strong></span> <span class='ocrx_word' id='word_1_119' title='bbox 389 2226 498 2277; x_wconf 84' lang='lat' dir='ltr'><strong>florente</strong></span> <span class='ocrx_word' id='word_1_120' title='bbox 517 2223 623 2288; x_wconf 61' lang='lat' dir='ltr'><strong>(omaso</strong></span> <span class='ocrx_word' id='word_1_121' title='bbox 642 2224 746 2286; x_wconf 86' lang='lat' dir='ltr'><strong>sancte)</strong></span> <span class='ocrx_word' id='word_1_122' title='bbox 768 2221 844 2277; x_wconf 81' lang='lat' dir='ltr'><strong>Torr.</strong></span> <span class='ocrx_word' id='word_1_123' title='bbox 860 2220 872 2295; x_wconf 79' lang='grc' dir='ltr'>Η</span> <span class='ocrx_word' id='word_1_124' title='bbox 887 2242 998 2291; x_wconf 85' lang='lat' dir='ltr'><strong>quarum</strong></span> <span class='ocrx_word' id='word_1_125' title='bbox 1012 2222 1099 2293; x_wconf 72' lang='lat' dir='ltr'><strong>pud.</strong></span> <span class='ocrx_word' id='word_1_126' title='bbox 1124 2240 1206 2291; x_wconf 84' lang='lat' dir='ltr'><strong>quare</strong></span> <span class='ocrx_word' id='word_1_127' title='bbox 1231 2222 1354 2276; x_wconf 83' lang='lat' dir='ltr'><strong>BCDE.</strong></span> <span class='ocrx_word' id='word_1_128' title='bbox 1376 2224 1387 2291; x_wconf 91' lang='grc' dir='ltr'><strong>ΙΙ</strong></span> <span class='ocrx_word' id='word_1_129' title='bbox 1416 2220 1441 2274; x_wconf 81' lang='grc'><strong>1.</strong></span> <span class='ocrx_word' id='word_1_130' title='bbox 1466 2237 1522 2273; x_wconf 87' lang='lat' dir='ltr'><strong>sor-</strong></span> 
     </span>
    </p>

    <p class='ocr_par' dir='ltr' id='par_1_11' title="bbox 303 2292 1524 2367">
     <span class='ocr_line' id='line_1_18' title="bbox 303 2292 1524 2367; baseline -0.004 -18"><span class='ocrx_word' id='word_1_131' title='bbox 303 2302 393 2349; x_wconf 84' lang='lat' dir='ltr'><strong>didam</strong></span> <span class='ocrx_word' id='word_1_132' title='bbox 414 2292 556 2367; x_wconf 72' lang='lat' dir='ltr'><strong>Torani.</strong></span> <span class='ocrx_word' id='word_1_133' title='bbox 577 2299 657 2346; x_wconf 85' lang='lat' dir='ltr'><strong>dorse</strong></span> <span class='ocrx_word' id='word_1_134' title='bbox 677 2311 727 2346; x_wconf 89' lang='lat' dir='ltr'><strong>suo</strong></span> <span class='ocrx_word' id='word_1_135' title='bbox 745 2293 831 2347; x_wconf 83' lang='grc'><strong>1101)</strong></span> <span class='ocrx_word' id='word_1_136' title='bbox 849 2304 876 2349; x_wconf 85' lang='lat' dir='ltr'><strong>et</strong></span> <span class='ocrx_word' id='word_1_137' title='bbox 887 2310 931 2364; x_wconf 82' lang='lat' dir='ltr'><strong>pr.</strong></span> <span class='ocrx_word' id='word_1_138' title='bbox 942 2296 973 2348; x_wconf 78' lang='lat' dir='ltr'><strong>A.</strong></span> <span class='ocrx_word' id='word_1_139' title='bbox 993 2300 1056 2347; x_wconf 90' lang='lat' dir='ltr'><strong>dors</strong></span> <span class='ocrx_word' id='word_1_140' title='bbox 1075 2310 1124 2347; x_wconf 87' lang='lat' dir='ltr'><strong>suo</strong></span> <span class='ocrx_word' id='word_1_141' title='bbox 1141 2310 1208 2348; x_wconf 82' lang='lat' dir='ltr'><strong>corr.</strong></span> <span class='ocrx_word' id='word_1_142' title='bbox 1219 2294 1250 2346; x_wconf 81' lang='grc' dir='ltr'><strong>Α.</strong></span> <span class='ocrx_word' id='word_1_143' title='bbox 1271 2296 1300 2347; x_wconf 84' lang='grc'><strong>,1</strong></span> <span class='ocrx_word' id='word_1_144' title='bbox 1321 2298 1418 2345; x_wconf 89' lang='lat' dir='ltr'><strong>dorsuo</strong></span> <span class='ocrx_word' id='word_1_145' title='bbox 1434 2308 1524 2359; x_wconf 80' lang='lat' dir='ltr'><strong>murpu</strong></span> 
     </span>
    </p>

    <p class='ocr_par' dir='ltr' id='par_1_12' title="bbox 302 2364 1525 2436">
     <span class='ocr_line' id='line_1_19' title="bbox 302 2364 1525 2436; baseline -0.005 -15"><span class='ocrx_word' id='word_1_146' title='bbox 302 2369 334 2427; x_wconf 83' lang='lat' dir='ltr'><strong>A.</strong></span> <span class='ocrx_word' id='word_1_147' title='bbox 354 2374 452 2421; x_wconf 90' lang='lat' dir='ltr'><strong>dorsuo</strong></span> <span class='ocrx_word' id='word_1_148' title='bbox 471 2384 520 2420; x_wconf 87' lang='lat' dir='ltr'><strong>suo</strong></span> <span class='ocrx_word' id='word_1_149' title='bbox 534 2383 579 2436; x_wconf 79' lang='lat' dir='ltr'><strong>pr.</strong></span> <span class='ocrx_word' id='word_1_150' title='bbox 598 2364 632 2418; x_wconf 82' lang='grc' dir='ltr'><strong>Ε.</strong></span> <span class='ocrx_word' id='word_1_151' title='bbox 662 2368 750 2417; x_wconf 87' lang='lat' dir='ltr'><strong>Dorso</strong></span> <span class='ocrx_word' id='word_1_152' title='bbox 771 2365 846 2419; x_wconf 86' lang='lat' dir='ltr'><strong>Torr.</strong></span> <span class='ocrx_word' id='word_1_153' title='bbox 869 2373 880 2433; x_wconf 81' lang='grc' dir='ltr'><strong>ΙΙ</strong></span> <span class='ocrx_word' id='word_1_154' title='bbox 900 2364 924 2419; x_wconf 79' lang='grc'><strong>9.</strong></span> <span class='ocrx_word' id='word_1_155' title='bbox 944 2371 1072 2419; x_wconf 86' lang='lat' dir='ltr'><strong>statutum</strong></span> <span class='ocrx_word' id='word_1_156' title='bbox 1090 2365 1148 2419; x_wconf 82' lang='lat' dir='ltr'><strong>Bc,</strong></span> <span class='ocrx_word' id='word_1_157' title='bbox 1164 2367 1176 2435; x_wconf 79' lang='grc' dir='ltr'><strong>[Ι</strong></span> <span class='ocrx_word' id='word_1_158' title='bbox 1194 2365 1235 2418; x_wconf 89' lang='grc'><strong>10.</strong></span> <span class='ocrx_word' id='word_1_159' title='bbox 1254 2367 1283 2418; x_wconf 68' lang='lat' dir='ltr'><strong>d.</strong></span> <span class='ocrx_word' id='word_1_160' title='bbox 1303 2368 1403 2434; x_wconf 83' lang='lat' dir='ltr'><strong>gabino</strong></span> <span class='ocrx_word' id='word_1_161' title='bbox 1422 2368 1525 2416; x_wconf 86' lang='lat' dir='ltr'><strong>cinctus</strong></span> 
     </span>
    </p>

    <p class='ocr_par' dir='ltr' id='par_1_13' title="bbox 302 2435 1525 2582">
     <span class='ocr_line' id='line_1_20' title="bbox 302 2435 1525 2582; baseline -0.006 -89"><span class='ocrx_word' id='word_1_162' title='bbox 302 2439 434 2582; x_wconf 63' lang='lat' dir='ltr'><strong>pprpold</strong></span> <span class='ocrx_word' id='word_1_163' title='bbox 453 2457 467 2491; x_wconf 83' lang='lat' dir='ltr'><strong>e</strong></span> <span class='ocrx_word' id='word_1_164' title='bbox 484 2436 591 2563; x_wconf 45' lang='lat' dir='ltr'><strong>ijprtdp.</strong></span> <span class='ocrx_word' id='word_1_165' title='bbox 594 2447 627 2563; x_wconf 72' lang='lat' dir='ltr'><strong>Du</strong></span> <span class='ocrx_word' id='word_1_166' title='bbox 646 2436 694 2576; x_wconf 84' lang='grc' dir='ltr'><strong>ΙΙ12.</strong></span> <span class='ocrx_word' id='word_1_167' title='bbox 703 2438 909 2561; x_wconf 39' lang='grc' dir='ltr'><strong>ᾱιῖἶορΐοτὲῇῷ,</strong></span> <span class='ocrx_word' id='word_1_168' title='bbox 929 2438 991 2505; x_wconf 85' lang='lat' dir='ltr'><strong>(sic)</strong></span> <span class='ocrx_word' id='word_1_169' title='bbox 1006 2454 1051 2507; x_wconf 83' lang='lat' dir='ltr'><strong>pr.</strong></span> <span class='ocrx_word' id='word_1_170' title='bbox 1062 2437 1094 2491; x_wconf 81' lang='grc' dir='ltr'><strong>Α.</strong></span> <span class='ocrx_word' id='word_1_171' title='bbox 1112 2440 1130 2491; x_wconf 82' lang='lat' dir='ltr'><strong>t&#39;.</strong></span> <span class='ocrx_word' id='word_1_172' title='bbox 1150 2437 1351 2505; x_wconf 73' lang='lat' dir='ltr'><strong>postmurpod.</strong></span> <span class='ocrx_word' id='word_1_173' title='bbox 1370 2438 1433 2504; x_wconf 86' lang='lat' dir='ltr'><strong>post</strong></span> <span class='ocrx_word' id='word_1_174' title='bbox 1447 2435 1525 2489; x_wconf 80' lang='lat' dir='ltr'><strong>Torr.</strong></span> 
     </span>
     <span class='ocr_line' id='line_1_21' title="bbox 337 2525 1159 2578; baseline -0.01 -12"><span class='ocrx_word' id='word_1_175' title='bbox 337 2530 397 2566; x_wconf 85' lang='lat' dir='ltr'><strong>.ac</strong></span> <span class='ocrx_word' id='word_1_176' title='bbox 429 2528 479 2566; x_wconf 83' lang='lat' dir='ltr'><strong>om.</strong></span> <span class='ocrx_word' id='word_1_177' title='bbox 522 2528 565 2565; x_wconf 87' lang='lat' dir='ltr'><strong>.u</strong></span> <span class='ocrx_word' id='word_1_178' title='bbox 624 2549 631 2564; x_wconf 87' lang='lat'><strong>.</strong></span> <span class='ocrx_word' id='word_1_179' title='bbox 672 2526 702 2561; x_wconf 89' lang='lat' dir='ltr'><strong>ro</strong></span> <span class='ocrx_word' id='word_1_180' title='bbox 752 2525 797 2578; x_wconf 81' lang='lat' dir='ltr'><strong>pr.</strong></span> <span class='ocrx_word' id='word_1_181' title='bbox 1156 2536 1159 2543; x_wconf 72' lang='lat'><strong>.</strong></span> 
     </span>
    </p>
   </div>
   <div class='ocr_carea' id='block_1_5' title="bbox 294 2687 1563 4828">
    <p class='ocr_par' dir='ltr' id='par_1_14' title="bbox 294 2687 1531 2972">
     <span class='ocr_line' id='line_1_22' title="bbox 365 2687 1530 2757; baseline -0.003 -15"><span class='ocrx_word' id='word_1_182' title='bbox 365 2688 480 2757; x_wconf 74' lang='lat' dir='ltr'><strong>florente</strong></span> <span class='ocrx_word' id='word_1_183' title='bbox 502 2694 592 2742; x_wconf 74' lang='lat' dir='ltr'><strong>curete</strong></span> <span class='ocrx_word' id='word_1_184' title='bbox 615 2687 757 2752; x_wconf 79' lang='lat' dir='ltr'><strong>coluerunt)</strong></span> <span class='ocrx_word' id='word_1_185' title='bbox 787 2691 970 2741; x_wconf 82' lang='lat' dir='ltr'><strong>certissimam</strong></span> <span class='ocrx_word' id='word_1_186' title='bbox 1000 2690 1091 2754; x_wconf 83' lang='lat' dir='ltr'><strong>recepi</strong></span> <span class='ocrx_word' id='word_1_187' title='bbox 1113 2690 1133 2740; x_wconf 90' lang='lat'><strong>1.</strong></span> <span class='ocrx_word' id='word_1_188' title='bbox 1153 2690 1243 2744; x_wconf 87' lang='lat' dir='ltr'><strong>Vossii</strong></span> <span class='ocrx_word' id='word_1_189' title='bbox 1265 2690 1452 2748; x_wconf 88' lang='lat' dir='ltr'><strong>coniecturam,</strong></span> <span class='ocrx_word' id='word_1_190' title='bbox 1477 2703 1530 2754; x_wconf 87' lang='lat' dir='ltr'><strong>pro</strong></span> 
     </span>
     <span class='ocr_line' id='line_1_23' title="bbox 294 2759 1531 2830; baseline -0.001 -20"><span class='ocrx_word' id='word_1_191' title='bbox 294 2759 424 2828; x_wconf 73' lang='lat' dir='ltr'><strong>florentes</strong></span> <span class='ocrx_word' id='word_1_192' title='bbox 441 2766 501 2812; x_wconf 83' lang='lat' dir='ltr'><strong>uate</strong></span> <span class='ocrx_word' id='word_1_193' title='bbox 517 2765 646 2826; x_wconf 87' lang='lat' dir='ltr'><strong>probante</strong></span> <span class='ocrx_word' id='word_1_194' title='bbox 665 2762 793 2812; x_wconf 85' lang='lat' dir='ltr'><strong>Torreuio</strong></span> <span class='ocrx_word' id='word_1_195' title='bbox 812 2763 892 2812; x_wconf 83' lang='lat' dir='ltr'><strong>scribi</strong></span> <span class='ocrx_word' id='word_1_196' title='bbox 909 2763 1024 2814; x_wconf 86' lang='lat' dir='ltr'><strong>iubentis</strong></span> <span class='ocrx_word' id='word_1_197' title='bbox 1037 2761 1153 2830; x_wconf 70' lang='lat' dir='ltr'><strong>sturme</strong></span> <span class='ocrx_word' id='word_1_198' title='bbox 1170 2766 1265 2814; x_wconf 75' lang='lat' dir='ltr'><strong>saecu.</strong></span> <span class='ocrx_word' id='word_1_199' title='bbox 1309 2763 1347 2812; x_wconf 80' lang='lat' dir='ltr'><strong>Cf.</strong></span> <span class='ocrx_word' id='word_1_200' title='bbox 1367 2763 1419 2814; x_wconf 82' lang='lat' dir='ltr'><strong>cic.</strong></span> <span class='ocrx_word' id='word_1_201' title='bbox 1438 2761 1474 2810; x_wconf 88' lang='lat'><strong>111</strong></span> <span class='ocrx_word' id='word_1_202' title='bbox 1496 2763 1531 2809; x_wconf 91' lang='lat' dir='ltr'><strong>de</strong></span> 
     </span>
     <span class='ocr_line' id='line_1_24' title="bbox 304 2827 1531 2901; baseline -0.001 -18"><span class='ocrx_word' id='word_1_203' title='bbox 304 2834 359 2883; x_wconf 83' lang='lat' dir='ltr'><strong>nat.</strong></span> <span class='ocrx_word' id='word_1_204' title='bbox 378 2833 450 2884; x_wconf 88' lang='lat' dir='ltr'><strong>deor.</strong></span> <span class='ocrx_word' id='word_1_205' title='bbox 469 2829 513 2890; x_wconf 89' lang='grc'><strong>21,</strong></span> <span class='ocrx_word' id='word_1_206' title='bbox 532 2828 575 2891; x_wconf 83' lang='grc'><strong>53,</strong></span> <span class='ocrx_word' id='word_1_207' title='bbox 594 2847 658 2898; x_wconf 82' lang='lat' dir='ltr'><strong>quos</strong></span> <span class='ocrx_word' id='word_1_208' title='bbox 675 2837 782 2898; x_wconf 80' lang='lat' dir='ltr'><strong>uupuste</strong></span> <span class='ocrx_word' id='word_1_209' title='bbox 799 2847 885 2884; x_wconf 82' lang='lat' dir='ltr'><strong>omues</strong></span> <span class='ocrx_word' id='word_1_210' title='bbox 905 2839 1042 2901; x_wconf 74' lang='lat' dir='ltr'><strong>sancteque</strong></span> <span class='ocrx_word' id='word_1_211' title='bbox 1059 2847 1222 2884; x_wconf 73' lang='lat' dir='ltr'><strong>amaremur.</strong></span> <span class='ocrx_word' id='word_1_212' title='bbox 1264 2834 1299 2884; x_wconf 90' lang='lat' dir='ltr'><strong>id.</strong></span> <span class='ocrx_word' id='word_1_213' title='bbox 1323 2835 1360 2884; x_wconf 93' lang='lat' dir='ltr'><strong>ib.</strong></span> <span class='ocrx_word' id='word_1_214' title='bbox 1377 2834 1397 2892; x_wconf 92' lang='lat' dir='ltr'><strong>I,</strong></span> <span class='ocrx_word' id='word_1_215' title='bbox 1417 2828 1462 2890; x_wconf 90' lang='grc'><strong>20,</strong></span> <span class='ocrx_word' id='word_1_216' title='bbox 1484 2827 1531 2891; x_wconf 80' lang='grc'><strong>56,</strong></span> 
     </span>
     <span class='ocr_line' id='line_1_25' title="bbox 299 2901 771 2972; baseline 0 -17"><span class='ocrx_word' id='word_1_217' title='bbox 299 2901 348 2972; x_wconf 78' lang='lat' dir='ltr'><strong>pic</strong></span> <span class='ocrx_word' id='word_1_218' title='bbox 363 2905 453 2955; x_wconf 80' lang='lat' dir='ltr'><strong>sancte</strong></span> <span class='ocrx_word' id='word_1_219' title='bbox 488 2901 627 2953; x_wconf 75' lang='lat' dir='ltr'><strong>scutimus</strong></span> <span class='ocrx_word' id='word_1_220' title='bbox 643 2908 771 2968; x_wconf 76' lang='lat' dir='ltr'><strong>patarum.</strong></span> 
     </span>
    </p>

    <p class='ocr_par' dir='ltr' id='par_1_15' title="bbox 304 2917 1538 3324">
     <span class='ocr_line' id='line_1_26' title="bbox 374 2917 1532 3044; baseline -0.002 -18"><span class='ocrx_word' id='word_1_221' title='bbox 374 2917 510 3026; x_wconf 57' lang='lat' dir='ltr'><strong>sordidius</strong></span> <span class='ocrx_word' id='word_1_222' title='bbox 521 2972 681 3040; x_wconf 80' lang='lat' dir='ltr'><strong>plaustrum)</strong></span> <span class='ocrx_word' id='word_1_223' title='bbox 707 2977 910 3040; x_wconf 86' lang='lat' dir='ltr'><strong>Comparatiuus</strong></span> <span class='ocrx_word' id='word_1_224' title='bbox 933 2977 993 3035; x_wconf 90' lang='lat' dir='ltr'><strong>iile,</strong></span> <span class='ocrx_word' id='word_1_225' title='bbox 1020 2977 1064 3044; x_wconf 92' lang='lat' dir='ltr'><strong>qui</strong></span> <span class='ocrx_word' id='word_1_226' title='bbox 1088 2978 1286 3028; x_wconf 78' lang='lat' dir='ltr'><strong>enarrator-ibus</strong></span> <span class='ocrx_word' id='word_1_227' title='bbox 1310 2975 1418 3041; x_wconf 88' lang='lat' dir='ltr'><strong>praeter</strong></span> <span class='ocrx_word' id='word_1_228' title='bbox 1434 2975 1532 3026; x_wconf 88' lang='lat' dir='ltr'><strong>Vorst.</strong></span> 
     </span>
     <span class='ocr_line' id='line_1_27' title="bbox 304 3045 1536 3116; baseline -0.002 -20"><span class='ocrx_word' id='word_1_229' title='bbox 304 3048 384 3097; x_wconf 87' lang='lat' dir='ltr'><strong>ualde</strong></span> <span class='ocrx_word' id='word_1_230' title='bbox 405 3045 549 3110; x_wconf 86' lang='lat' dir='ltr'><strong>displicuit,</strong></span> <span class='ocrx_word' id='word_1_231' title='bbox 569 3047 596 3094; x_wconf 90' lang='lat' dir='ltr'><strong>in</strong></span> <span class='ocrx_word' id='word_1_232' title='bbox 621 3046 786 3113; x_wconf 85' lang='lat' dir='ltr'><strong>designando</strong></span> <span class='ocrx_word' id='word_1_233' title='bbox 811 3049 879 3098; x_wconf 87' lang='lat' dir='ltr'><strong>sutis</strong></span> <span class='ocrx_word' id='word_1_234' title='bbox 903 3063 1003 3116; x_wconf 84' lang='lat' dir='ltr'><strong>magno</strong></span> <span class='ocrx_word' id='word_1_235' title='bbox 1029 3046 1146 3099; x_wconf 87' lang='lat' dir='ltr'><strong>sordium</strong></span> <span class='ocrx_word' id='word_1_236' title='bbox 1170 3049 1271 3116; x_wconf 84' lang='lat' dir='ltr'><strong>gradu,</strong></span> <span class='ocrx_word' id='word_1_237' title='bbox 1298 3049 1347 3098; x_wconf 84' lang='lat' dir='ltr'><strong>etsi</strong></span> <span class='ocrx_word' id='word_1_238' title='bbox 1370 3046 1536 3096; x_wconf 86' lang='lat' dir='ltr'><strong>insolentior</strong></span> 
     </span>
     <span class='ocr_line' id='line_1_28' title="bbox 304 3118 1537 3183; baseline 0 -15"><span class='ocrx_word' id='word_1_239' title='bbox 304 3120 386 3182; x_wconf 84' lang='lat' dir='ltr'><strong>paulo</strong></span> <span class='ocrx_word' id='word_1_240' title='bbox 404 3119 455 3176; x_wconf 86' lang='lat' dir='ltr'><strong>est,</strong></span> <span class='ocrx_word' id='word_1_241' title='bbox 473 3118 563 3166; x_wconf 84' lang='lat' dir='ltr'><strong>tammr</strong></span> <span class='ocrx_word' id='word_1_242' title='bbox 581 3131 634 3165; x_wconf 91' lang='lat' dir='ltr'><strong>non</strong></span> <span class='ocrx_word' id='word_1_243' title='bbox 652 3118 735 3167; x_wconf 84' lang='lat' dir='ltr'><strong>habet</strong></span> <span class='ocrx_word' id='word_1_244' title='bbox 753 3135 804 3183; x_wconf 89' lang='lat' dir='ltr'><strong>quo</strong></span> <span class='ocrx_word' id='word_1_245' title='bbox 822 3121 953 3176; x_wconf 83' lang='lat' dir='ltr'><strong>offendet,</strong></span> <span class='ocrx_word' id='word_1_246' title='bbox 974 3121 997 3169; x_wconf 89' lang='lat' dir='ltr'><strong>si</strong></span> <span class='ocrx_word' id='word_1_247' title='bbox 1015 3121 1177 3170; x_wconf 84' lang='lat' dir='ltr'><strong>intellexeris</strong></span> <span class='ocrx_word' id='word_1_248' title='bbox 1197 3121 1329 3170; x_wconf 87' lang='lat' dir='ltr'><strong>sordidius</strong></span> <span class='ocrx_word' id='word_1_249' title='bbox 1348 3119 1432 3169; x_wconf 83' lang='lat' dir='ltr'><strong>fuisse</strong></span> <span class='ocrx_word' id='word_1_250' title='bbox 1452 3119 1537 3182; x_wconf 90' lang='lat' dir='ltr'><strong>plau·</strong></span> 
     </span>
     <span class='ocr_line' id='line_1_29' title="bbox 305 3192 1538 3255; baseline -0.001 -16"><span class='ocrx_word' id='word_1_251' title='bbox 305 3192 389 3239; x_wconf 85' lang='lat' dir='ltr'><strong>stuun</strong></span> <span class='ocrx_word' id='word_1_252' title='bbox 408 3203 488 3254; x_wconf 88' lang='lat' dir='ltr'><strong>quam</strong></span> <span class='ocrx_word' id='word_1_253' title='bbox 504 3203 553 3253; x_wconf 88' lang='lat' dir='ltr'><strong>pro</strong></span> <span class='ocrx_word' id='word_1_254' title='bbox 572 3203 672 3248; x_wconf 89' lang='lat' dir='ltr'><strong>eorum,</strong></span> <span class='ocrx_word' id='word_1_255' title='bbox 692 3204 761 3254; x_wconf 87' lang='lat' dir='ltr'><strong>quae</strong></span> <span class='ocrx_word' id='word_1_256' title='bbox 780 3205 812 3239; x_wconf 88' lang='lat' dir='ltr'><strong>eo</strong></span> <span class='ocrx_word' id='word_1_257' title='bbox 830 3192 1004 3249; x_wconf 85' lang='lat' dir='ltr'><strong>uehebautur,</strong></span> <span class='ocrx_word' id='word_1_258' title='bbox 1025 3193 1174 3242; x_wconf 85' lang='lat' dir='ltr'><strong>sanctitate.</strong></span> <span class='ocrx_word' id='word_1_259' title='bbox 1211 3193 1379 3255; x_wconf 84' lang='lat' dir='ltr'><strong>Quapropter</strong></span> <span class='ocrx_word' id='word_1_260' title='bbox 1391 3205 1446 3241; x_wconf 90' lang='lat' dir='ltr'><strong>non</strong></span> <span class='ocrx_word' id='word_1_261' title='bbox 1460 3203 1538 3254; x_wconf 89' lang='lat' dir='ltr'><strong>opus</strong></span> 
     </span>
     <span class='ocr_line' id='line_1_30' title="bbox 305 3259 1187 3324; baseline 0.002 -13"><span class='ocrx_word' id='word_1_262' title='bbox 305 3264 348 3311; x_wconf 86' lang='lat' dir='ltr'><strong>est</strong></span> <span class='ocrx_word' id='word_1_263' title='bbox 364 3261 451 3324; x_wconf 86' lang='lat' dir='ltr'><strong>Lipsii</strong></span> <span class='ocrx_word' id='word_1_264' title='bbox 468 3259 628 3316; x_wconf 81' lang='lat' dir='ltr'><strong>coniectura,</strong></span> <span class='ocrx_word' id='word_1_265' title='bbox 645 3274 695 3323; x_wconf 85' lang='lat' dir='ltr'><strong>per</strong></span> <span class='ocrx_word' id='word_1_266' title='bbox 712 3274 744 3310; x_wconf 84' lang='lat' dir='ltr'><strong>se</strong></span> <span class='ocrx_word' id='word_1_267' title='bbox 761 3277 857 3324; x_wconf 86' lang='lat' dir='ltr'><strong>parum</strong></span> <span class='ocrx_word' id='word_1_268' title='bbox 874 3262 1019 3322; x_wconf 89' lang='lat' dir='ltr'><strong>uerisimili,</strong></span> <span class='ocrx_word' id='word_1_269' title='bbox 1037 3259 1187 3314; x_wconf 71' lang='lat' dir='ltr'><strong>sordidans.</strong></span> 
     </span>
    </p>

    <p class='ocr_par' dir='ltr' id='par_1_16' title="bbox 305 3327 1537 3466">
     <span class='ocr_line' id='line_1_31' title="bbox 378 3327 1537 3399; baseline -0.001 -17"><span class='ocrx_word' id='word_1_270' title='bbox 378 3329 420 3382; x_wconf 93' lang='grc'><strong>11.</strong></span> <span class='ocrx_word' id='word_1_271' title='bbox 457 3332 496 3380; x_wconf 80' lang='lat' dir='ltr'><strong>ct</strong></span> <span class='ocrx_word' id='word_1_272' title='bbox 514 3331 573 3381; x_wconf 85' lang='lat' dir='ltr'><strong>Liu.</strong></span> <span class='ocrx_word' id='word_1_273' title='bbox 591 3332 623 3389; x_wconf 87' lang='lat' dir='ltr'><strong>V,</strong></span> <span class='ocrx_word' id='word_1_274' title='bbox 642 3327 686 3382; x_wconf 81' lang='lat' dir='ltr'><strong>to.</strong></span> <span class='ocrx_word' id='word_1_275' title='bbox 721 3331 790 3395; x_wconf 81' lang='lat' dir='ltr'><strong>App.</strong></span> <span class='ocrx_word' id='word_1_276' title='bbox 810 3333 877 3384; x_wconf 83' lang='lat' dir='ltr'><strong>Gali</strong></span> <span class='ocrx_word' id='word_1_277' title='bbox 897 3329 922 3384; x_wconf 88' lang='grc'><strong>6.</strong></span> <span class='ocrx_word' id='word_1_278' title='bbox 948 3349 1005 3383; x_wconf 87' lang='lat' dir='ltr'><strong>exe.</strong></span> <span class='ocrx_word' id='word_1_279' title='bbox 1025 3335 1092 3386; x_wconf 88' lang='lat' dir='ltr'><strong>Peir.</strong></span> <span class='ocrx_word' id='word_1_280' title='bbox 1111 3351 1137 3399; x_wconf 94' lang='lat' dir='ltr'><strong>p.</strong></span> <span class='ocrx_word' id='word_1_281' title='bbox 1156 3329 1216 3384; x_wconf 84' lang='grc'><strong>551.</strong></span> <span class='ocrx_word' id='word_1_282' title='bbox 1241 3334 1312 3386; x_wconf 78' lang='lat' dir='ltr'><strong>litor.</strong></span> <span class='ocrx_word' id='word_1_283' title='bbox 1337 3333 1363 3385; x_wconf 93' lang='lat'><strong>1.</strong></span> <span class='ocrx_word' id='word_1_284' title='bbox 1391 3327 1430 3383; x_wconf 84' lang='lat'><strong>13.</strong></span> <span class='ocrx_word' id='word_1_285' title='bbox 1472 3331 1537 3382; x_wconf 89' lang='lat' dir='ltr'><strong>Dio.</strong></span> 
     </span>
     <span class='ocr_line' id='line_1_32' title="bbox 305 3398 1128 3466; baseline 0 -10"><span class='ocrx_word' id='word_1_286' title='bbox 305 3407 383 3456; x_wconf 86' lang='lat' dir='ltr'><strong>Cass.</strong></span> <span class='ocrx_word' id='word_1_287' title='bbox 403 3419 460 3453; x_wconf 84' lang='lat' dir='ltr'><strong>exe.</strong></span> <span class='ocrx_word' id='word_1_288' title='bbox 480 3403 548 3453; x_wconf 88' lang='lat' dir='ltr'><strong>Peir.</strong></span> <span class='ocrx_word' id='word_1_289' title='bbox 567 3402 587 3461; x_wconf 91' lang='grc' dir='ltr'><strong>Ι,</strong></span> <span class='ocrx_word' id='word_1_290' title='bbox 605 3419 633 3466; x_wconf 92' lang='lat' dir='ltr'><strong>p.</strong></span> <span class='ocrx_word' id='word_1_291' title='bbox 654 3398 686 3452; x_wconf 82' lang='lat' dir='ltr'><strong>u</strong></span> <span class='ocrx_word' id='word_1_292' title='bbox 704 3404 746 3453; x_wconf 91' lang='lat' dir='ltr'><strong>ed.</strong></span> <span class='ocrx_word' id='word_1_293' title='bbox 764 3403 849 3455; x_wconf 84' lang='lat' dir='ltr'><strong>Reim.</strong></span> <span class='ocrx_word' id='word_1_294' title='bbox 868 3405 932 3455; x_wconf 87' lang='lat' dir='ltr'><strong>Min.</strong></span> <span class='ocrx_word' id='word_1_295' title='bbox 950 3405 1006 3456; x_wconf 83' lang='lat' dir='ltr'><strong>Fet.</strong></span> <span class='ocrx_word' id='word_1_296' title='bbox 1026 3407 1084 3456; x_wconf 88' lang='lat' dir='ltr'><strong>Oct.</strong></span> <span class='ocrx_word' id='word_1_297' title='bbox 1103 3401 1128 3456; x_wconf 86' lang='lat' dir='ltr'><strong>o.</strong></span> 
     </span>
    </p>

    <p class='ocr_par' dir='ltr' id='par_1_17' title="bbox 304 3470 1549 4031">
     <span class='ocr_line' id='line_1_33' title="bbox 376 3470 1542 3542; baseline -0.002 -16"><span class='ocrx_word' id='word_1_298' title='bbox 376 3471 404 3526; x_wconf 82' lang='lat'><strong>0.</strong></span> <span class='ocrx_word' id='word_1_299' title='bbox 428 3470 526 3524; x_wconf 78' lang='lat' dir='ltr'><strong>Fadius</strong></span> <span class='ocrx_word' id='word_1_300' title='bbox 549 3471 665 3534; x_wconf 80' lang='lat' dir='ltr'><strong>Dorsuo)</strong></span> <span class='ocrx_word' id='word_1_301' title='bbox 692 3474 842 3525; x_wconf 85' lang='lat' dir='ltr'><strong>Dorsonem</strong></span> <span class='ocrx_word' id='word_1_302' title='bbox 874 3491 933 3528; x_wconf 88' lang='lat' dir='ltr'><strong>eum</strong></span> <span class='ocrx_word' id='word_1_303' title='bbox 964 3477 1027 3526; x_wconf 82' lang='lat' dir='ltr'><strong>fasti</strong></span> <span class='ocrx_word' id='word_1_304' title='bbox 1052 3477 1192 3542; x_wconf 84' lang='lat' dir='ltr'><strong>Capitolini</strong></span> <span class='ocrx_word' id='word_1_305' title='bbox 1216 3477 1353 3542; x_wconf 83' lang='lat' dir='ltr'><strong>appellant</strong></span> <span class='ocrx_word' id='word_1_306' title='bbox 1377 3475 1404 3526; x_wconf 89' lang='lat' dir='ltr'><strong>et</strong></span> <span class='ocrx_word' id='word_1_307' title='bbox 1427 3475 1542 3526; x_wconf 84' lang='lat' dir='ltr'><strong>Valerii</strong></span> 
     </span>
     <span class='ocr_line' id='line_1_34' title="bbox 304 3545 1542 3613; baseline -0.003 -14"><span class='ocrx_word' id='word_1_308' title='bbox 304 3549 420 3599; x_wconf 83' lang='lat' dir='ltr'><strong>editores</strong></span> <span class='ocrx_word' id='word_1_309' title='bbox 437 3547 500 3597; x_wconf 82' lang='lat' dir='ltr'><strong>inde</strong></span> <span class='ocrx_word' id='word_1_310' title='bbox 518 3561 536 3594; x_wconf 85' lang='lat' dir='ltr'><strong>a</strong></span> <span class='ocrx_word' id='word_1_311' title='bbox 553 3545 657 3613; x_wconf 85' lang='lat' dir='ltr'><strong>Pigbio,</strong></span> <span class='ocrx_word' id='word_1_312' title='bbox 677 3547 834 3613; x_wconf 89' lang='lat' dir='ltr'><strong>quibuscum</strong></span> <span class='ocrx_word' id='word_1_313' title='bbox 858 3548 958 3598; x_wconf 78' lang='lat' dir='ltr'><strong>iaciunt</strong></span> <span class='ocrx_word' id='word_1_314' title='bbox 976 3549 1043 3600; x_wconf 89' lang='lat' dir='ltr'><strong>Vetl.</strong></span> <span class='ocrx_word' id='word_1_315' title='bbox 1062 3550 1120 3600; x_wconf 86' lang='lat' dir='ltr'><strong>Pat.</strong></span> <span class='ocrx_word' id='word_1_316' title='bbox 1144 3550 1169 3609; x_wconf 93' lang='grc'><strong>1,</strong></span> <span class='ocrx_word' id='word_1_317' title='bbox 1193 3545 1237 3608; x_wconf 81' lang='lat' dir='ltr'><strong>it,</strong></span> <span class='ocrx_word' id='word_1_318' title='bbox 1259 3546 1283 3598; x_wconf 80' lang='lat'><strong>7.</strong></span> <span class='ocrx_word' id='word_1_319' title='bbox 1319 3548 1388 3598; x_wconf 77' lang='lat' dir='ltr'><strong>uror.</strong></span> <span class='ocrx_word' id='word_1_320' title='bbox 1414 3546 1489 3610; x_wconf 84' lang='lat' dir='ltr'><strong>App.</strong></span> <span class='ocrx_word' id='word_1_321' title='bbox 1510 3547 1542 3596; x_wconf 91' lang='lat' dir='ltr'><strong>ll.</strong></span> 
     </span>
     <span class='ocr_line' id='line_1_35' title="bbox 304 3618 1542 3684; baseline -0.002 -15"><span class='ocrx_word' id='word_1_322' title='bbox 304 3637 358 3680; x_wconf 77' lang='lat' dir='ltr'><strong>ea,</strong></span> <span class='ocrx_word' id='word_1_323' title='bbox 386 3619 518 3684; x_wconf 86' lang='lat' dir='ltr'><strong>siquidem</strong></span> <span class='ocrx_word' id='word_1_324' title='bbox 544 3618 665 3668; x_wconf 87' lang='lat' dir='ltr'><strong>codicum</strong></span> <span class='ocrx_word' id='word_1_325' title='bbox 692 3619 826 3669; x_wconf 88' lang='lat' dir='ltr'><strong>collationi</strong></span> <span class='ocrx_word' id='word_1_326' title='bbox 852 3621 921 3670; x_wconf 85' lang='lat' dir='ltr'><strong>fides</strong></span> <span class='ocrx_word' id='word_1_327' title='bbox 946 3621 1039 3671; x_wconf 87' lang='lat' dir='ltr'><strong>haberi</strong></span> <span class='ocrx_word' id='word_1_328' title='bbox 1063 3621 1161 3684; x_wconf 86' lang='lat' dir='ltr'><strong>potest.</strong></span> <span class='ocrx_word' id='word_1_329' title='bbox 1197 3619 1232 3669; x_wconf 88' lang='lat' dir='ltr'><strong>At</strong></span> <span class='ocrx_word' id='word_1_330' title='bbox 1255 3633 1289 3669; x_wconf 88' lang='lat' dir='ltr'><strong>ne</strong></span> <span class='ocrx_word' id='word_1_331' title='bbox 1308 3620 1341 3669; x_wconf 88' lang='lat' dir='ltr'><strong>de</strong></span> <span class='ocrx_word' id='word_1_332' title='bbox 1361 3633 1395 3670; x_wconf 88' lang='lat' dir='ltr'><strong>ea</strong></span> <span class='ocrx_word' id='word_1_333' title='bbox 1413 3619 1542 3684; x_wconf 86' lang='lat' dir='ltr'><strong>quidem,</strong></span> 
     </span>
     <span class='ocr_line' id='line_1_36' title="bbox 305 3689 1544 3758; baseline -0.002 -18"><span class='ocrx_word' id='word_1_334' title='bbox 305 3707 385 3755; x_wconf 83' lang='lat' dir='ltr'><strong>quam</strong></span> <span class='ocrx_word' id='word_1_335' title='bbox 402 3703 454 3740; x_wconf 88' lang='lat' dir='ltr'><strong>nos</strong></span> <span class='ocrx_word' id='word_1_336' title='bbox 465 3689 615 3753; x_wconf 85' lang='lat' dir='ltr'><strong>posuimus,</strong></span> <span class='ocrx_word' id='word_1_337' title='bbox 629 3690 715 3740; x_wconf 82' lang='lat' dir='ltr'><strong>torma</strong></span> <span class='ocrx_word' id='word_1_338' title='bbox 726 3691 754 3741; x_wconf 90' lang='lat' dir='ltr'><strong>iu</strong></span> <span class='ocrx_word' id='word_1_339' title='bbox 771 3692 845 3742; x_wconf 81' lang='lat' dir='ltr'><strong>tanto</strong></span> <span class='ocrx_word' id='word_1_340' title='bbox 856 3693 1013 3756; x_wconf 89' lang='lat' dir='ltr'><strong>optimorum</strong></span> <span class='ocrx_word' id='word_1_341' title='bbox 1032 3705 1195 3758; x_wconf 83' lang='lat' dir='ltr'><strong>quommque</strong></span> <span class='ocrx_word' id='word_1_342' title='bbox 1213 3691 1288 3741; x_wconf 86' lang='lat' dir='ltr'><strong>codd.</strong></span> <span class='ocrx_word' id='word_1_343' title='bbox 1307 3691 1345 3739; x_wconf 80' lang='lat' dir='ltr'><strong>ita</strong></span> <span class='ocrx_word' id='word_1_344' title='bbox 1357 3691 1544 3739; x_wconf 83' lang='lat' dir='ltr'><strong>scribentium</strong></span> 
     </span>
     <span class='ocr_line' id='line_1_37' title="bbox 305 3761 1544 3828; baseline -0.001 -19"><span class='ocrx_word' id='word_1_345' title='bbox 305 3774 440 3811; x_wconf 86' lang='lat' dir='ltr'><strong>consensu</strong></span> <span class='ocrx_word' id='word_1_346' title='bbox 458 3762 572 3810; x_wconf 84' lang='lat' dir='ltr'><strong>dubitari</strong></span> <span class='ocrx_word' id='word_1_347' title='bbox 588 3764 686 3824; x_wconf 76' lang='lat' dir='ltr'><strong>potest.</strong></span> <span class='ocrx_word' id='word_1_348' title='bbox 721 3763 791 3813; x_wconf 86' lang='lat' dir='ltr'><strong>Nam</strong></span> <span class='ocrx_word' id='word_1_349' title='bbox 811 3765 881 3828; x_wconf 88' lang='lat' dir='ltr'><strong>quod</strong></span> <span class='ocrx_word' id='word_1_350' title='bbox 898 3765 981 3814; x_wconf 87' lang='lat' dir='ltr'><strong>uestri</strong></span> <span class='ocrx_word' id='word_1_351' title='bbox 1000 3763 1123 3819; x_wconf 86' lang='lat' dir='ltr'><strong>innuunt,</strong></span> <span class='ocrx_word' id='word_1_352' title='bbox 1148 3761 1196 3811; x_wconf 89' lang='lat' dir='ltr'><strong>Iul.</strong></span> <span class='ocrx_word' id='word_1_353' title='bbox 1221 3762 1298 3811; x_wconf 85' lang='lat' dir='ltr'><strong>Paris</strong></span> <span class='ocrx_word' id='word_1_354' title='bbox 1318 3763 1344 3811; x_wconf 91' lang='lat' dir='ltr'><strong>et</strong></span> <span class='ocrx_word' id='word_1_355' title='bbox 1362 3761 1544 3824; x_wconf 82' lang='lat' dir='ltr'><strong>Nepotianus</strong></span> 
     </span>
     <span class='ocr_line' id='line_1_38' title="bbox 306 3831 1544 3901; baseline 0.002 -23"><span class='ocrx_word' id='word_1_356' title='bbox 306 3831 469 3887; x_wconf 76' lang='lat' dir='ltr'><strong>confirmant,</strong></span> <span class='ocrx_word' id='word_1_357' title='bbox 489 3833 564 3880; x_wconf 79' lang='lat' dir='ltr'><strong>extat</strong></span> <span class='ocrx_word' id='word_1_358' title='bbox 587 3833 614 3881; x_wconf 89' lang='lat' dir='ltr'><strong>in</strong></span> <span class='ocrx_word' id='word_1_359' title='bbox 632 3835 874 3896; x_wconf 81' lang='lat' dir='ltr'><strong>praestantissimis</strong></span> <span class='ocrx_word' id='word_1_360' title='bbox 902 3849 1006 3901; x_wconf 88' lang='lat' dir='ltr'><strong>quoque</strong></span> <span class='ocrx_word' id='word_1_361' title='bbox 1024 3833 1143 3884; x_wconf 91' lang='lat' dir='ltr'><strong>Liuianis</strong></span> <span class='ocrx_word' id='word_1_362' title='bbox 1168 3833 1289 3882; x_wconf 83' lang='lat' dir='ltr'><strong>Mediceo</strong></span> <span class='ocrx_word' id='word_1_363' title='bbox 1309 3835 1336 3882; x_wconf 86' lang='lat' dir='ltr'><strong>et</strong></span> <span class='ocrx_word' id='word_1_364' title='bbox 1353 3833 1484 3882; x_wconf 84' lang='lat' dir='ltr'><strong>Parisino</strong></span> <span class='ocrx_word' id='word_1_365' title='bbox 1510 3832 1544 3887; x_wconf 84' lang='lat' dir='ltr'><strong>V,</strong></span> 
     </span>
     <span class='ocr_line' id='line_1_39' title="bbox 305 3895 1549 3971; baseline 0 -21"><span class='ocrx_word' id='word_1_366' title='bbox 305 3895 349 3957; x_wconf 80' lang='lat' dir='ltr'><strong>tt,</strong></span> <span class='ocrx_word' id='word_1_367' title='bbox 367 3896 385 3949; x_wconf 83' lang='lat'><strong>2</strong></span> <span class='ocrx_word' id='word_1_368' title='bbox 403 3903 431 3949; x_wconf 86' lang='lat' dir='ltr'><strong>et</strong></span> <span class='ocrx_word' id='word_1_369' title='bbox 447 3901 504 3959; x_wconf 87' lang='lat' dir='ltr'><strong>VII,</strong></span> <span class='ocrx_word' id='word_1_370' title='bbox 522 3897 566 3958; x_wconf 86' lang='grc'><strong>28,</strong></span> <span class='ocrx_word' id='word_1_371' title='bbox 588 3899 609 3953; x_wconf 90' lang='grc'><strong>1.</strong></span> <span class='ocrx_word' id='word_1_372' title='bbox 652 3903 762 3954; x_wconf 81' lang='lat' dir='ltr'><strong>Accedit</strong></span> <span class='ocrx_word' id='word_1_373' title='bbox 785 3908 855 3971; x_wconf 88' lang='lat' dir='ltr'><strong>quod</strong></span> <span class='ocrx_word' id='word_1_374' title='bbox 874 3920 943 3970; x_wconf 86' lang='lat' dir='ltr'><strong>quae</strong></span> <span class='ocrx_word' id='word_1_375' title='bbox 967 3906 1075 3956; x_wconf 85' lang='lat' dir='ltr'><strong>nomina</strong></span> <span class='ocrx_word' id='word_1_376' title='bbox 1097 3905 1251 3954; x_wconf 85' lang='lat' dir='ltr'><strong>deriusntur</strong></span> <span class='ocrx_word' id='word_1_377' title='bbox 1274 3919 1292 3954; x_wconf 83' lang='lat' dir='ltr'><strong>a</strong></span> <span class='ocrx_word' id='word_1_378' title='bbox 1316 3905 1395 3954; x_wconf 90' lang='lat' dir='ltr'><strong>dorso</strong></span> <span class='ocrx_word' id='word_1_379' title='bbox 1418 3904 1549 3952; x_wconf 88' lang='lat' dir='ltr'><strong>seruant</strong></span> 
     </span>
     <span class='ocr_line' id='line_1_40' title="bbox 305 3968 1095 4031; baseline 0.009 -12"><span class='ocrx_word' id='word_1_380' title='bbox 305 3971 420 4020; x_wconf 87' lang='lat' dir='ltr'><strong>litteram</strong></span> <span class='ocrx_word' id='word_1_381' title='bbox 438 3986 464 4027; x_wconf 95' lang='lat' dir='ltr'><strong>u,</strong></span> <span class='ocrx_word' id='word_1_382' title='bbox 483 3970 512 4020; x_wconf 88' lang='lat' dir='ltr'><strong>ut</strong></span> <span class='ocrx_word' id='word_1_383' title='bbox 529 3968 669 4026; x_wconf 67' lang='lat' dir='ltr'><strong>dorcadis</strong></span> <span class='ocrx_word' id='word_1_384' title='bbox 690 3971 840 4031; x_wconf 76' lang='lat' dir='ltr'><strong>dorsuosus,</strong></span> <span class='ocrx_word' id='word_1_385' title='bbox 862 3973 1017 4026; x_wconf 78' lang='lat' dir='ltr'><strong>dorsuurius</strong></span> <span class='ocrx_word' id='word_1_386' title='bbox 1035 3976 1095 4026; x_wconf 82' lang='lat' dir='ltr'><strong>utta.</strong></span> 
     </span>
    </p>

    <p class='ocr_par' dir='ltr' id='par_1_18' title="bbox 305 4038 1554 4521">
     <span class='ocr_line' id='line_1_41' title="bbox 375 4038 1549 4111; baseline 0.004 -22"><span class='ocrx_word' id='word_1_387' title='bbox 375 4038 531 4107; x_wconf 66' lang='lat' dir='ltr'><strong>umque)</strong></span> <span class='ocrx_word' id='word_1_388' title='bbox 548 4042 610 4093; x_wconf 89' lang='lat' dir='ltr'><strong>Non</strong></span> <span class='ocrx_word' id='word_1_389' title='bbox 626 4048 806 4106; x_wconf 84' lang='lat' dir='ltr'><strong>spernendam</strong></span> <span class='ocrx_word' id='word_1_390' title='bbox 823 4048 887 4096; x_wconf 86' lang='lat' dir='ltr'><strong>duxi</strong></span> <span class='ocrx_word' id='word_1_391' title='bbox 904 4048 974 4096; x_wconf 84' lang='lat' dir='ltr'><strong>hanc</strong></span> <span class='ocrx_word' id='word_1_392' title='bbox 993 4048 1150 4111; x_wconf 88' lang='lat' dir='ltr'><strong>scripturam</strong></span> <span class='ocrx_word' id='word_1_393' title='bbox 1171 4061 1226 4098; x_wconf 86' lang='lat' dir='ltr'><strong>nen</strong></span> <span class='ocrx_word' id='word_1_394' title='bbox 1244 4047 1329 4097; x_wconf 88' lang='lat' dir='ltr'><strong>semel</strong></span> <span class='ocrx_word' id='word_1_395' title='bbox 1347 4046 1494 4097; x_wconf 80' lang='lat' dir='ltr'><strong>inuentum</strong></span> <span class='ocrx_word' id='word_1_396' title='bbox 1516 4045 1549 4094; x_wconf 92' lang='lat' dir='ltr'><strong>in</strong></span> 
     </span>
     <span class='ocr_line' id='line_1_42' title="bbox 307 4110 1549 4183; baseline 0.002 -22"><span class='ocrx_word' id='word_1_397' title='bbox 307 4113 398 4163; x_wconf 84' lang='lat' dir='ltr'><strong>codiee</strong></span> <span class='ocrx_word' id='word_1_398' title='bbox 415 4112 547 4162; x_wconf 86' lang='lat' dir='ltr'><strong>Bcrueasi</strong></span> <span class='ocrx_word' id='word_1_399' title='bbox 571 4114 619 4178; x_wconf 82' lang='grc'><strong>(11,</strong></span> <span class='ocrx_word' id='word_1_400' title='bbox 647 4111 690 4171; x_wconf 90' lang='grc'><strong>10,</strong></span> <span class='ocrx_word' id='word_1_401' title='bbox 715 4110 741 4165; x_wconf 80' lang='grc'><strong>3.</strong></span> <span class='ocrx_word' id='word_1_402' title='bbox 769 4117 820 4173; x_wconf 86' lang='grc'><strong>111,</strong></span> <span class='ocrx_word' id='word_1_403' title='bbox 849 4112 880 4176; x_wconf 82' lang='lat' dir='ltr'><strong>u,</strong></span> <span class='ocrx_word' id='word_1_404' title='bbox 908 4114 943 4180; x_wconf 90' lang='grc'><strong>1.)</strong></span> <span class='ocrx_word' id='word_1_405' title='bbox 976 4120 1003 4168; x_wconf 89' lang='lat' dir='ltr'><strong>et</strong></span> <span class='ocrx_word' id='word_1_406' title='bbox 1025 4119 1052 4167; x_wconf 93' lang='lat' dir='ltr'><strong>in</strong></span> <span class='ocrx_word' id='word_1_407' title='bbox 1077 4119 1189 4168; x_wconf 84' lang='lat' dir='ltr'><strong>aliorum</strong></span> <span class='ocrx_word' id='word_1_408' title='bbox 1213 4119 1371 4183; x_wconf 86' lang='lat' dir='ltr'><strong>scriptorum</strong></span> <span class='ocrx_word' id='word_1_409' title='bbox 1401 4118 1549 4181; x_wconf 86' lang='lat' dir='ltr'><strong>antiquis·</strong></span> 
     </span>
     <span class='ocr_line' id='line_1_43' title="bbox 306 4183 1551 4254; baseline 0.003 -20"><span class='ocrx_word' id='word_1_410' title='bbox 306 4185 382 4234; x_wconf 84' lang='lat' dir='ltr'><strong>simis</strong></span> <span class='ocrx_word' id='word_1_411' title='bbox 406 4183 434 4232; x_wconf 89' lang='lat' dir='ltr'><strong>et</strong></span> <span class='ocrx_word' id='word_1_412' title='bbox 457 4184 563 4246; x_wconf 88' lang='lat' dir='ltr'><strong>optimis</strong></span> <span class='ocrx_word' id='word_1_413' title='bbox 593 4186 741 4250; x_wconf 89' lang='lat' dir='ltr'><strong>quibusque</strong></span> <span class='ocrx_word' id='word_1_414' title='bbox 764 4187 839 4236; x_wconf 85' lang='lat' dir='ltr'><strong>tibris</strong></span> <span class='ocrx_word' id='word_1_415' title='bbox 870 4188 915 4252; x_wconf 81' lang='lat' dir='ltr'><strong>(ei.</strong></span> <span class='ocrx_word' id='word_1_416' title='bbox 939 4186 971 4238; x_wconf 85' lang='grc' dir='ltr'><strong>Α.</strong></span> <span class='ocrx_word' id='word_1_417' title='bbox 1000 4189 1064 4238; x_wconf 84' lang='lat' dir='ltr'><strong>Mai.</strong></span> <span class='ocrx_word' id='word_1_418' title='bbox 1089 4191 1124 4238; x_wconf 85' lang='lat' dir='ltr'><strong>ud</strong></span> <span class='ocrx_word' id='word_1_419' title='bbox 1146 4189 1235 4240; x_wconf 78' lang='lat' dir='ltr'><strong>Fiunt.</strong></span> <span class='ocrx_word' id='word_1_420' title='bbox 1260 4205 1286 4254; x_wconf 95' lang='lat' dir='ltr'><strong>p.</strong></span> <span class='ocrx_word' id='word_1_421' title='bbox 1314 4186 1362 4239; x_wconf 82' lang='lat'><strong>107</strong></span> <span class='ocrx_word' id='word_1_422' title='bbox 1388 4189 1430 4238; x_wconf 88' lang='lat' dir='ltr'><strong>ed.</strong></span> <span class='ocrx_word' id='word_1_423' title='bbox 1456 4188 1551 4238; x_wconf 88' lang='lat' dir='ltr'><strong>Rom.</strong></span> 
     </span>
     <span class='ocr_line' id='line_1_44' title="bbox 306 4253 1552 4327; baseline 0 -21"><span class='ocrx_word' id='word_1_424' title='bbox 306 4255 462 4320; x_wconf 75' lang='lat' dir='ltr'><strong>symmach.</strong></span> <span class='ocrx_word' id='word_1_425' title='bbox 480 4255 551 4306; x_wconf 85' lang='lat' dir='ltr'><strong>laud.</strong></span> <span class='ocrx_word' id='word_1_426' title='bbox 570 4255 598 4306; x_wconf 90' lang='lat' dir='ltr'><strong>in</strong></span> <span class='ocrx_word' id='word_1_427' title='bbox 616 4256 721 4306; x_wconf 88' lang='lat' dir='ltr'><strong>Valent.</strong></span> <span class='ocrx_word' id='word_1_428' title='bbox 739 4259 806 4308; x_wconf 79' lang='lat' dir='ltr'><strong>erut.</strong></span> <span class='ocrx_word' id='word_1_429' title='bbox 827 4253 853 4314; x_wconf 88' lang='grc'><strong>2,</strong></span> <span class='ocrx_word' id='word_1_430' title='bbox 880 4255 901 4316; x_wconf 85' lang='lat' dir='ltr'><strong>l,</strong></span> <span class='ocrx_word' id='word_1_431' title='bbox 926 4275 952 4322; x_wconf 94' lang='lat' dir='ltr'><strong>p.</strong></span> <span class='ocrx_word' id='word_1_432' title='bbox 980 4256 1020 4310; x_wconf 81' lang='grc'><strong>14.</strong></span> <span class='ocrx_word' id='word_1_433' title='bbox 1046 4261 1087 4310; x_wconf 83' lang='lat' dir='ltr'><strong>ed.</strong></span> <span class='ocrx_word' id='word_1_434' title='bbox 1112 4261 1176 4310; x_wconf 81' lang='lat' dir='ltr'><strong>Mai.</strong></span> <span class='ocrx_word' id='word_1_435' title='bbox 1200 4261 1339 4326; x_wconf 76' lang='lat' dir='ltr'><strong>Eutyches</strong></span> <span class='ocrx_word' id='word_1_436' title='bbox 1364 4275 1488 4327; x_wconf 82' lang='lat' dir='ltr'><strong>gramm.</strong></span> <span class='ocrx_word' id='word_1_437' title='bbox 1519 4275 1552 4322; x_wconf 90' lang='lat' dir='ltr'><strong>p.</strong></span> 
     </span>
     <span class='ocr_line' id='line_1_45' title="bbox 305 4321 1554 4396; baseline 0 -18"><span class='ocrx_word' id='word_1_438' title='bbox 305 4321 385 4379; x_wconf 81' lang='grc'><strong>2312.</strong></span> <span class='ocrx_word' id='word_1_439' title='bbox 404 4325 535 4392; x_wconf 71' lang='lat' dir='ltr'><strong>Persen),</strong></span> <span class='ocrx_word' id='word_1_440' title='bbox 554 4329 708 4377; x_wconf 84' lang='lat' dir='ltr'><strong>constanter</strong></span> <span class='ocrx_word' id='word_1_441' title='bbox 724 4329 752 4377; x_wconf 90' lang='lat' dir='ltr'><strong>iu</strong></span> <span class='ocrx_word' id='word_1_442' title='bbox 771 4330 828 4380; x_wconf 91' lang='lat' dir='ltr'><strong>cod.</strong></span> <span class='ocrx_word' id='word_1_443' title='bbox 847 4329 943 4380; x_wconf 84' lang='lat' dir='ltr'><strong>Medic.</strong></span> <span class='ocrx_word' id='word_1_444' title='bbox 954 4330 1018 4382; x_wconf 83' lang='lat' dir='ltr'><strong>Tac.</strong></span> <span class='ocrx_word' id='word_1_445' title='bbox 1038 4332 1179 4382; x_wconf 82' lang='lat' dir='ltr'><strong>annalium.</strong></span> <span class='ocrx_word' id='word_1_446' title='bbox 1199 4331 1339 4396; x_wconf 85' lang='lat' dir='ltr'><strong>Aspiratur</strong></span> <span class='ocrx_word' id='word_1_447' title='bbox 1351 4331 1444 4380; x_wconf 85' lang='lat' dir='ltr'><strong>autem</strong></span> <span class='ocrx_word' id='word_1_448' title='bbox 1466 4332 1554 4379; x_wconf 83' lang='lat' dir='ltr'><strong>haec</strong></span> 
     </span>
     <span class='ocr_line' id='line_1_46' title="bbox 306 4394 1553 4521; baseline 0.002 -73"><span class='ocrx_word' id='word_1_449' title='bbox 306 4415 360 4449; x_wconf 90' lang='lat' dir='ltr'><strong>uox</strong></span> <span class='ocrx_word' id='word_1_450' title='bbox 376 4399 405 4521; x_wconf 64' lang='lat' dir='ltr'><strong>{p</strong></span> <span class='ocrx_word' id='word_1_451' title='bbox 423 4400 480 4450; x_wconf 91' lang='lat' dir='ltr'><strong>cod.</strong></span> <span class='ocrx_word' id='word_1_452' title='bbox 498 4399 628 4450; x_wconf 87' lang='lat' dir='ltr'><strong>Berncusi</strong></span> <span class='ocrx_word' id='word_1_453' title='bbox 651 4399 683 4458; x_wconf 87' lang='lat'><strong>11,</strong></span> <span class='ocrx_word' id='word_1_454' title='bbox 707 4396 733 4459; x_wconf 84' lang='lat'><strong>8,</strong></span> <span class='ocrx_word' id='word_1_455' title='bbox 753 4394 778 4450; x_wconf 88' lang='grc'><strong>5.</strong></span> <span class='ocrx_word' id='word_1_456' title='bbox 806 4399 862 4459; x_wconf 89' lang='grc'><strong>1111,</strong></span> <span class='ocrx_word' id='word_1_457' title='bbox 883 4397 912 4460; x_wconf 92' lang='grc'><strong>1,</strong></span> <span class='ocrx_word' id='word_1_458' title='bbox 941 4397 980 4453; x_wconf 87' lang='grc'><strong>12.</strong></span> <span class='ocrx_word' id='word_1_459' title='bbox 1014 4403 1053 4463; x_wconf 81' lang='lat' dir='ltr'><strong>V,</strong></span> <span class='ocrx_word' id='word_1_460' title='bbox 1072 4398 1097 4463; x_wconf 84' lang='grc'><strong>4,</strong></span> <span class='ocrx_word' id='word_1_461' title='bbox 1118 4403 1170 4454; x_wconf 85' lang='lat' dir='ltr'><strong>ext.</strong></span> <span class='ocrx_word' id='word_1_462' title='bbox 1189 4398 1214 4454; x_wconf 84' lang='grc'><strong>4.</strong></span> <span class='ocrx_word' id='word_1_463' title='bbox 1244 4403 1304 4464; x_wconf 90' lang='lat' dir='ltr'><strong>Vli,</strong></span> <span class='ocrx_word' id='word_1_464' title='bbox 1327 4399 1350 4463; x_wconf 93' lang='lat' dir='ltr'><strong>l,</strong></span> <span class='ocrx_word' id='word_1_465' title='bbox 1372 4399 1395 4454; x_wconf 93' lang='lat' dir='ltr'><strong>l.</strong></span> <span class='ocrx_word' id='word_1_466' title='bbox 1428 4401 1495 4460; x_wconf 80' lang='lat' dir='ltr'><strong>vn,</strong></span> <span class='ocrx_word' id='word_1_467' title='bbox 1520 4397 1553 4460; x_wconf 79' lang='lat'><strong>2,</strong></span> 
     </span>
     <span class='ocr_line' id='line_1_47' title="bbox 307 4472 405 4521; baseline 0.01 -1"><span class='ocrx_word' id='word_1_468' title='bbox 307 4472 361 4520; x_wconf 80' lang='lat' dir='ltr'><strong>ext.</strong></span> <span class='ocrx_word' id='word_1_469' title='bbox 397 4507 405 4521; x_wconf 86' lang='lat'><strong>.</strong></span> 
     </span>
    </p>

    <p class='ocr_par' dir='ltr' id='par_1_19' title="bbox 307 4537 1563 4828">
     <span class='ocr_line' id='line_1_48' title="bbox 375 4537 1559 4612; baseline 0.001 -19"><span class='ocrx_word' id='word_1_470' title='bbox 375 4545 488 4610; x_wconf 77' lang='lat' dir='ltr'><strong>propter</strong></span> <span class='ocrx_word' id='word_1_471' title='bbox 508 4537 628 4593; x_wconf 70' lang='lat' dir='ltr'><strong>diuisum</strong></span> <span class='ocrx_word' id='word_1_472' title='bbox 649 4539 809 4595; x_wconf 70' lang='lat' dir='ltr'><strong>meruius</strong></span> <span class='ocrx_word' id='word_1_473' title='bbox 828 4541 890 4608; x_wconf 90' lang='lat' dir='ltr'><strong>etc.)</strong></span> <span class='ocrx_word' id='word_1_474' title='bbox 931 4545 1061 4595; x_wconf 87' lang='lat' dir='ltr'><strong>Omnibus</strong></span> <span class='ocrx_word' id='word_1_475' title='bbox 1084 4545 1160 4596; x_wconf 87' lang='lat' dir='ltr'><strong>libris</strong></span> <span class='ocrx_word' id='word_1_476' title='bbox 1184 4546 1398 4596; x_wconf 87' lang='lat' dir='ltr'><strong>commendatum</strong></span> <span class='ocrx_word' id='word_1_477' title='bbox 1418 4547 1559 4612; x_wconf 80' lang='lat' dir='ltr'><strong>propter</strong></span> 
     </span>
     <span class='ocr_line' id='line_1_49' title="bbox 307 4613 1559 4682; baseline 0.001 -17"><span class='ocrx_word' id='word_1_478' title='bbox 307 4613 364 4666; x_wconf 87' lang='lat' dir='ltr'><strong>iure</strong></span> <span class='ocrx_word' id='word_1_479' title='bbox 382 4629 425 4665; x_wconf 87' lang='lat' dir='ltr'><strong>me</strong></span> <span class='ocrx_word' id='word_1_480' title='bbox 442 4614 594 4664; x_wconf 85' lang='lat' dir='ltr'><strong>restituisse</strong></span> <span class='ocrx_word' id='word_1_481' title='bbox 610 4629 659 4678; x_wconf 88' lang='lat' dir='ltr'><strong>pro</strong></span> <span class='ocrx_word' id='word_1_482' title='bbox 679 4615 822 4665; x_wconf 85' lang='lat' dir='ltr'><strong>editionum</strong></span> <span class='ocrx_word' id='word_1_483' title='bbox 835 4619 900 4682; x_wconf 82' lang='lat' dir='ltr'><strong>post</strong></span> <span class='ocrx_word' id='word_1_484' title='bbox 914 4618 1087 4680; x_wconf 84' lang='lat' dir='ltr'><strong>comprobant</strong></span> <span class='ocrx_word' id='word_1_485' title='bbox 1095 4618 1163 4666; x_wconf 90' lang='lat' dir='ltr'><strong>Liuii</strong></span> <span class='ocrx_word' id='word_1_486' title='bbox 1182 4619 1274 4676; x_wconf 84' lang='lat' dir='ltr'><strong>uerba,</strong></span> <span class='ocrx_word' id='word_1_487' title='bbox 1295 4619 1424 4681; x_wconf 83' lang='lat' dir='ltr'><strong>excerpta</strong></span> <span class='ocrx_word' id='word_1_488' title='bbox 1444 4631 1466 4666; x_wconf 78' lang='lat' dir='ltr'><strong>a</strong></span> <span class='ocrx_word' id='word_1_489' title='bbox 1480 4617 1559 4666; x_wconf 83' lang='lat' dir='ltr'><strong>Vul.</strong></span> 
     </span>
     <span class='ocr_line' id='line_1_50' title="bbox 308 4683 1560 4753; baseline 0.002 -19"><span class='ocrx_word' id='word_1_490' title='bbox 308 4687 384 4744; x_wconf 84' lang='lat' dir='ltr'><strong>Quod</strong></span> <span class='ocrx_word' id='word_1_491' title='bbox 402 4687 474 4738; x_wconf 86' lang='lat' dir='ltr'><strong>enim</strong></span> <span class='ocrx_word' id='word_1_492' title='bbox 490 4687 536 4736; x_wconf 90' lang='lat' dir='ltr'><strong>iiie</strong></span> <span class='ocrx_word' id='word_1_493' title='bbox 553 4687 592 4735; x_wconf 84' lang='lat' dir='ltr'><strong>ita</strong></span> <span class='ocrx_word' id='word_1_494' title='bbox 608 4687 739 4750; x_wconf 73' lang='lat' dir='ltr'><strong>exprimit,¹</strong></span> <span class='ocrx_word' id='word_1_495' title='bbox 757 4683 786 4736; x_wconf 80' lang='lat' dir='ltr'><strong>ta</strong></span> <span class='ocrx_word' id='word_1_496' title='bbox 803 4683 960 4753; x_wconf 80' lang='lat' dir='ltr'><strong>Capitolium</strong></span> <span class='ocrx_word' id='word_1_497' title='bbox 977 4684 1059 4738; x_wconf 79' lang='lat' dir='ltr'><strong>rediit</strong></span> <span class='ocrx_word' id='word_1_498' title='bbox 1080 4701 1125 4738; x_wconf 81' lang='lat' dir='ltr'><strong>seu</strong></span> <span class='ocrx_word' id='word_1_499' title='bbox 1144 4685 1269 4739; x_wconf 62' lang='lat' dir='ltr'><strong>Munitis</strong></span> <span class='ocrx_word' id='word_1_500' title='bbox 1293 4685 1379 4740; x_wconf 80' lang='lat' dir='ltr'><strong>Gallis</strong></span> <span class='ocrx_word' id='word_1_501' title='bbox 1402 4685 1560 4740; x_wconf 74' lang='lat' dir='ltr'><strong>miraculo</strong></span> 
     </span>
     <span class='ocr_line' id='line_1_51' title="bbox 309 4753 1563 4828; baseline 0.003 -22"><span class='ocrx_word' id='word_1_502' title='bbox 309 4753 445 4812; x_wconf 64' lang='lat' dir='ltr'><strong>audam</strong></span> <span class='ocrx_word' id='word_1_503' title='bbox 464 4772 510 4809; x_wconf 82' lang='lat' dir='ltr'><strong>seu</strong></span> <span class='ocrx_word' id='word_1_504' title='bbox 526 4755 653 4825; x_wconf 66' lang='lat' dir='ltr'><strong>relictoue</strong></span> <span class='ocrx_word' id='word_1_505' title='bbox 670 4755 748 4810; x_wconf 71' lang='lat' dir='ltr'><strong>etima</strong></span> <span class='ocrx_word' id='word_1_506' title='bbox 764 4757 856 4813; x_wconf 77' lang='lat' dir='ltr'><strong>motis.</strong></span> <span class='ocrx_word' id='word_1_507' title='bbox 883 4755 958 4810; x_wconf 79' lang='lat' dir='ltr'><strong>cutus</strong></span> <span class='ocrx_word' id='word_1_508' title='bbox 980 4755 1179 4828; x_wconf 75' lang='lat' dir='ltr'><strong>tmdpuaquuru</strong></span> <span class='ocrx_word' id='word_1_509' title='bbox 1203 4757 1338 4827; x_wconf 77' lang='lat' dir='ltr'><strong>aeptepeas</strong></span> <span class='ocrx_word' id='word_1_510' title='bbox 1355 4764 1395 4812; x_wconf 79' lang='lat' dir='ltr'><strong>ast</strong></span> <span class='ocrx_word' id='word_1_511' title='bbox 1409 4773 1498 4828; x_wconf 70' lang='lat' dir='ltr'><strong>pens.</strong></span> <span class='ocrx_word' id='word_1_512' title='bbox 1525 4761 1563 4810; x_wconf 87' lang='lat' dir='ltr'><strong>id</strong></span> 
     </span>
    </p>
   </div>
   <div class='ocr_carea' id='block_1_6' title="bbox 0 0 1715 5400">
    <p class='ocr_par' dir='ltr' id='par_1_20' title="bbox 0 0 1715 5400">
     <span class='ocr_line' id='line_1_52' title="bbox 0 0 1715 5400; baseline 0 0"><span class='ocrx_word' id='word_1_513' title='bbox 0 0 1715 5400; x_wconf 95' lang='lat' dir='ltr'><strong> </strong></span> 
     </span>
    </p>
   </div>
  </div>
 </body>
</html>
