3409 5400
589 496 670 568 LIB.
693 496 749 577 111,
771 499 809 567 G.
832 501 865 577 2,
880 507 919 576 3.
942 499 1084 567 8-10.
1380 497 1446 568 att

315 658 476 723 Strenuus
499 657 552 722 ille
578 682 708 747 quoque
730 661 791 727 flos
815 662 939 726 ordinis
963 660 1135 745 equestris,
1158 660 1252 724 errius
1275 662 1359 725 mira
1381 662 1488 730 uir-9.

225 774 290 827 tute
319 763 442 827 Fabius
472 762 636 831 Maximus
665 767 836 833 Rullianus
868 769 1026 852 magister
1055 766 1199 850 equitum
1230 765 1330 841 bello,
1359 767 1447 852 quod

225 870 388 933 aduersus
415 870 583 937 Samnites
619 874 807 959 gerebatur,
841 874 928 939 male
959 873 1128 936 commissi
1162 871 1279 957 proelii
1312 873 1447 939 crimine

223 975 351 1043 leuatus
377 988 436 1044 cst.
470 977 620 1065 Namque
639 979 770 1065 Papirio
788 981 930 1044 Cursore
950 990 1080 1064 propter
1102 980 1251 1063 auspicia
1273 979 1449 1064 repetenda

200 1083 259 1147 sin
289 1082 403 1147 urbem
434 1086 662 1168 proficiscente
691 1089 809 1151 castris
837 1089 1045 1173 praepositus
1074 1107 1113 1149 ac
1136 1086 1252 1148 uetitus
1279 1086 1314 1147 in
1343 1086 1448 1149 aciem

225 1190 403 1254 exereitum
426 1188 555 1264 ducere,
579 1192 790 1258 nihilominus
812 1215 933 1258 manus
946 1215 1021 1256 cum
1042 1191 1148 1267 hoste,
1172 1190 1321 1259 sedtum
1344 1191 1447 1255 ittfeli·

226 1297 303 1360 citer
339 1317 438 1381 quam
474 1308 593 1361 temere
627 1303 807 1375 conseruit;
841 1300 956 1386 procul
984 1300 1070 1362 enim
1097 1298 1194 1362 dubio
1224 1299 1448 1382 superabatur.

227 1402 379 1465 (letarum
403 1404 543 1487 optimae
567 1403 686 1469 indolis
709 1407 861 1470 iuuentus
876 1406 1028 1469 detractis
1047 1425 1205 1490 equorum
1225 1406 1327 1469 frenis
1348 1404 1450 1468 uehe-

225 1517 352 1571 menter
384 1528 442 1574 eos
478 1509 660 1575 calcaribus
695 1512 877 1577 stimulatos
911 1514 947 1575 in
981 1511 1141 1576 aduersos
1170 1512 1338 1576 Samnites
1373 1512 1449 1597 egit,

171 1627 216 1671 ‘1⁰
227 1614 455 1702 obstinataque
472 1618 572 1681 anbni
584 1620 771 1702 praesentia
783 1629 940 1683 extortam
953 1618 1108 1683 manibus
1119 1616 1264 1681 hostium
1280 1617 1448 1681 uictoriam

229 1730 260 1783 et
283 1742 358 1784 curn
382 1744 422 1787 ea
445 1744 538 1807 spem
561 1725 695 1788 maximi
718 1726 799 1789 ciuis
823 1725 965 1797 Rulliani
989 1726 1113 1810 patriae
1135 1724 1283 1788 restituit.

319 1825 434 1905 Qualis
452 1828 570 1893 deinde
582 1830 710 1894 roboris
722 1830 769 1896 illi
784 1830 916 1905 milites,
933 1832 990 1917 qui
1008 1830 1193 1894 uehementi
1204 1832 1271 1898 ictu
1285 1852 1449 1894 remorum
1461 1829 1512 1895 10.

182 1908 187 1921 ’
230 1934 426 1998 concitatam
456 1934 538 2021 fuga
563 1936 723 2001 Punicam
758 1941 890 2002 classem
922 1944 1030 2001 acates
1059 1938 1191 2001 lubricis
1220 1939 1326 2020 pelopi
1360 1938 1450 2019 pecu

231 2058 416 2125 camporum
441 2042 588 2105 firmitate
612 2042 738 2127 pedites
762 2044 893 2107 inlitus
917 2041 1141 2107 retraxerunt?

235 2178 255 2231 l.
276 2182 301 2244 s.
321 2179 346 2234 9.
365 2197 414 2234 om.
432 2181 463 2235 Γ.
479 2180 530 2251 112.
550 2184 688 2234 rutilianus
706 2182 921 2237 A'BCDEPttr.
941 2179 1005 2235 Vici.
1023 2180 1059 2233 ud
1075 2181 1112 2237 ll,
1134 2182 1158 2242 7,
1178 2180 1203 2236 8,
1215 2183 1229 2251 Η
1240 2180 1265 2235 4.
1283 2186 1401 2248 papyrio
1419 2180 1449 2233 A.

252 2248 296 2320 16.
316 2254 382 2319 bum]
402 2252 431 2303 iu
447 2270 545 2307 rueuru
562 2252 593 2307 A.
620 2258 710 2305 tameo
728 2260 783 2305 tum
803 2256 839 2308 D.
863 2271 917 2309 nou
935 2258 991 2304 tem
1009 2253 1120 2307 Elbrr.
1139 2253 1152 2321 ll
1170 2256 1280 2305 feliciter
1298 2252 1449 2305 ABCDE.

251 2320 295 2393 19.
316 2326 404 2393 coegit
421 2322 537 2393 111111.
562 2327 675 2376 rutiliani
692 2325 812 2378 BCDE
830 2331 855 2376 et
876 2340 945 2375 corr.
964 2324 994 2375 Δ.
1019 2322 1141 2392 Repetite
1158 2322 1277 2375 Rulliani
1294 2322 1450 2390 eiyuificutio

229 2400 351 2463 suspectu
369 2400 428 2445 erut
443 2394 590 2447 Percouo.
604 2392 616 2471 Η
632 2394 673 2450 ta.
694 2400 719 2460 5.
741 2394 781 2448 to.
800 2411 848 2446 om.
868 2394 899 2446 Γ.
916 2393 930 2461 ΙΙ
950 2390 990 2445 13.
1016 2396 1099 2461 fugae
1123 2389 1351 2444 Anconam.
1368 2392 1382 2457 Η
1400 2391 1449 2442 Pu-

230 2468 318 2518 nicum
344 2494 378 2503 -
402 2463 469 2531 (ll.)
495 2468 660 2533 camporum]
686 2470 905 2532 punicamporum
928 2463 1042 2526 (omissis
1063 2463 1182 2531 reliquis)
1205 2463 1230 2515 Β
1255 2469 1339 2585 οίέτ.
1356 2460 1450 2515 ΑΟΙ).

230 2535 384 2605 suppleatur·
406 2536 502 2587 omisso
525 2537 553 2589 iu
579 2552 660 2603 musy.
685 2536 777 2591 ACD.
802 2540 926 2603 punicum
949 2539 1067 2586 classem
1091 2537 1260 2586 brachiorum
1310 2534 1342 2602 ,11
1359 2534 1451 2584 lubrici

232 2606 365 2674 marpiues
383 2604 445 2658 cb.
464 2608 564 2659 lubrico
585 2606 661 2661 Torr.
674 2609 687 2676 ll
698 2610 807 2677 peliago
826 2622 916 2673 usurpo
937 2605 966 2660 0.

736 2697 947 2710 mun-

303 2727 328 2784 ll.
348 2733 387 2782 Ci.
406 2734 465 2785 Liu.
484 2734 551 2792 Vlll,
570 2729 613 2785 30.

302 2801 351 2854 ted
367 2808 420 2854 tum
438 2802 598 2870 infeliciter)
616 2807 747 2864 Editores,
767 2807 929 2855 recentiores
942 2806 1051 2854 codices
1066 2806 1159 2864 serub,
1178 2820 1238 2854 cum
1257 2806 1285 2852 in
1303 2805 1452 2868 archetypo

234 2878 329 2924 suisset
346 2871 394 2924 scd
411 2879 463 2925 lum
474 2873 604 2941 feliciter,
624 2878 795 2943 negationem
812 2879 980 2927 inseruerant
999 2879 1134 2927 antelam.
1172 2877 1339 2945 Probabilius
1359 2877 1452 2923 doctus

161 2977 163 2980 -
237 2947 332 3008 aliquis
350 2947 430 2994 borno
455 2948 482 2995 in
508 2949 598 2997 codice
617 2949 773 2996 Bituriccusi
796 2951 896 3011 primo,
922 2948 968 3009 qui
992 2949 1101 2996 uocatur
1126 2963 1142 2995 u
1161 2947 1303 3002 Torrenio,
1330 2948 1453 2995 rnendurn

235 3017 342 3065 sustulit
359 3017 500 3066 scribendo
519 3014 566 3067 sed
589 3022 642 3067 tum
665 3015 814 3082 infeliciter.
851 3020 1080 3080 Praepositionem
1103 3015 1131 3066 iu
1156 3019 1304 3068 sescenties
1329 3021 1355 3068 iu
1379 3018 1454 3065 libris

235 3099 301 3136 mss.
320 3089 347 3134 et
364 3087 449 3136 ortam
469 3091 495 3137 et
513 3091 668 3152 absorptam
687 3103 750 3137 esse
770 3090 849 3139 simili
862 3091 965 3139 litterae
978 3083 1002 3137 nr
1015 3091 1102 3155 ligura
1113 3092 1176 3138 nota
1189 3104 1232 3139 res
1245 3092 1296 3140 est.
1333 3089 1454 3140 Ceterum

235 3160 418 3220 inprosperam
437 3160 531 3222 proclii
551 3160 623 3208 initio
642 3161 774 3209 fortunam
802 3163 887 3210 luisse
912 3162 970 3222 ipse
990 3160 1112 3208 Valerius
1137 3161 1188 3208 sibi
1212 3161 1323 3208 finxisse
1341 3159 1453 3215 uidetur,

236 3243 288 3293 quo
308 3229 402 3277 clarior
420 3229 537 3280 eluceret
556 3232 655 3278 ordinis
674 3233 805 3296 equestris
825 3232 920 3299 gloria,
941 3232 1077 3279 uictoriam
1097 3231 1211 3278 bostium
1229 3231 1352 3284 inanibus
1369 3232 1454 3278 extor-

232 3300 348 3366 quentis.
387 3300 476 3349 l.iuius
496 3316 573 3365 quem
593 3302 620 3349 in
644 3302 753 3364 reliquis
779 3304 897 3364 sequitur
920 3303 963 3350 bic
988 3303 1113 3363 scriptor,
1139 3301 1204 3348 nibil
1228 3301 1346 3348 relictum
1370 3301 1454 3347 scrisse

235 3371 324 3426 refert,
338 3387 397 3434 quo,
411 3373 433 3418 si
447 3373 710 3440 adbriss‘etdielator,
725 3387 769 3420 res
779 3375 874 3422 arelius
884 3373 941 3438 geri
955 3372 1095 3434 potuisset,
1109 3372 1265 3430 equitesque
1279 3385 1311 3418 eo
1325 3371 1454 3417 aurlnciuc

236 3455 337 3508 genere
357 3451 421 3489 usus
441 3456 513 3500 esse,
539 3445 600 3508 quin
625 3443 784 3504 aliquotiens
810 3443 900 3505 inpetu
924 3443 1002 3503 capto
1026 3455 1199 3505 perrumpere
1223 3454 1277 3487 non
1305 3441 1455 3500 potuissent

236 3511 350 3560 bostium
370 3526 477 3573 agmon.

310 3579 349 3632 10.
369 3581 524 3632 concitatum
535 3582 606 3649 supa
622 3581 746 3634 Punicum
765 3581 884 3642 classem)
903 3584 1003 3632 Vitiosa
1017 3583 1043 3629 in
1056 3580 1191 3629 codicibus
1211 3580 1237 3627 et
1256 3580 1281 3627 in
1298 3579 1455 3628 editionibus

237 3653 470 3702 circumferebatur
480 3653 573 3720 suque,
597 3656 665 3719 quod
686 3670 739 3718 (pua
757 3657 860 3702 ratione
879 3651 1071 3715 explicaucrint
1088 3651 1256 3716 grammatici
1281 3648 1360 3698 uelint
1378 3651 1455 3699 scire.

237 3723 381 3772 Dicendum
402 3725 489 3788 utiquc
508 3727 566 3774 crat
585 3729 631 3774 aru
649 3723 677 3774 t'u
687 3723 784 3790 fitpum
803 3726 873 3785 (liu.
893 3724 978 3781 xxti,
1000 3719 1041 3777 ll,
1059 3718 1098 3784 a.)
1118 3723 1171 3777 arn,
1190 3723 1261 3781 quoti
1280 3722 1376 3784 Guyeti
1394 3737 1456 3769 con·

237 3795 337 3844 iectura
360 3797 431 3843 recto
457 3797 517 3844 buic
542 3797 601 3846 loco
623 3797 779 3852 uindicauit,
800 3794 881 3860 supa.
923 3793 968 3842 Sic
993 3793 1082 3844 Valer.
1108 3793 1195 3842 b‘lacc.
1220 3793 1255 3840 lll
1280 3792 1379 3859 Argon.
1404 3786 1457 3841 583

236 3866 387 3928 composuit
405 3863 453 3915 toli
469 3881 498 3916 se
516 3865 630 3917 conatui
648 3865 745 3918 ardeus
763 3863 794 3916 lu
812 3864 966 3931 lepusculo
982 3863 1061 3930 supa.
1106 3865 1146 3912 De
1168 3863 1278 3912 notabili
1296 3863 1343 3912 itta
1361 3863 1458 3913 lacuna

235 3938 263 3984 in
273 3936 455 4000 sequentum,
475 3953 554 4001 (piram
567 3939 626 3987 libri
638 3939 768 3989 Danielini
782 3939 959 3987 correctorem
972 3937 1119 3995 antiquiore
1133 3935 1221 3996 aliquo
1235 3936 1326 3984 codice
1338 3935 1457 3983 adiutum

237 4008 364 4069 explesse
383 4011 592 4058 cousentaneum
612 4010 662 4066 esi,
683 4011 735 4058 disi
755 4011 781 4058 in
800 4009 967 4072 praefatione
986 4024 1011 4070 p.
1030 4001 1074 4056 et.
1110 4007 1191 4055 Recte
1217 4021 1281 4056 uero
1299 4007 1326 4055 ia
1344 4007 1396 4056 boc
1414 4021 1456 4055 co·

237 4078 303 4126 dicis
322 4079 468 4128 Bernensis
487 4080 673 4143 supplemento
693 4084 817 4130 seruatur
836 4077 961 4131 lubricis.
982 4080 1051 4139 qaod
1070 4079 1097 4126 in
1116 4078 1308 4127 recentioribus
1327 4078 1457 4140 exemplis

237 4150 411 4211 deprecatum
431 4150 473 4198 est
491 4151 517 4200 in
534 4147 639 4206 lubrici,
659 4153 685 4200 ln
703 4153 863 4202 editionibus
881 4152 908 4200 in
926 4146 1036 4199 lubrico.
1072 4147 1238 4210 Saepissime
1251 4150 1321 4198 enim
1339 4148 1458 4197 locorum

237 4222 333 4268 natura
360 4221 499 4270 adiectiuis
528 4223 621 4270 rreulro
651 4237 752 4288 genere
781 4222 920 4286 pluraliter
944 4236 1003 4269 cum
1032 4221 1146 4269 nominis
1169 4220 1288 4285 genitiuo
1311 4219 1457 4268 coniunctis

237 4291 403 4348 describitur,
423 4291 462 4339 sic
482 4307 499 4340 s
518 4293 606 4342 Curtio
626 4293 692 4350 vill,
714 4288 755 4348 ll,
776 4289 790 4340 l
810 4303 868 4358 (ρετ
886 4288 989 4341 ἱυὸνίοα
1007 4294 1083 4354 atque
1100 4287 1193 4346 leuia),
1216 4303 1295 4353 quem
1313 4289 1335 4335 Τ
1337 4290 1457 4336 orrenius

238 4363 336 4412 citauit.
365 4363 404 4411 Cf.
424 4361 501 4425 Apol.
520 4363 530 4412 l
551 4365 611 4414 met.
632 4364 685 4412 init.
705 4360 791 4412 arduo
809 4361 933 4412 montium
951 4366 977 4411 et
993 4357 1096 4410 lubrica
1113 4357 1229 4409 uallium.
1256 4358 1320 4408 '1¹ac.
1341 4359 1375 4405 ili
1395 4373 1456 4406 ann.

237 4427 272 4482 54
286 4445 338 4496 per
356 4430 458 4482 incula
475 4431 566 4486 muris.
591 4434 622 4483 el.
643 4435 776 4484 Bulticbcr
795 4435 846 4483 lox.
865 4433 930 4482 Tac.
948 4449 975 4494 p.
994 4426 1037 4481 35.
1066 4431 1123 4480 val.
1143 4430 1168 4484 1,
1195 4426 1210 4476 7
1233 4430 1285 4477 ext.
1310 4423 1327 4475 4
1352 4425 1457 4491 Olympi

238 4502 332 4554 moade
356 4501 434 4554 cultu
476 4505 562 4570 Atque
587 4505 667 4554 olima
693 4505 864 4572 singulariter
888 4504 1018 4553 adiectiuo
1043 4515 1108 4550 usus
1133 4501 1175 4548 est
1199 4497 1264 4547 Sall.
1284 4499 1339 4564 lug.
1365 4492 1407 4553 48,
1430 4492 1456 4555 4,

236 4571 307 4626 bumt'
331 4571 409 4624 arido
432 4579 508 4642 atque
532 4589 650 4628 arataeo.
688 4577 752 4626 ilem
776 4577 878 4639 ipsam,
898 4591 915 4624 a
934 4574 1043 4633 reliquis
1063 4569 1237 4632 scriptoribus
1256 4568 1361 4616 silentio
1380 4581 1457 4628 pree·

236 4647 406 4713 teretissant,
432 4649 550 4697 secundo
574 4647 673 4698 Punico
693 4649 763 4698 bello
787 4647 920 4696 accidisse
944 4644 1085 4708 sequentia
1108 4640 1305 4696 demonstrant,
1331 4633 1457 4689 Eiusdem

237 4714 362 4785 temporie
378 4721 404 4769 et
422 4721 498 4770 uotae
515 4715 596 4770 miles.
