3409 5400
1374 524 1418 594 tt

186 684 269 748 noni
294 683 436 760 saeculi,
468 706 532 771 quo
562 696 707 770 tempore
732 687 872 770 scriptus
897 696 947 748 est
970 687 1217 771 antiquissimus
1242 689 1297 773 qui
1318 685 1418 751 hodie

186 803 277 858 extat
292 791 388 856 liber
405 793 495 860 ,olim
523 791 612 856 Petri
640 791 809 868 Danielis,
844 814 930 856 nunc
964 794 998 856 in
1033 793 1231 857 bibliotheca
1258 791 1419 858 Beruensi

186 909 394 964 asseruatus.
439 899 526 964 Nam
551 899 591 962 dc
615 900 680 964 alio
706 899 818 964 codice
849 900 918 963 iam
940 921 1006 962 non
1030 901 1221 985 superstite,
1254 902 1309 986 qui
1338 900 1418 964 Ber·

186 1027 330 1072 nensem
352 1004 443 1070 haud
464 1007 510 1070 ita
532 1005 685 1080 multum,
716 1017 751 1068 ut
782 1006 935 1079 arbitror,
966 1008 1169 1090 praecedens
1201 1018 1233 1070 ct
1261 1005 1358 1070 huius
1389 1018 1420 1070 et

186 1116 337 1180 omnium
360 1114 601 1199 insequentium
626 1113 808 1177 communis
832 1112 907 1176 fons
933 1114 1083 1187 extiterit,
1107 1114 1195 1177 infra
1217 1113 1422 1200 docebimus.

277 1219 390 1286 Medio
425 1231 534 1284 autem
569 1220 657 1306 quod
690 1230 812 1284 uocant
841 1241 924 1283 aeuo
958 1231 1087 1305 praeter
1117 1221 1287 1285 Ciceronis
1317 1219 1418 1285 libros

185 1326 435 1417 philosophiam
467 1327 669 1392 continentes
691 1328 747 1390 uix
770 1326 853 1390 alius
878 1350 919 1390 ex
938 1328 1080 1413 antiquis
1111 1350 1232 1413 prosae
1261 1328 1418 1392 orationis

186 1434 377 1502 auctoribus
401 1435 602 1520 frequentius
627 1442 658 1496 et
681 1434 830 1519 cupidius
853 1432 957 1498 lectus
981 1455 1056 1497 esse
1079 1434 1206 1498 uidetur
1237 1456 1335 1522 quam
1364 1433 1418 1497 hic

186 1545 345 1628 scriptor,
364 1543 419 1628 qui
441 1564 509 1606 non
531 1543 641 1607 minus
665 1542 773 1626 operis
792 1553 992 1633 xargtunento
1017 1551 1049 1603 et
1062 1543 1210 1615 materia,
1235 1563 1308 1606 cum
1331 1542 1419 1605 sacta

187 1651 343 1734 dictaque
377 1650 412 1712 in
447 1658 515 1712 tota
547 1647 686 1714 historia
719 1650 861 1714 maxime
899 1660 1082 1712 memoratu
1116 1647 1218 1735 digna
1252 1659 1419 1734 tamquam

186 1775 318 1822 morum
342 1753 456 1818 doctor
479 1755 620 1819 breuiter
644 1766 870 1842 componeret,
902 1777 1000 1842 qnam
1024 1755 1199 1819 enarrandi
1222 1756 1347 1819 ratione
1369 1755 1418 1816 ni·

187 1861 292 1926 tidula
307 1873 406 1947 atque
423 1873 540 1948 arguta
552 1862 704 1928 adniixtis
717 1863 826 1928 multis
843 1863 1077 1927 sententiarum
1091 1861 1267 1926 luminibus
1279 1882 1418 1948 magno·

187 1990 266 2056 pere
299 1991 337 2032 se
371 1967 612 2032 commendauit
641 1979 672 2031 et
702 1970 736 2032 in
765 1968 935 2033 hominum
968 1970 1096 2033 animos
1124 1969 1319 2042 insinuauit,
1351 1988 1418 2030 non

186 2073 425 2140 recentioribus
448 2074 547 2137 modo
573 2073 787 2159 temporibuS‚
816 2096 928 2138 uerum
952 2075 1009 2140 diu
1030 2076 1097 2139 iam
1127 2087 1201 2140 ante
1224 2084 1340 2138 renata
1361 2094 1419 2157 per

185 2180 317 2246 Italiam
328 2179 505 2244 litterartuu
529 2180 648 2244 studia.
679 2179 900 2266 Multiplicatis
924 2183 1022 2268 igitur
1045 2193 1076 2244 et
1100 2181 1277 2267 diuulgatis
1301 2180 1420 2244 iudea

187 2287 326 2353 saeculo
350 2285 477 2350 dechno
500 2287 700 2351 membranis
724 2289 864 2373 primus,
896 2298 1050 2372 quantum
1082 2287 1234 2373 equidem
1256 2286 1418 2371 indagare

187 2397 294 2482 potui,
328 2392 455 2458 Valerii
485 2395 684 2458 mentionem
717 2394 793 2456 fecit
823 2392 992 2456 Fulbertus
1030 2393 1246 2457 cancellarius
1275 2391 1419 2464 Roberti,

187 2502 392 2566 Francorum
415 2501 517 2586 regis,
542 2499 598 2562 filii
621 2498 772 2586 Hugonis
799 2499 915 2585 Capet,
943 2509 1061 2584 postea
1088 2499 1263 2584 episcopus
1294 2497 1418 2562 Garno-
1482 2523 1487 2529 ·

188 2610 304 2682 tensis,
330 2603 385 2692 qui
411 2605 554 2670 decessit
569 2629 599 2671 a.
619 2606 704 2670 1027
727 2605 790 2680 uel,
813 2619 848 2670 ut
863 2605 918 2671 alii
939 2604 1059 2679 uolunt,
1086 2605 1181 2670 1031.
1227 2603 1260 2668 Is
1276 2604 1417 2667 monitus

189 2741 211 2781 a
231 2736 313 2802 rege
337 2713 481 2777 Robcrto
505 2723 540 2777 ut
561 2714 738 2798 inquireret
761 2713 801 2777 ‘si
825 2735 891 2800 qua
912 2712 1052 2777 historia
1074 2714 1270 2797 sanguinem
1293 2711 1417 2797 pluisse

187 2820 344 2893 referrct',
367 2820 544 2906 respondet
561 2842 612 2905 ep.
630 2820 671 2885 95
685 2825 709 2901 ¹)
726 2843 763 2885 se
776 2820 916 2894 Liuium,
939 2818 1120 2892 Valerium,
1145 2816 1310 2893 Orosium,
1334 2817 1417 2881 alios

186 2928 288 2992 huius
311 2928 360 2989 rei
383 2925 540 2991 relatores
564 2928 758 3001 inuenisse,
783 2938 814 2989 et
841 2928 876 2990 in
904 2928 1044 3011 epistula
1074 2928 1282 3013 praecedenti
1306 2929 1350 3009 (p.
1375 2924 1417 2988 87

187 3034 241 3099 ed.
273 3033 396 3111 Paris.)
436 3032 588 3119 prodigia
625 3033 786 3118 quaedam
817 3050 835 3093 e
865 3030 990 3097 Valerii
1019 3036 1124 3119 primo
1155 3029 1417 3099 memorabilium

186 3140 284 3215 libro,
308 3138 460 3225 capitulo,
484 3148 518 3201 ut
541 3139 595 3209 ait,
621 3150 735 3224 quarto
760 3139 959 3224 desumpsit,
990 3161 1073 3224 qnae
1102 3162 1188 3205 nunc
1218 3139 1370 3226 leguntur
1392 3132 1417 3208 l,

187 3248 220 3319 6.
253 3247 287 3311 5.
339 3244 434 3325 Quae
463 3246 605 3330 capitum
637 3244 860 3329 discrepantia
886 3266 954 3308 non
984 3258 1034 3308 est
1061 3248 1208 3331 profecta
1239 3266 1278 3309 cx
1309 3262 1417 3307 errore

186 3352 344 3425 Fulberti,
367 3372 442 3415 cum
464 3353 500 3415 in
522 3350 635 3414 codice
652 3374 712 3415 suo
737 3350 905 3436 deperdita
920 3352 987 3415 iam
1003 3373 1128 3438 magna
1144 3354 1215 3416 eius
1230 3350 1305 3415 libri
1326 3361 1418 3435 parte

188 3457 354 3543 eaputde
371 3456 538 3543 ¹prodigiis
561 3478 679 3520 reuera
701 3468 850 3543 quartum
867 3457 979 3531 fiterit3
1004 3457 1063 3520 scd
1086 3460 1120 3522 in
1138 3480 1176 3521 co
1201 3458 1282 3521 mire
1305 3456 1418 3538 lapsus

189 3575 251 3637 est,
278 3562 365 3649 quod
388 3560 526 3628 Valerio
549 3564 623 3627 Rufi
647 3584 832 3649 cognomen
856 3563 974 3636 tribuit,
998 3584 1065 3626 non
1088 3563 1233 3626 Maximi.

279 3666 412 3733 Abhinc
434 3670 543 3755 magis
568 3670 673 3733 indies
697 3668 925 3755 percrebuisse
951 3667 1070 3731 horum
1090 3668 1246 3732 librorum
1274 3666 1418 3729 notitiam

196 3798 264 3841 non
289 3786 358 3840 tam
382 3774 531 3839 codicum
546 3777 841 3862 manuscriptorum
857 3776 1041 3860 ircqtrcntia
1063 3774 1172 3838 exilia
1196 3784 1300 3837 aetate
1323 3772 1420 3837 nobis

188 3882 388 3954 relictorum,
412 3903 490 3945 nam
513 3883 669 3966 perpauci
692 3892 816 3947 tnnttun
840 3902 953 3945 eorum
976 3880 1021 3946 ad
1044 3903 1133 3946 saec.
1156 3880 1221 3944 XII
1242 3891 1420 3954 recurrunt,

189 4010 291 4075 quam
307 3986 424 4050 crebra
440 3986 625 4073 aequalium
641 3990 834 4075 scriptorum
850 3988 1040 4052 testimonia
1056 3988 1232 4054 declarant.
1278 3987 1419 4053 loannes

191 4092 471 4168 Saresberiensis
497 4093 552 4179 qui
574 4094 707 4158 saeculo
731 4097 798 4159 sere
821 4107 897 4181 post
912 4095 1097 4160 Fulbertum
1122 4095 1261 4160 cundem
1286 4094 1422 4159 obtinuit

191 4202 431 4287 episcopatum,
453 4200 615 4265 interdum
637 4203 673 4265 in
690 4202 836 4287 epistulis
862 4202 916 4283 (cf.
941 4224 992 4287 cp.
1012 4201 1075 4267 172
1097 4202 1131 4265 in
1146 4223 1259 4291 magn.
1274 4199 1421 4267 biblioth.

189 4320 321 4393 patrum
347 4306 398 4369 ed.
422 4304 528 4393 bugd.
552 4329 584 4391 p.
608 4307 701 4386 469.)
753 4306 880 4371 Valerii
901 4310 1100 4372 mentionem
1123 4309 1209 4381 iecit,
1237 4310 1299 4373 sed
1320 4308 1420 4372 multo

191 4414 329 4499 saepius
365 4414 400 4477 in
433 4412 535 4489 libre,
575 4414 630 4499 qui
664 4414 848 4477 inscribitur
882 4413 1097 4478 Policraticus
1132 4416 1203 4479 siue
1238 4415 1279 4478 de
1320 4414 1418 4499 nugis

257 4610 286 4675 ι)
303 4611 336 4661 D.
356 4609 481 4669 rutberti,
502 4612 674 4661 Car-nolensis
693 4612 812 4675 episcopi
831 4611 1022 4677 antiquissimi,
1048 4626 1132 4676 opera
1149 4613 1226 4661 naria
1244 4610 1284 4659 ed.
1303 4620 1353 4671 per
1370 4608 1420 4657 Ca·

190 4683 341 4807 iplupnvplp
352 4682 468 4734 villiers.
505 4682 591 4733 Pus.
614 4677 689 4735 itte.
720 4698 747 4747 p·
759 4678 795 4735 99
813 4684 840 4733 ei
857 4684 884 4735 in
902 4698 1005 4749 magna
1021 4684 1142 4735 biblioth.
1154 4686 1259 4747 patrum
1278 4680 1320 4730 ed.
1332 4680 1421 4747 Lugd.
