3409 5400
336 472 380 542 00

334 656 443 744 pidius
468 658 520 731 sit,
544 658 636 722 cuius
661 664 769 722 extant
797 653 945 722 tristicha
973 657 1137 744 quaedam
1165 667 1198 722 et
1221 661 1331 725 maius
1359 681 1489 726 cumen
1510 662 1543 725 de

337 763 457 829 Christi
476 761 553 830 Iesu
574 763 754 840 beneficiis,
778 763 867 830 edita
889 764 1029 850 primum
1054 764 1230 853 aGeorgio
1242 765 1394 833 Fabricio
1409 769 1442 831 in
1460 767 1543 832 libro.

337 873 392 959 qui
414 871 599 936 inscribitur
624 875 790 937 Poetarum
812 879 950 936 aearum
972 873 1254 938 ecclesiasticorum
1273 895 1369 958 opera
1385 876 1543 940 obviatione

334 985 364 1042 et
386 998 513 1061 operum
535 983 693 1063 reliquiae,
707 987 797 1063 utque
809 979 994 1063 frupmeuta
1016 983 1072 1043 etc.
1094 981 1195 1043 Baeti
1219 1003 1251 1066 p.
1278 982 1357 1056 754,
1386 993 1417 1045 et
1439 982 1543 1046 deinde

333 1086 470 1173 repetita
492 1087 526 1150 in
548 1086 746 1151 bibliotheca
772 1107 886 1173 magu.
914 1097 997 1171 patr.
1032 1085 1139 1151 Paris.
1165 1087 1261 1152 1644.
1292 1086 1328 1152 Τ.
1359 1086 1436 1152 VIII
1462 1098 1493 1151 et
1518 1090 1543 1152 ir

331 1195 409 1260 bibl.
438 1194 592 1258 maxima.
622 1205 704 1280 patr.
735 1192 843 1281 Lugd.
875 1192 969 1258 1677.
1013 1191 1049 1257 Τ.
1080 1191 1138 1258 IX.
1184 1194 1347 1261 Tristicha
1380 1195 1437 1260 illa
1468 1200 1543 1280 apur'

335 1304 456 1388 Georg.
479 1299 664 1366 Fabricium
686 1300 813 1365 titulum
835 1321 914 1387 prae
938 1321 975 1364 se
998 1300 1105 1364 ferunt
1136 1302 1262 1366 Raetici
1284 1303 1433 1386 Hesperia,
1461 1303 1496 1365 V.
1522 1303 1543 1365 C

334 1410 526 1483 macaris,
549 1409 776 1490 eeqrtucstoria
804 1409 939 1472 historia
960 1409 1132 1473 testamenti
1154 1411 1270 1472 aetem
1292 1412 1426 1474 ctuosi.
1470 1409 1543 1474 Gon·

335 1518 421 1604 gruit
442 1517 541 1603 igitur
565 1525 699 1603 utroque
721 1516 794 1580 loco
818 1513 958 1579 Rusticii
981 1535 1112 1589 nomen,
1136 1517 1287 1602 congruit
1308 1537 1428 1581 nomen
1445 1514 1540 1602 Helpi

335 1623 390 1698 dii,
414 1634 599 1709 congruunt
622 1623 790 1709 dignitatis
813 1632 912 1686 notae
935 1619 978 1685 V.
998 1622 1034 1684 C.
1079 1621 1149 1686 Sed
1172 1625 1308 1709 grauius
1331 1635 1543 1712 argumentur

335 1752 354 1794 e
382 1729 479 1796 docta
507 1731 694 1794 coniectura
721 1729 864 1794 Fabricii
891 1738 924 1790 et
951 1728 1120 1792 Sirmondi
1148 1731 1200 1808 (in
1228 1733 1314 1796 notis
1344 1731 1388 1795 ad
1415 1729 1543 1795 Ennodi

335 1837 482 1923 episcopi
499 1835 682 1900 Ticinensis
706 1833 863 1921 epistulas
875 1832 964 1909 VIII,
987 1835 1008 1900 8
1026 1857 1056 1920 p.
1074 1835 1131 1915 30)
1152 1839 1316 1922 repetitur.
1361 1835 1448 1901 Nam
1471 1858 1543 1923 quot

333 1943 380 2008 ilii
401 1943 469 2007 iam
491 1943 561 2006 ueri
584 1961 742 2029 perquam
766 1942 913 2006 similiter
935 1943 1095 2028 suspicati
1119 1954 1212 2018 sunt,
1236 1941 1352 2010 horum
1378 1945 1543 2009 carminun

301 2033 305 2040 ⁵
336 2057 502 2113 auctorem
526 2048 664 2113 eundern
694 2069 768 2112 esse
796 2047 983 2134 Helpidium
1012 2048 1197 2125 diaconum,
1226 2049 1270 2114 ad
1293 2071 1389 2138 quem
1412 2050 1490 2115 data
1517 2053 1543 2114 si

335 2153 527 2222 Theoderici
543 2153 659 2241 Magni
681 2156 770 2242 regis
795 2153 935 2241 epistula
957 2155 1046 2241 apud
1059 2156 1295 2221 Cassiodorum
1318 2156 1378 2221 1111
1400 2155 1498 2223 Varr.
1515 2158 1543 2222 2⁴

334 2261 433 2327 etad
456 2281 552 2349 quem
576 2261 700 2348 aliquot
721 2262 804 2326 inter
826 2261 969 2326 Ennodii
993 2262 1150 2349 epistulas
1178 2264 1376 2349 pertineant,
1404 2265 1482 2328 item
1510 2265 1543 2327 in

335 2373 477 2458 scriptae
499 2366 650 2456 Helpidio
674 2368 815 2434 diacono
828 2375 868 2450 ¹),
893 2391 990 2457 quem
1013 2369 1153 2456 denique
1180 2370 1343 2436 medicum
1367 2369 1543 2435 Theoderir

334 2479 424 2566 regis
447 2478 551 2542 fuisse
564 2489 692 2542 constat
716 2475 915 2564 eProcop.I
938 2476 979 2540 de
1001 2476 1087 2540 bello
1107 2474 1244 2541 Gothico
1255 2482 1279 2558 ²)
1306 2478 1335 2542 1.
1356 2498 1388 2562 p.
1410 2478 1486 2542 311.
1507 2477 1539 2540 A

335 2585 365 2648 ci
388 2605 473 2648 nunc
498 2583 631 2671 quidem
654 2584 830 2648 accedente
852 2585 1092 2670 subscriptione
1120 2581 1245 2648 codicis
1269 2582 1427 2651 Vaticani·
1452 2585 1543 2648 omni

335 2688 492 2757 dubitatio
516 2691 680 2766 eximitur,
709 2713 783 2756 cum
807 2690 942 2778 egregie
972 2712 1108 2777 prorsus
1138 2712 1213 2756 cum
1240 2689 1304 2757 hoc
1332 2692 1403 2757 eius
1425 2712 1543 2758 muner

334 2798 368 2864 in
382 2794 576 2862 Theoderici
587 2796 664 2863 aula
675 2801 850 2865 conueniat
871 2798 975 2872 IocuS,
999 2819 1063 2885 quo
1078 2798 1169 2864 illam
1181 2800 1345 2885 epitomen
1362 2798 1542 2863 emendass

335 2916 365 2969 et
388 2904 608 2991 descripsisse
631 2926 668 2973 se
691 2915 838 2971 testatur.
882 2905 1014 2971 Etenim
1035 2904 1231 2970 Rauennam
1254 2904 1448 2971 Theoderici
1471 2908 1543 2993 regi

335 3012 447 3078 sedern
472 3012 576 3077 fuisse
599 3023 711 3076 notum
735 3023 794 3077 est.
830 3044 833 3055 =

424 3118 537 3207 Itaque
566 3116 697 3184 Paridis
727 3122 867 3206 epitome
897 3118 1062 3207 descripta
1096 3130 1147 3185 est
1178 3142 1200 3185 a
1231 3119 1379 3185 Rusticio
1407 3118 1543 3205 Helpidi

336 3227 425 3291 circa
448 3248 478 3291 a.
503 3226 578 3291 500.
624 3226 808 3292 Rusticium
832 3237 939 3291 autem
969 3250 1043 3293 cum
1071 3229 1261 3293 necessario
1291 3227 1392 3291 Titius
1421 3226 1543 3291 Probus

335 3332 422 3398 bunc
444 3331 545 3399 Iulius
568 3332 664 3398 Paris
678 3336 917 3421 praecesserit,
941 3334 1043 3399 altera
1065 3355 1105 3399 ex
1126 3345 1219 3421 parte
1241 3335 1409 3399 definitum
1431 3344 1543 3420 tempu

334 3452 369 3505 ut
381 3440 553 3507 artioribus
567 3440 685 3505 finibus
699 3440 993 3515 circumscribatur,
1016 3441 1246 3528 confugiamus
1260 3452 1385 3528 oportet
1397 3440 1441 3505 ad
1452 3441 1543 3526 ipsur

335 3571 428 3635 opus.
474 3546 562 3615 Nam
586 3550 659 3636 quis
682 3548 778 3614 fixerit
796 3570 902 3637 quoue
918 3559 1064 3635 tempore
1087 3549 1203 3614 uixerit
1219 3547 1317 3612 Paris
1342 3559 1397 3612 aut
1412 3548 1543 3612 Liciniu

336 3656 509 3741 Cyriacus,
537 3658 572 3720 in
601 3657 693 3722 cuius
721 3678 819 3723 usum
841 3654 895 3720 ille
923 3652 1122 3721 Valerianos
1150 3656 1252 3722 libros
1281 3656 1459 3741 excerpsit,
1487 3677 1542 3720 ⁴no

334 3761 443 3825 minus
467 3763 501 3825 in
524 3762 622 3827 dubio
645 3776 794 3830 uersatur
818 3785 917 3851 quam
941 3762 1087 3850 quaeda
1111 3763 1194 3828 Titio
1209 3761 1318 3826 Probo
1343 3761 1543 3826 exisdmand

336 3866 410 3931 sint.
456 3866 570 3955 Neque
598 3890 676 3933 uero
706 3872 804 3937 etiam
833 3892 855 3937 a
881 3871 1138 3957 perscrutatione
1165 3868 1299 3957 linguae
1333 3880 1365 3932 et
1396 3867 1543 3933 sermoni

406 4168 427 4235 ¹)
445 4169 502 4227 VII,
522 4165 546 4221 7.
584 4169 651 4229 VIII,
670 4168 695 4223 8.
730 4173 777 4232 IX,
799 4170 840 4225 lt.
876 4174 923 4232 IX,
942 4169 986 4226 21.
1023 4174 1061 4225 Gi
1081 4187 1150 4240 quae
1169 4176 1203 4225 de
1220 4173 1329 4225 Rustico
1346 4172 1482 4238 Helpidio,
1501 4186 1543 4221 na

336 4246 376 4299 sic
394 4242 532 4307 hucusque
550 4256 694 4307 perperam
713 4245 913 4309 appellabatur,
934 4246 1060 4297 disseruit
1077 4247 1192 4295 Bahn'us
1216 4246 1271 4309 (dic
1295 4245 1396 4295 christi.
1417 4244 1523 4293 dichter

336 4316 431 4386 geach.
451 4311 566 4363 schreib.
584 4314 675 4365 Rom's
694 4331 720 4380 p.
740 4310 782 4367 00.
819 4316 940 4383 Apparet
957 4319 1069 4385 genitiui
1086 4317 1188 4367 Rustici
1205 4316 1419 4366 terminationem
1436 4316 1466 4363 in
1484 4316 1543 4362 trist

338 4390 447 4440 chorum
465 4384 637 4447 Inscriptione
656 4388 752 4437 eodem
769 4390 849 4439 modo
868 4389 940 4439 uiros
960 4390 1053 4439 doctos
1070 4390 1210 4439 induxisse
1229 4389 1257 4437 ut
1273 4388 1411 4437 Rusticum
1432 4400 1543 4449 ponere

336 4477 385 4526 pro
404 4454 530 4513 Bustieio,
551 4470 629 4520 quem
648 4458 682 4507 ad
701 4461 809 4509 modum
827 4459 925 4509 Titium
943 4461 1019 4509 multi
1036 4461 1145 4523 propter
1162 4458 1277 4523 simplex
1295 4459 1405 4525 genitiui
1423 4456 1436 4505 I
1454 4457 1483 4505 in
1503 4458 1543 4504 sui

338 4531 482 4595 scriptione
495 4526 583 4576 Tiium
601 4532 737 4581 uocarunt.
774 4530 828 4581 Sed
847 4546 881 4581 ne
901 4533 960 4596 quis
973 4530 1074 4581 dubitet
1086 4531 1119 4580 de
1132 4531 1252 4579 codicum
1266 4530 1406 4594 scriptura,
1426 4528 1543 4578 Rusticir

339 4603 446 4666 quidam
464 4598 668 4663 Selymbrianus
688 4603 801 4651 occurrit
818 4604 845 4652 in
863 4604 943 4652 Inscr.
962 4618 1006 4666 ap.
1026 4602 1099 4650 Grut.
1117 4617 1143 4665 p.
1164 4596 1233 4652 10⁰3
1252 4617 1275 4650 n.
1294 4597 1319 4651 4.

406 4670 429 4735 ²)
449 4666 528 4722 Matri
547 4670 575 4721 til
593 4662 695 4721 ἅπαντα
713 4676 738 4730 rc
750 4670 889 4725 ‘Elntdser
912 4668 960 4724 'rtis
979 4670 1071 4742 tarpeis
1088 4666 1122 4721 'cd
1141 4670 1302 4736 ξυμπεσόντα
1319 4669 1456 4737 ἑξενεγκῶι
1474 4666 1525 4730 τὴν

339 4738 486 4812 Σύμμαχὸν
503 4758 530 4792 τι
549 4741 594 4793 sal
612 4742 726 4793 soom
743 4738 884 4813 ἁμαρτάδα
902 4744 1010 4796 lenter.
1047 4742 1085 4793 ci
1104 4743 1207 4793 Ennod.
1225 4756 1268 4807 ep.
1286 4740 1333 4804 IX,
1352 4736 1396 4793 21.
1415 4740 1464 4800 xl,
1487 4734 1531 4790 itt.
