3409 5400
1390 532 1432 597 33

206 675 363 764 Gobryae
386 697 549 765 personas
571 679 627 756 III,
651 681 681 756 2,
706 691 767 746 ext.
792 681 823 748 2.
875 683 932 749 1111
963 686 1049 751 enim
1079 685 1243 773 Gobryasr,
1273 691 1436 774 praeclari

206 786 319 870 operis
344 788 466 862 sucina,
490 789 685 852 fortitudinis
715 792 884 876 specimen
916 793 1002 880 quod
1032 793 1078 858 ibi
1108 807 1294 860 recensetur
1325 798 1435 874 edidit,

207 914 277 956 non
299 894 371 978 ipse
394 892 535 960 Dareus.
587 893 667 970 VII,
699 897 738 972 2,
771 909 831 963 ext.
858 902 876 962 7
900 901 1013 964 nescio
1039 922 1102 986 quo
1132 923 1240 966 errore
1263 905 1436 970 1111111111

206 1001 369 1066 Periclem
393 1003 503 1087 posuit
525 1002 785 1091 pro'Aeschylo.
812 1061 816 1068 .
839 1004 888 1081 V,
920 1007 939 1071 t
972 1019 1033 1070 ext.
1063 1009 1082 1072 5
1113 1009 1299 1094 Stagiram,
1336 1033 1436 1098 quam

207 1107 381 1195 Philippus
406 1111 528 1184 euertit,
554 1131 704 1176 euersam
726 1112 793 1177 uult
817 1113 859 1177 ab
881 1112 1080 1178 Alexandro.
1104 1150 1148 1160 —
1169 1114 1227 1189 IX,
1253 1119 1304 1192 11,
1329 1129 1390 1182 ext.
1415 1118 1435 1182 2

208 1215 297 1302 quod
322 1216 378 1281 alii
401 1227 487 1280 recte
511 1213 677 1284 Pharnaci
700 1219 857 1294 tribuunt,
885 1219 1082 1284 Mithridatis
1107 1221 1190 1296 lilio,
1213 1220 1367 1287 Valerius
1392 1223 1436 1288 ad

207 1322 431 1388 Mithridatem
460 1335 585 1410 patrem
614 1327 720 1390 refert.
766 1325 950 1412 Disputatio
963 1326 1028 1402 illa,
1052 1339 1247 1415 antequam
1269 1328 1435 1394 helleboro

208 1451 245 1494 sc
270 1452 434 1519 purgasse
457 1432 556 1495 fertur
581 1432 769 1498 Carneades
801 1429 894 1507 VIII,
925 1436 961 1508 1,
992 1445 1055 1498 ext.
1086 1435 1124 1509 5,
1155 1456 1222 1498 non
1253 1448 1323 1500 erat
1351 1437 1436 1499 inter

209 1537 417 1603 Carneadem
449 1549 480 1602 ct
509 1537 728 1625 Chrysippum
760 1539 819 1603 sed
852 1541 936 1603 inter
966 1541 1170 1604 Carneadem
1199 1551 1230 1603 et
1259 1541 1435 1606 Zenonem.

207 1643 338 1708 Eodem
361 1645 466 1730 capite
491 1654 520 1720 s.
540 1647 580 1709 ll
604 1644 701 1710 huius
719 1645 895 1732 Chrysippi
911 1646 1089 1733 discipulus
1104 1657 1233 1733 putatur
1250 1646 1435 1723 Cleanthes,

210 1773 311 1838 quem
334 1752 432 1814 ceteri
457 1753 526 1816 eius
551 1765 797 1839 praeceptorem
819 1754 924 1817 fuisse
947 1753 1158 1817 tradiderunt.

300 1857 407 1922 Omisi
418 1859 453 1921 11
468 1856 531 1922 hac
548 1872 727 1924 erratorum
745 1862 989 1925 enumeratione
1006 1861 1238 1945 copiosissima
1248 1881 1309 1924 nec
1325 1871 1437 1924 tamen

209 1965 294 2028 adeo
319 1964 417 2050 plena
437 1975 473 2028 ut
503 1987 570 2029 non
600 1966 702 2031 multa
731 1968 866 2052 insuper
890 1966 968 2032 addi
997 1969 1182 2052 potuissent
1204 1970 1325 2042 omnia,
1350 1987 1435 2054 quae

207 2073 254 2136 111
283 2070 472 2157 discrepant
501 2070 542 2136 ab
567 2073 704 2138 aliorum
729 2076 921 2160 scriptorum
947 2075 1137 2138 auctoritate
1152 2084 1187 2139 ut
1203 2075 1437 2139 dubitationem

208 2177 327 2242 saltem
351 2176 522 2244 admittant
545 2201 631 2245 anne
655 2181 890 2245 dissidentibus
921 2182 989 2244 iam
1018 2182 1101 2244 inter
1132 2203 1170 2244 se
1196 2183 1338 2267 antiquis
1362 2181 1434 2244 fon-

208 2284 296 2348 tibus
322 2285 377 2370 qui
408 2287 668 2351 contrafaciant
697 2289 804 2372 potius
835 2307 935 2372 quam
964 2289 1036 2372 ipse
1067 2285 1221 2350 Valerius
1253 2308 1274 2349 a
1300 2287 1437 2349 ueritate

209 2389 442 2466 discesserint3
476 2393 554 2456 item
577 2395 699 2466 omnia,
722 2395 756 2456 in
780 2393 897 2480 quibus
929 2394 1063 2477 ancipiti
1091 2391 1248 2455 librorum
1276 2392 1438 2474 sumptura

208 2497 385 2584 ambiguus
415 2495 593 2562 haerebam
623 2510 729 2562 utrum
761 2501 929 2584 scriptoris
968 2497 1175 2563 mendacium
1208 2519 1251 2561 an
1280 2497 1438 2562 mendum

207 2615 386 2668 statuerem
409 2603 636 2669 librariorum·
675 2605 716 2668 Et
745 2606 888 2672 maxime
918 2605 1002 2669 haec
1033 2605 1165 2691 quidem
1193 2603 1357 2669 fluctuatio
1385 2606 1436 2668 in·

208 2712 287 2773 cidit
310 2712 345 2775 iu
367 2712 646 2795 praenomInibuS,
669 2734 754 2797 quae
774 2734 1012 2798 saepenumero
1036 2714 1070 2776 in
1093 2710 1243 2776 omnibus
1268 2711 1434 2776 codicibus

209 2814 388 2881 accedente
410 2820 510 2885 etiam
532 2818 725 2883 Paridensis
749 2820 935 2905 compendii
960 2819 1148 2883 auctoritate
1179 2818 1271 2883 aliter
1295 2831 1391 2906 atque
1415 2842 1436 2884 a

207 2923 343 3010 reliquis
369 2924 556 2989 auctoribus
589 2927 843 3001 constituuntur,
874 2939 909 2989 ut
936 2923 967 3001 I,
999 2927 1037 3000 6,
1070 2924 1089 2989 5
1121 2926 1154 2987 in
1185 2923 1224 2988 P.
1247 2924 1435 2998 Volumnio,

208 3028 248 3104 II,
273 3030 305 3103 4,
331 3032 349 3091 7
372 3032 407 3094 in
429 3030 475 3093 M.
500 3030 633 3106 Fuluio,
661 3030 700 3107 II,
726 3034 756 3107 9,
780 3034 800 3097 8
823 3033 858 3095 11
881 3032 920 3096 P.
943 3032 1041 3095 Furio
1065 3027 1178 3105 Philo,
1208 3030 1277 3105 IIII,
1304 3033 1333 3106 7,
1359 3032 1436 3094 711

208 3134 244 3201 C.
269 3134 394 3210 Laelio,
418 3134 461 3209 V,
488 3138 517 3211 1,
544 3138 561 3201 l
585 3139 619 3202 in
640 3137 679 3203 L.
705 3138 855 3203 Cornelio
879 3137 1050 3224 Scipione,
1079 3134 1122 3210 V,
1147 3137 1178 3212 6,
1204 3139 1222 3200 7
1247 3139 1281 3201 11
1303 3135 1341 3201 L.
1362 3136 1432 3199 Me·

209 3242 295 3315 tello,
319 3240 377 3317 VI,
405 3244 433 3317 l,
460 3244 499 3307 11
523 3245 557 3307 in
582 3244 619 3308 C.
640 3243 805 3319 Laetorio,
829 3243 886 3319 VI,
910 3246 941 3320 2,
966 3246 986 3308 3
1010 3255 1042 3306 11
1063 3239 1121 3317 VI,
1145 3243 1176 3315 5,
1201 3243 1220 3307 t
1244 3244 1279 3306 in
1303 3243 1339 3306 Ο.
1356 3242 1435 3306 Car-

208 3348 306 3421 bone,
331 3360 403 3411 cett.
451 3348 545 3430 Quae
574 3350 796 3437 discrepantia
827 3373 900 3417 1111
923 3350 1013 3415 haud
1038 3372 1114 3413 raro
1143 3348 1188 3413 ad
1216 3347 1436 3435 antiquissimi

208 3454 288 3530 iam,
311 3456 404 3521 cuius
428 3454 583 3543 Indagari
605 3457 697 3531 licet,
722 3457 845 3545 codicis
871 3456 1099 3522 testimonium
1114 3454 1228 3517 reduci
1249 3455 1372 3539 possit,
1401 3454 1437 3514 in

209 3573 363 3648 promptu
386 3573 436 3626 est
459 3562 604 3647 suspicio
619 3561 789 3629 Valerium
811 3546 845 3633 iii
861 3565 914 3629 his
939 3558 1067 3651 qnoque
1090 3558 1253 3645 ponendis
1276 3556 1439 3622 interdum

211 3666 421 3737 dormitasse.
475 3668 587 3749 Quare
617 3671 649 3735 ei
680 3670 811 3757 quando
841 3692 1043 3757 praenomen
1073 3668 1218 3733 omnium
1253 3674 1439 3729 nostrorum

209 3775 363 3843 codicum
387 3796 552 3841 consensu
577 3776 753 3843 stabihtum
777 3776 1008 3852 animaduerti,
1033 3775 1162 3839 etiamsi
1185 3783 1296 3859 aperte
1318 3770 1438 3835 falsum

208 3880 376 3957 sciebam,
417 3894 526 3947 tamen
559 3906 581 3947 a
614 3883 734 3949 tradita
767 3886 930 3969 scriptura
956 3905 1022 3946 non
1046 3880 1282 3946 discedendum
1315 3880 1436 3965 putaui.

209 3987 337 4055 Veram
361 3989 612 4076 appellationem
635 3990 670 4053 iu
694 3992 936 4069 commentariis
961 3988 1102 4053 exhibui,

300 4094 412 4161 Vnum
437 4107 543 4161 autem
568 4116 647 4181 prae
672 4098 789 4161 ceteris
812 4097 877 4163 hac
895 4109 1105 4183 pcccatorum
1126 4096 1319 4159 recensione
1342 4114 1437 4181 prae·

209 4202 398 4269 cauendum}
426 4200 509 4267 mihi
534 4202 723 4277 uidebatur,
754 4226 812 4279 ne,
849 4204 955 4268 sicubi
971 4204 1016 4270 Ι11
1046 4201 1146 4266 dubia
1174 4201 1335 4288 scriptura
1362 4222 1437 4287 pro·

208 4310 375 4375 habilibus
418 4309 599 4375 rationibus
636 4322 744 4375 motus
782 4330 925 4375 errorem
961 4306 1088 4373 Valerii
1125 4327 1224 4393 quam
1265 4306 1438 4371 lectionem

208 4416 370 4481 historiae
396 4416 527 4501 quidem
549 4436 616 4481 non
647 4400 888 4504 repugnantem
916 4414 977 4479 sed
1007 4414 1091 4479 alias
1122 4412 1164 4478 ob
1195 4434 1315 4477 causas
1347 4431 1437 4495 sper-

208 4522 357 4587 nendam
388 4524 533 4609 recipere
569 4522 759 4597 maluerim,
794 4523 910 4609 religio
945 4519 1027 4586 mihi
1061 4521 1234 4584 iniceretnr
1271 4531 1439 4601 tamquam

208 4632 306 4695 nanis
345 4627 589 4715 suspicionibus
620 4629 836 4695 detrectatum
865 4630 928 4693 uiri
957 4627 1193 4692 auctoritatem.
1243 4621 1321 4707 Ipsa
1351 4621 1439 4685 enim

209 4756 360 4827 errorum
381 4732 582 4807 incredibilis
605 4736 674 4803 fere
697 4736 866 4804 multitudo
890 4734 1010 4822 ubique
1037 4729 1229 4898 suspicaudgi
1250 4749 1318 4797 non
1339 4726 1438 4799 modo
