3409 5400
252 461 319 529 sao
528 548 537 558 „
630 448 689 515 nn
712 445 814 515 sins
836 438 1098 511 suevosvn.

252 618 378 685 felicior
399 618 435 683 in
463 615 563 681 domo
594 620 699 679 status
728 611 848 685 suerat,
876 606 967 672 lucro
997 603 1129 669 intentis
1158 602 1246 689 ipsc,
1280 596 1366 665 nihil
1396 593 1522 661 atiud

255 747 353 813 quam
382 722 499 789 umbra
527 732 558 785 et
584 721 696 807 imago
730 714 965 801 suppliciorum
998 731 1148 785 suorum,
1185 708 1368 773 maximum
1411 724 1517 767 esse

255 830 509 897 emolumentum
533 828 622 901 eius,
651 847 673 890 a
700 843 765 910 quo
793 832 861 885 tem
890 818 1034 908 grauiter
1062 816 1194 902 punitus
1224 825 1309 890 erat,
1337 811 1513 878 salutem

255 937 426 1012 iudicauit,
455 952 594 1020 cumque
625 927 755 995 abunde
786 928 871 991 foret
903 926 988 991 iram
1015 924 1193 997 remittere,
1228 920 1349 985 adiecit
1383 918 1510 981 ctiam

257 1046 435 1109 caritatem.
480 1038 550 1103 Nec
572 1036 733 1100 hactenus
756 1032 977 1099 beniuolentia
1000 1028 1171 1116 processit,
1195 1025 1254 1091 sed
1277 1026 1313 1090 in
1335 1046 1379 1090 eo
1406 1036 1541 1089 con-⁵

258 1148 423 1216 seruando
445 1146 530 1209 mira
560 1162 690 1230 quoque
718 1151 892 1205 anteusus
917 1149 976 1205 cst.
1014 1136 1114 1201 'Nam
1142 1144 1176 1197 ut
1205 1131 1311 1199 sensit
1340 1128 1509 1217 cupidos

259 1252 433 1341 sanguinis
461 1248 580 1314 milites
609 1248 838 1333 superuenire,
876 1255 984 1309 amoto
1022 1242 1155 1309 domino
1191 1261 1310 1328 rogum
1344 1237 1509 1303 extruxit

259 1362 353 1446 cique
378 1366 528 1445 egentem
552 1377 572 1420 a
595 1376 632 1419 se
656 1350 920 1437 conprehensum
945 1360 977 1415 et
999 1351 1145 1415 occisum
1162 1368 1275 1413 senem
1293 1344 1505 1430 superiecit.

260 1461 541 1551 Interrogantibus
571 1458 689 1524 deindo
717 1456 871 1522 militibus
901 1457 1035 1522 ubinam
1065 1466 1155 1521 esset
1180 1454 1318 1528 Antius,
1345 1471 1508 1515 menum

260 1590 344 1657 rogo
367 1569 548 1644 intentans,
576 1566 620 1631 ibi
650 1565 740 1629 illum
769 1564 855 1630 datis
885 1563 949 1629 sibi
971 1561 1172 1629 crudelitatis
1195 1558 1335 1647 piaculis
1357 1558 1414 1621 uri
1444 1575 1547 1619 re-rc

262 1674 403 1761 spondit
462 1673 550 1755 Quia
582 1671 773 1737 uerisimilia
805 1669 1014 1757 loquebatur,
1048 1667 1162 1733 habita
1197 1676 1248 1731 cst
1282 1664 1354 1729 uoci
1392 1662 1505 1727 lidos

263 1781 338 1863 Quo
354 1780 464 1845 euenit
484 1788 520 1842 ut
533 1776 650 1845 Antius
668 1776 778 1842 statim
796 1775 1005 1862 quaerendae
1020 1774 1250 1839 incolomitatis
1272 1769 1504 1837 occasionem

264 1885 507 1973 adsequeretur.

266 2130 292 2186 l.
309 2132 397 2183 sistus
418 2133 446 2183 in
469 2134 548 2184 domo
569 2127 632 2185 EF.
648 2130 663 2200 11
677 2133 749 2201 ipsc}
773 2132 837 2190 cdd.
861 2148 920 2185 cum
945 2127 1064 2185 GDEF
1082 2135 1107 2183 st
1130 2142 1200 2183 corr.
1224 2126 1261 2187 A.
1288 2124 1366 2180 Torr.
1383 2124 1399 2195 ΙΙ
1417 2126 1497 2176 aliud

266 2202 357 2271 quam]
377 2204 450 2254 sbud
467 2218 516 2257 om.
529 2217 577 2271 pr.
594 2200 628 2256 A.
646 2204 771 2273 aliudque
788 2202 817 2258 F.
831 2204 844 2274 ΙΙ
862 2201 888 2259 2.
914 2208 989 2257 esset
1011 2200 1035 2254 A
1045 2197 1131 2255 GDF
1145 2206 1171 2253 et
1188 2215 1234 2268 pr.
1256 2197 1285 2251 Ε
1309 2203 1335 2249 et
1352 2202 1416 2249 uste
1433 2213 1497 2249 ms-

264 2276 364 2326 ximum
386 2271 462 2327 Turr.
476 2271 525 2342 113.
544 2271 671 2340 salutem]
691 2274 753 2329 odd
766 2290 843 2327 suam
857 2290 926 2329 corr.
939 2272 971 2326 A.
983 2272 997 2342 ΙΙ
1008 2270 1034 2327 5.
1047 2272 1113 2341 Nec]
1128 2269 1190 2324 odd.
1204 2272 1290 2322 solum
1301 2265 1339 2322 D.
1350 2266 1364 2337 ΙΙ
1375 2270 1497 2319 somnus
1599 2302 1600 2315 .

265 2343 297 2399 A.
309 2343 323 2412 ΙΙ
334 2348 520 2397 conserusndo
538 2346 607 2395 mira
624 2358 674 2395 om.
692 2344 721 2399 F.
733 2347 747 2416 ΙΙ
758 2345 783 2399 6.
802 2349 861 2398 sris
881 2346 958 2412 usus]
980 2358 1108 2397 arcessus
1125 2340 1190 2465 Rp}
1209 2342 1304 2407 cupido
1323 2354 1369 2407 pr.
1394 2337 1426 2391 A
1438 2336 1454 2405 ΙΙ
1469 2335 1495 2390 7.

265 2431 362 2537 requm
380 2412 412 2469 F.
423 2414 436 2483 ΙΙ
448 2412 474 2467 8.
491 2414 597 2481 senem]
617 2421 762 2469 estesse
781 2415 816 2470 Ε.
836 2422 896 2469 uste
914 2419 941 2468 et
959 2417 1077 2468 occisum
1095 2411 1124 2467 F.
1139 2413 1151 2484 ΙΙ
1182 2452 1193 2468 .

1203 2428 1284 2464 msnrr
1301 2413 1329 2462 in
1347 2426 1444 2480 rogum
1457 2407 1495 2463 F.

278 2486 291 2554 ΙΙ
323 2484 345 2539 l.
364 2484 533 2553 loquebatur]
553 2488 692 2539 uidebatur
709 2486 741 2541 F.
753 2486 767 2554 ΙΙ
779 2486 882 2555 habits]
906 2490 971 2538 dcta
987 2484 1015 2539 Ε
1020 2485 1051 2539 F.
1064 2485 1077 2555 ΙΙ
1091 2480 1131 2537 ti.
1150 2489 1249 2537 statum
1267 2480 1299 2535 A.
1318 2479 1330 2551 11
1350 2480 1493 2533 incolumi·

266 2558 331 2607 istis
349 2570 420 2609 corr.
437 2553 461 2608 A
480 2570 538 2608 mm
555 2555 664 2624 reliquis
682 2563 708 2609 et
727 2557 803 2612 Tcrr.
815 2556 829 2626 ΙΙ
840 2559 1002 2610 occisioncm
1016 2570 1062 2625 pr.
1078 2555 1112 2611 A.
1131 2556 1274 2609 occssions
1292 2566 1362 2606 corr.
1379 2550 1414 2605 A.

269 2787 380 2837 *iaceret
398 2787 476 2870 'quod
502 2801 635 2838 summum
657 2790 720 2841 iidei
745 2792 932 2843 documentum
954 2791 1025 2842 iorct
1045 2791 1090 2840 uei
1113 2790 1215 2849 iubis,
1240 2805 1257 2840 a
1281 2788 1377 2854 quibus
1400 2786 1489 2850 pictas

270 2858 406 2920 expectari
424 2859 546 2937 potcrst'.
582 2857 635 2909 Sed
659 2873 695 2911 ns
712 2863 750 2912 iis
773 2864 879 2928 quictem
898 2863 966 2913 satis
991 2863 1117 2912 concinne
1136 2861 1277 2926 sequeniis
1299 2860 1339 2908 sic
1357 2857 1488 2924 adiunge·

270 2930 374 2984 rentur,
397 2925 450 2977 Hit
473 2942 541 2977 mm
563 2942 671 2995 quorsus
685 2929 799 2996 felicior
823 2931 852 2982 s‘s
876 2929 951 2983 ἀοηιο
975 2936 1059 2983 statas
1071 2929 1170 2996 suerat
1186 2935 1236 2983 etc.
1283 2931 1381 2980 Contra
1399 2928 1487 2978 omnis

269 2997 354 3060 plens
370 2999 434 3080 sunt
451 2998 642 3064 aptissimeque
660 3002 817 3063 cobserent,
841 3003 865 3053 si
888 3019 947 3054 cum
966 3003 1103 3053 Perizonio
1126 3002 1268 3067 scripseris
1291 2999 1476 3066 inexpectatae.

270 3066 402 3150 suppletis
421 3068 526 3118 duabus
538 3069 641 3129 litteris,
660 3085 729 3135 quse
741 3088 821 3137 quum
833 3075 986 3136 trequentes
998 3075 1142 3124 exciderint
1157 3076 1221 3138 post
1232 3074 1345 3123 litterum
1358 3084 1383 3120 st
1395 3069 1485 3120 sciunt·

271 3151 316 3204 qur
334 3138 474 3219 aliquanto·
488 3142 639 3219 accuratius
657 3141 829 3206 inspexerunt
848 3147 967 3195 ueterum
987 3145 1145 3208 scriptorum
1159 3145 1265 3194 codices
1278 3140 1470 3204 manuscriptos

343 3221 400 3275 spec
416 3207 485 3260 suet
502 3206 577 3260 osec
594 3225 671 3278 quarn
688 3211 782 3264 umbro
799 3243 834 3254 -
852 3213 992 3266 maclarum
1009 3228 1065 3266 csse
1083 3212 1286 3274 emolumentum)
1313 3213 1377 3264 Cum
1395 3211 1483 3260 srcbe·

272 3283 356 3345 typus
383 3281 468 3330 codex
495 3295 543 3344 pro
565 3281 693 3333 intinitiuo
719 3298 774 3336 csse
796 3288 926 3336 mendose
948 3287 1067 3336 traderet
1094 3290 1176 3340 essct.
1205 3301 1223 3336 s
1251 3287 1399 3336 correctore
1428 3281 1483 3332 iibri

272 3351 420 3400 Bomensis
438 3353 466 3401 et
482 3351 511 3400 in
528 3351 664 3417 plerisque
682 3356 818 3405 codicibus
837 3360 900 3406 suta
918 3353 985 3406 nibil
1002 3353 1077 3406 aliud
1092 3357 1194 3407 inserta
1213 3359 1255 3406 est
1272 3355 1402 3420 particule
1418 3366 1481 3406 css.

274 3423 302 3472 ut
319 3422 432 3504 baberet
448 3422 495 3472 iiis
506 3423 689 3474 coniunctiuus
701 3427 770 3477 unde
783 3429 862 3491 optus
876 3430 958 3478 esset.
995 3427 1168 3478 iisiinoerunt
1178 3427 1249 3477 hsnc
1260 3425 1480 3490 interpolationem

272 3493 355 3570 tectis
372 3493 492 3572 editores
508 3507 595 3558 seque
612 3509 715 3554 omues,
733 3499 834 3547 mutato
853 3499 963 3561 insuper
982 3498 1123 3549 uerborum
1144 3499 1249 3557 ordine,
1275 3499 1344 3547 adeo
1369 3498 1397 3545 ut
1412 3494 1483 3546 fleret

273 3573 341 3627 spu.
360 3575 418 3613 csse
435 3560 510 3644 scial
519 3561 594 3615 uliud
605 3579 682 3632 pesas
692 3564 794 3647 umbra·
803 3572 829 3619 et
845 3565 932 3634 inceps
943 3565 1132 3637 suppliciorum
1143 3582 1248 3620 morum
1261 3571 1334 3626 essct,
1353 3563 1481 3618 mosim

274 3629 467 3718 nsohmeptum
484 3648 541 3685 ειη
558 3663 593 3674 -
610 3635 719 3687 scincus
736 3634 874 3691 tsdsccss‘t.
919 3641 995 3699 Quse
1013 3641 1163 3690 sententies
1185 3640 1290 3706 quidem
1308 3637 1479 3694 satisfaciuntr

273 3705 424 3784 probabilia
441 3705 515 3755 certe
532 3721 585 3755 non
603 3710 674 3759 sunt.
715 3707 781 3757 itini
799 3709 940 3759 lenissime
962 3709 1085 3772 facilique
1108 3711 1216 3761 incentu
1241 3711 1421 3762 emendatiore
1438 3723 1479 3758 su·

274 3776 376 3833 tiquam
395 3773 494 3824 Valerii
512 3776 670 3839 scripturam
689 3779 840 3829 restituisse
859 3780 962 3830 uidetur
976 3781 1146 3832 abbrsuisior
1159 3781 1392 3847 Guelferbytanus,
1409 3794 1478 3842 quem

275 3854 359 3903 snpra
377 3844 485 3926 secutus
504 3858 573 3896 sum.
609 3847 729 3898 Dubitari
752 3849 934 3899 tantummodo
958 3853 1048 3913 potest
1071 3853 1104 3902 dc
1123 3869 1147 3904 u.
1170 3849 1257 3906 abed.
1284 3853 1354 3919 quod
1378 3853 1478 3902 sbests

275 3911 406 3961 Beruensi
427 3913 509 3969 libror
534 3917 584 3966 sed
602 3931 662 3967 cum
680 3919 751 3968 idem
774 3933 879 3968 summo
898 3919 1010 3969 citerius
1028 3921 1147 3974 familiae
1165 3937 1298 3974 consensu
1324 3923 1479 3973 confirmetur

274 3993 362 4045 neque
380 3981 459 4041 ullus,
478 3985 548 4045 quod
568 3988 689 4051 equidem
707 3990 807 4048 scism,
832 3989 968 4040 Valeriani
992 3992 1053 4041 seui
1077 3995 1192 4058 scriptor
1214 3992 1282 4044 nibil
1298 4008 1375 4061 quum
1391 4009 1432 4058 pro
1449 4007 1477 4042 eo

275 4052 408 4134 posuerit,
433 4054 502 4118 quod
521 4055 768 4138 uuigodicebstur
784 4056 852 4110 nuit
873 4057 940 4118 oiri,
964 4062 1093 4124 peculiari
1118 4065 1197 4114 buius
1220 4065 1320 4118 codicis
1344 4063 1478 4128 corruptele

275 4122 340 4173 silui
360 4123 518 4175 uocabulum
534 4125 669 4180 interisse
687 4131 776 4180 credo.

778 4323 990 4342 ἡ
