3409 5400
344 539 385 604 36

346 697 508 783 simplicia
531 706 562 760 et
585 701 766 765 secundum
789 713 941 767 naturam
971 701 1144 765 enunciata
1174 699 1270 786 quasi
1300 701 1449 788 uulgaria
1470 713 1529 787 atqr

345 809 442 872 nimis
467 809 541 872 trita
568 819 762 893 aspernatur
790 808 844 872 hic
876 811 1029 894 scriptor,
1060 808 1236 874 insolentia
1262 811 1451 896 perquirens
1479 832 1529 873 ser

346 938 468 1004 perque
491 914 564 1002 plus
588 916 673 978 iusto
691 917 824 1001 spiritus
849 918 1049 1002 concipiens
1072 916 1194 980 sactum
1211 928 1309 979 estut
1328 927 1360 980 et
1374 917 1409 978 in
1430 916 1529 1002 singu]

345 1023 533 1089 notionibus
557 1033 588 1083 et
617 1023 651 1084 in
676 1024 845 1086 sententiis
876 1022 1095 1107 exprimendis
1125 1024 1289 1108 poeticam
1318 1024 1478 1090 licentiam
1500 1049 1529 1089 nr

345 1131 443 1196 modo
468 1130 648 1192 imitaretur
665 1147 777 1193 uerum
795 1131 892 1194 etiam
910 1130 1208 1216 supergrederetur,
1232 1132 1473 1220 orationemque
1489 1158 1526 1197 co

344 1240 501 1302 formaret
524 1233 607 1297 adeo
630 1231 808 1311 lasciuum,
833 1237 1022 1311 obscuram,
1053 1237 1226 1301 molestam
1256 1250 1290 1301 ut
1318 1239 1455 1304 editores
1477 1241 1529 1305 hat

344 1365 419 1410 raro
444 1363 518 1408 earn
541 1353 708 1424 tamqnam
731 1363 798 1406 non
830 1343 872 1407 ab
900 1345 1033 1429 antiquo
1065 1356 1196 1408 auctore
1226 1346 1406 1430 profectam
1427 1346 1529 1411 librar}

344 1450 569 1538 imputandam
593 1452 824 1516 arbitrarentur
848 1463 878 1514 et
901 1451 1089 1515 coniectura
1102 1453 1212 1539 magis
1229 1455 1474 1518 conuenientem
1491 1477 1529 1517 su

346 1563 514 1625 stituerent
537 1579 634 1646 quarn
666 1582 790 1626 ueram.
842 1556 1055 1643 Singulorum
1084 1570 1193 1622 autem
1220 1560 1394 1625 uerborum
1423 1581 1529 1646 exemp

344 1669 428 1733 haee
452 1679 558 1732 sunta.
613 1665 718 1731 Nemo
750 1665 846 1730 facile
878 1685 998 1749 prosae
1031 1664 1188 1727 orationis
1228 1667 1378 1751 scriptori
1406 1667 1525 1754 ignaue

342 1753 423 1840 illud
446 1793 561 1855 corpus
574 1774 702 1855 fripore
724 1775 923 1855 duplicatam,
948 1793 1012 1856 quo
1036 1768 1190 1834 Valerius
1213 1768 1255 1845 V,
1283 1773 1312 1847 l,
1337 1783 1397 1838 ext.
1424 1775 1442 1837 1
1467 1774 1529 1836 den

307 1911 310 1916 ·
345 1884 425 1946 tauit
448 1901 566 1964 eorpus
597 1880 719 1965 frigore
751 1889 953 1943 contractum
984 1887 1015 1938 et
1041 1877 1263 1952 incarnatum,
1295 1877 1529 1964 quemadmodrt

346 2010 406 2053 suo
430 1989 499 2050 iuro
524 1987 657 2070 saepius
680 1984 853 2072 loquuntur
875 1993 1002 2069 poetae.
1051 1983 1099 2046 Cf.
1115 1980 1218 2072 Verg.
1242 1984 1305 2049 XII
1326 1985 1410 2049 Aen.
1428 1987 1502 2051 925.
1525 2007 1529 2049 1

344 2093 402 2170 XI,
427 2093 502 2158 644.
533 2091 629 2156 Ouid.
653 2089 701 2156 VI
723 2091 856 2155 Metam.
881 2091 956 2154 293.
989 2089 1070 2153 Stat.
1094 2088 1256 2154 IIITheb.
1279 2091 1333 2158 89.
1356 2092 1399 2157 ib.
1412 2089 1470 2166 VI,
1494 2092 1529 2156 85

345 2197 588 2284 Praecerpendi
617 2209 723 2266 autem
755 2197 856 2260 uerbo
886 2218 945 2280 pro
978 2217 1016 2258 eo
1046 2196 1134 2282 quod
1164 2208 1214 2262 est
1242 2199 1351 2262 animo
1380 2199 1529 2283 praecipe

344 2331 414 2372 rem
437 2307 578 2369 firturam
600 2326 642 2368 ne
667 2317 783 2390 poetae
809 2302 951 2390 quidem,
976 2301 1065 2387 quod
1088 2303 1240 2388 equidem
1262 2307 1385 2379 sciam,
1408 2307 1461 2368 usi
1485 2327 1528 2367 su,

344 2412 499 2480 Valerius
523 2410 562 2486 Π,
586 2413 622 2487 8,
648 2411 667 2476 3
697 2412 828 2496 scripsit
855 2411 1004 2473 nimirum
1031 2429 1092 2471 aaa
1116 2412 1214 2491 plara
1241 2432 1449 2494 praecerpens
1480 2434 1529 2494 qm

346 2523 533 2584 acciderunt.
586 2517 661 2581 Non
692 2520 800 2583 minus
833 2515 1009 2581 insolenter
1038 2535 1137 2600 quam
1166 2517 1304 2581 obscure
1336 2539 1393 2582 aes
1422 2520 1529 2582 uxoris

345 2624 509 2689 nodosam
533 2625 649 2709 stipem
663 2625 796 2688 uocauit
818 2622 858 2696 Π,
882 2625 913 2696 a,
939 2623 973 2684 1:
1006 2621 1053 2683 Ite
1074 2622 1173 2703 ipitar
1194 2630 1224 2686 ct
1244 2626 1391 2688 nodosam
1422 2627 1529 2688 casola

347 2733 458 2812 stipem
485 2732 590 2793 utilem
621 2733 800 2811 posteritati
835 2748 1029 2802 numerosae,
1069 2729 1138 2807 (ubi
1167 2731 1243 2796 uide
1275 2755 1358 2820 quae
1389 2733 1529 2797 adnotat

348 2836 452 2918 Quid,
477 2836 624 2922 quodne
649 2837 887 2923 simplicitatem
901 2834 1032 2921 quidem
1053 2836 1086 2898 in
1104 2857 1260 2920 peruersa
1284 2838 1347 2903 hoe
1371 2841 1480 2906 studio
1505 2862 1529 2901 cr

347 2945 428 3009 tauit
449 2944 660 3029 frequentatis
684 2941 757 3028 plus
781 2944 866 3006 iusto
891 2954 922 3003 et
943 2941 1087 3027 repetitis
1111 2943 1230 3009 iisdem
1253 2946 1363 3010 uerbis
1387 2970 1408 3011 a
1431 2959 1528 3011 natur

348 3070 498 3115 sermone
522 3048 682 3111 detortis?
727 3049 776 3113 Ita
798 3051 896 3115 nimis
912 3048 1057 3135 profecto
1073 3049 1189 3116 festiue
1205 3072 1320 3137 rapere
1343 3075 1402 3139 pro
1423 3075 1463 3117 eo
1485 3076 1528 3139 qu

347 3168 397 3221 est
420 3154 536 3241 cupide
561 3156 708 3239 accipere
731 3158 840 3241 posuit
862 3154 915 3231 III,
940 3159 971 3231 2,
996 3160 1032 3221 3:
1055 3178 1142 3223 amm
1163 3162 1315 3223 uictoriae
1336 3162 1453 3243 rapuit.
1499 3159 1529 3221 V

347 3264 378 3338 2,
403 3263 439 3327 5:
463 3263 587 3325 timoris
610 3263 739 3337 modam,
758 3283 878 3345 paenae
897 3284 1008 3346 penas,
1037 3268 1105 3348 spei
1127 3270 1212 3331 aiam
1234 3286 1295 3329 ana
1319 3268 1431 3329 nentis
1453 3270 1529 3348 impr

346 3370 504 3452 rapienda.
550 3366 623 3443 Vll,
648 3370 678 3443 3,
703 3370 739 3433 3:
762 3372 870 3451 rapuit
884 3371 1092 3434 condicionem
1104 3374 1224 3436 inbellis
1239 3379 1269 3436 et
1283 3375 1394 3436 timida
1415 3374 1529 3436 inuenti

346 3476 424 3566 ibid.
457 3488 517 3541 ext.
549 3476 578 3540 1.
610 3478 802 3539 occasionem
831 3478 1003 3558 expiandae
1032 3481 1193 3561 reiipianis
1223 3481 1331 3562 rapuit
1358 3492 1390 3543 et
1419 3478 1453 3554 I,
1479 3480 1510 3553 5,

346 3584 484 3666 arripuit
506 3604 593 3647 amen
615 3584 742 3648 Paulas.

435 3690 479 3753 At
506 3690 604 3754 multo
633 3692 855 3777 frequentiora
885 3701 916 3754 et
937 3692 1006 3755 fere
1034 3693 1206 3759 innumera
1236 3694 1416 3759 arcessitae
1446 3694 1519 3758 eius

347 3804 513 3858 contortae
529 3798 685 3861 orationis
703 3798 851 3883 exempla
874 3799 908 3862 in
925 3801 1151 3865 coniunctione
1168 3799 1382 3887 complurium
1396 3799 1529 3864 uerbon

347 3911 378 3961 et
398 3900 433 3961 in
448 3900 584 3982 integris
598 3905 764 3966 sententiis
782 3903 1078 3988 deprehenduntur.
1101 3906 1187 3970 Inter
1200 3928 1285 3993 quae
1297 3908 1416 3971 iniuria
1431 3927 1529 3993 magr

259 4035 267 4052 ·
346 4022 423 4090 pere
448 4002 653 4067 offenderunt
676 4009 921 4091 grammaticos,
946 4031 1020 4075 cum
1042 4012 1076 4074 in
1100 4012 1194 4075 solito
1218 4025 1388 4098 poetarum
1406 4036 1529 4078 more(

346 4111 548 4173 cusationem
571 4108 724 4175 habeant.
747 4115 898 4178 notiones
923 4114 1082 4180 adiectiue
1106 4139 1178 4182 cum
1196 4120 1401 4186 snbstantino
1427 4121 1529 4208 quoda

347 4236 501 4290 conexae,
526 4217 577 4278 cui
600 4220 730 4304 proprie
754 4221 956 4287 substantiae
981 4226 1125 4311 genitiuo
1141 4248 1224 4292 casu
1239 4226 1452 4291 subiciendae
1470 4250 1529 4291 era

345 4320 395 4388 Ita
416 4321 493 4397 IIII,
519 4324 548 4397 7,
574 4326 592 4386 1
623 4326 656 4387 in
686 4328 788 4390 eodem
820 4332 974 4393 constanti
997 4334 1100 4413 prada
1130 4334 1201 4397 sine
1233 4333 1332 4398 dubio
1357 4334 1529 4419 scripsitp

344 4433 378 4494 in
401 4430 504 4493 eadem
527 4434 716 4497 constantiae
742 4436 860 4517 macla,
897 4436 983 4523 quod
1013 4438 1122 4523 ipsum
1155 4460 1253 4526 quam
1287 4438 1526 4504 inconsideran

344 4536 501 4601 librorum
525 4539 708 4603 testimonio
737 4540 961 4606 substituerint
983 4544 1136 4622 editores,
1168 4544 1364 4611 documento
1389 4558 1486 4609 erunt
1509 4568 1529 4609 a

346 4662 386 4705 ex
409 4644 525 4709 eodem
548 4664 669 4731 genere
694 4648 852 4733 exempla.
898 4648 985 4714 Nam
1006 4648 1051 4728 V,
1074 4654 1105 4729 4,
1138 4663 1199 4716 ext.
1224 4654 1243 4719 5
1272 4654 1429 4736 Arpinum
1452 4653 1529 4717 laud

346 4746 426 4815 dixit
459 4748 592 4823 laudem
619 4752 835 4842 Argiuorum,
873 4755 1054 4846 eodemque
1086 4758 1186 4831 modo
1218 4761 1403 4848 composuit
1429 4759 1457 4838 I,
1491 4760 1523 4835 6,
