3409 5400
250 458 317 571 aar
499 555 504 564 ,
658 486 717 552 nn
741 481 1074 551 nonnaanonn.

217 674 223 691 ·
250 654 422 741 Megaram
445 650 592 735 petierat.
638 646 703 711 Vbi
728 670 801 713 eum
829 645 1046 717 Theodorum,
1069 644 1249 730 prinoipem
1277 644 1347 705 eius
1373 640 1492 714 urbis,

250 760 340 827 domi
362 757 538 823 conuenire
562 754 659 821 uellet
681 776 788 840 neque
812 755 1052 822 admitteretur,
1083 750 1219 813 multum
1247 749 1368 835 diuque
1400 760 1491 811 ante

248 868 338 935 fores
354 874 499 930 retentus
515 864 702 927 comitiano
727 860 902 925 ‘Patienter
920 858 983 923 hoc
1004 858 1175 922 ferendum
1191 855 1249 919 est‘
1273 858 1326 921 ait.
1385 854 1490 917 ‘For-

248 975 335 1043 sitan
359 954 446 1037 enirn
470 981 500 1035 et
531 990 612 1042 nos,
648 974 720 1031 c'urn
750 969 784 1031 iu
815 967 922 1053 gradu
951 965 1120 1051 dignitatis
1148 976 1281 1029 nostrae
1312 984 1488 1032 essemus,

249 1078 374 1168 aliquid
396 1076 460 1141 tale
484 1073 642 1139 fecimus'.
701 1072 776 1153 Qua
800 1072 1029 1160 tranquillitate
1057 1072 1188 1137 consilii
1210 1073 1281 1156 ipse
1309 1068 1371 1132 sibi
1394 1087 1513 1133 con-a

248 1186 411 1251 dicionem
435 1181 521 1247 exilii
543 1178 755 1266 placidiorem
778 1180 930 1256 reddidit.
1208 1249 1210 1252 ,

207 1289 238 1358 4.
337 1286 560 1375 Thrasybulus
578 1288 674 1351 etiam
692 1284 755 1350 hoc
770 1287 833 1351 loci
850 1284 1147 1371 adprehendendus
1164 1297 1223 1358 est,
1248 1285 1302 1369 qui
1319 1282 1486 1369 populum

247 1398 492 1469 Atheniensem,
518 1394 650 1481 triginta
672 1404 882 1479 tyrannorum
907 1394 1046 1457 saeuitia
1069 1390 1168 1454 sedes
1185 1413 1266 1456 suas
1289 1390 1483 1476 relinquere

248 1515 397 1571 coactum
421 1502 672 1587 dispersamque
701 1512 731 1563 et
755 1520 877 1588 uagam
901 1501 1002 1564 uitam
1026 1496 1262 1563 miserabiliter
1277 1497 1481 1584 exigentem.

248 1614 366 1678 animis
390 1611 511 1697 pariter
535 1619 631 1692 atque
656 1608 757 1671 armis
774 1609 1000 1671 confirmatum
1023 1607 1059 1668 in
1076 1606 1215 1689 patriam
1237 1604 1372 1667 reduxit.
1418 1600 1480 1666 ln·
1494 1619 1523 1661 tn

248 1722 379 1807 signem
396 1714 512 1781 deinde
530 1713 731 1775 restitutione
755 1712 911 1777 libertatis
927 1712 1095 1775 uictoriam
1117 1710 1290 1778 clariorem
1304 1712 1478 1797 aliquanto

246 1824 482 1891 moderationis
505 1817 601 1883 laude
626 1818 712 1882 seuit.
758 1818 872 1883 Plebei
887 1821 973 1883 enim
988 1820 1105 1883 scitum
1124 1818 1317 1903 interposuit
1343 1834 1477 1903 nequa

248 1929 495 2016 praeteritarum
519 1946 628 1990 rerum
652 1927 772 1989 mentio
797 1926 898 1989 lieret.
954 1926 1046 1989 Haec
1078 1922 1214 1997 obliuio,
1244 1946 1342 2009 quam
1371 1924 1475 1989 Athe·

247 2037 382 2101 nienses
400 2034 584 2099 amnestian
602 2042 731 2106 uocant,
754 2052 953 2102 concussum
970 2046 1001 2096 et
1014 2028 1179 2096 labentem
1196 2033 1336 2098 ciuitatis
1352 2045 1474 2097 statum

246 2144 283 2209 in
305 2143 476 2229 pristinum
499 2138 647 2203 habitum
670 2140 847 2203 reuocauit.
1149 2158 1153 2162 ’
1483 2164 1514 2205 15

205 2242 236 2309 b.
334 2247 410 2313 Non
433 2248 569 2313 minoris
595 2246 818 2311 admirationis
842 2246 931 2312 illud.
983 2248 1162 2333 Stasippus
1186 2248 1363 2335 Tegeates,
1394 2246 1472 2311 hor·

245 2357 387 2423 lantibus
402 2356 517 2421 amicis
530 2367 565 2418 ut
578 2374 715 2441 grauem
727 2355 760 2417 in
774 2353 1056 2419 administratione
1069 2354 1277 2440 reipublicae
1293 2353 1471 2427 aemulum,

246 2462 306 2531 sed
330 2464 452 2548 alioqui
476 2460 613 2548 probum
631 2473 661 2524 et
677 2471 825 2525 ornatum
850 2462 955 2525 uirum
972 2460 1114 2546 qualibet
1132 2463 1256 2525 ratione
1273 2460 1326 2525 uel
1349 2461 1471 2527 tolleret

245 2570 300 2635 uel
322 2578 552 2645 summoueret
576 2568 710 2653 negauit
728 2590 765 2631 se
790 2569 962 2643 facturum,
986 2588 1028 2631 ne
1052 2588 1149 2653 quem
1168 2570 1202 2633 in
1225 2569 1321 2632 tutela
1344 2570 1470 2655 patriae.

249 2866 271 2924 l.
289 2872 429 2922 thodorum
448 2884 494 2937 pr.
513 2866 613 2936 ,1.119..
632 2886 681 2920 neo
700 2867 734 2922 Ε.
752 2869 766 2936 Η
779 2871 885 2937 dinque]
906 2873 1019 2938 denique
1038 2869 1072 2924 E.
1084 2871 1098 2940 ΙΙ
1116 2867 1141 2925 3.
1160 2875 1203 2924 est
1220 2889 1268 2924 ora.
1287 2871 1313 2926 Γ
1329 2878 1354 2925 et
1366 2888 1412 2942 pr.
1429 2871 1467 2925 D.

257 2939 306 3011 114.
325 2945 434 2994 nostrae
453 2941 589 3008 dignitatis
607 2939 633 2992 F
634 2940 665 2995 Γ.
680 2941 692 3009 ll
707 2939 731 2992 7.
750 2943 775 3004 S.
789 2939 814 2993 4.
833 2958 883 2994 orn.
896 2939 1142 3008 l'.1l'l'harsibnlns
1159 2942 1192 2997 Β.
1211 2946 1380 2995 transibulus'
1393 2943 1425 2996 F.
1448 2943 1453 3014 Ι

245 3016 305 3066 loeo
323 3010 360 3064 D.
379 3008 392 3080 ΙΙ
412 3013 676 3074 comprehendendus
695 3011 730 3064 Ε.
749 3011 805 3078 118.
825 3015 1019 3063 atheniensium
1038 3013 1074 3066 E.
1094 3011 1106 3082 ΙΙ
1120 3010 1146 3064 ll.
1168 3032 1185 3064 a
1206 3019 1292 3068 entem
1311 3031 1381 3068 corr.
1401 3013 1430 3068 0.
1450 3015 1456 3082 Ι

247 3082 290 3136 10.
313 3085 395 3134 armis
420 3085 521 3146 pariter
544 3085 570 3132 ct
594 3084 690 3134 animis
714 3081 743 3134 F.
763 3081 775 3152 ΙΙ
794 3087 882 3147 patria
904 3082 969 3154 13.ss
991 3083 1032 3137 12.
1057 3087 1144 3150 plebis
1201 3087 1263 3140 Par.
1288 3093 1314 3138 et
1335 3101 1405 3139 eurr.
1428 3085 1464 3144 D,

247 3153 325 3208 Turr.
342 3156 420 3219 plebs
439 3151 467 3204 F.
479 3151 493 3220 ll
505 3153 568 3219 qna]
589 3167 692 3204 erasum
710 3154 738 3204 in
755 3153 818 3222 1111
838 3153 879 3206 ll.
899 3159 1042 3207 amntstian
1064 3154 1124 3217 (red
1140 3156 1220 3223 ptiar
1238 3160 1246 3208 1
1264 3158 1293 3209 ta
1313 3164 1420 3219 rasura)
1438 3154 1466 3210 0.

244 3227 405 3278 amnestiam
421 3223 459 3282 D.
479 3227 611 3276 anestiam
630 3223 694 3276 EF.
712 3225 860 3294 ἀμνηστίαν
880 3224 957 3278 Yorr.
968 3227 981 3294 Η
994 3231 1093 3278 statum
1111 3229 1225 3278 ciuitatis
1249 3226 1308 3281 OE.
1320 3229 1334 3297 Η
1348 3227 1388 3282 lli.
1407 3230 1467 3278 Non

243 3325 278 3336 -
296 3299 361 3348 illud
384 3311 433 3347 um.
457 3293 488 3349 Γ.
500 3293 514 3361 ΙΙ
526 3298 681 3364 stargippns
699 3295 730 3348 F.
744 3297 881 3365 {legentes
900 3297 936 3350 Ε.
947 3299 960 3366 ΙΙ
972 3301 1119 3350 ortantibus
1137 3296 1163 3350 Γ
1163 3337 1169 3350 .
1181 3300 1195 3368 ΙΙ
1214 3299 1254 3352 18.
1274 3302 1390 3363 alioquin
1409 3296 1467 3350 BD

242 3367 307 3424 EF.
321 3365 506 3437 llhonoratum
525 3365 558 3418 Ε.
571 3364 584 3434 ll
600 3363 639 3417 lli.
659 3383 692 3418 ne
712 3383 771 3417 etrrn
792 3385 870 3434 quem
888 3370 916 3420 ia
934 3369 963 3421 ia
981 3385 1077 3422 rararu
1096 3368 1127 3420 Α.
1141 3367 1154 3439 ΙΙ
1172 3372 1257 3422 tutela
1274 3370 1302 3421 ia
1320 3385 1417 3423 rasura
1435 3369 1467 3421 A.

242 3442 351 3496 tutelam
369 3431 550 3494 BCDEFP.

737 3601 960 3616 *uuum-n·-

242 3723 373 3776 Bernensi
390 3725 417 3774 in
436 3726 487 3774 fine
506 3726 620 3774 nominis
639 3741 720 3775 erasa
738 3741 801 3776 osse
819 3730 931 3784 uidetur,
952 3741 1039 3789 neque
1058 3720 1174 3778 locorum
1189 3731 1349 3780 Graecorum
1369 3732 1464 3781 eodem

242 3796 322 3844 modo
341 3796 369 3843 nt
387 3796 521 3844 hominurn
535 3797 730 3857 appellationes
743 3799 840 3848 Latina
853 3801 1037 3850 terminatione
1057 3801 1163 3850 ueteres
1176 3802 1292 3850 formare
1305 3803 1374 3851 soliti
1393 3806 1464 3852 sunt

243 3863 296 3912 Sed
316 3879 368 3912 non
387 3865 473 3916 minus
493 3865 643 3928 frequenter
662 3868 784 3916 Valet-ins
805 3871 935 3930 Graecam
955 3870 1067 3918 turmam
1081 3873 1107 3920 in
1125 3885 1158 3921 oa
1171 3876 1313 3924 exeuntem·
1330 3875 1463 3942 integram

243 3935 370 3984 seruauit.
406 3931 534 3983 scribitur
561 3933 674 3985 Phocion
694 3936 737 3990 111,
766 3933 795 3992 8,
826 3944 879 3988 ext.
898 3938 915 3989 2
935 3943 960 3987 et
979 3940 1011 3994 i'.
1039 3935 1070 3997 3,
1090 3945 1142 3994 ext.
1167 3937 1193 3996 3.
1236 3940 1342 3994 Dumna
1360 3944 1417 4001 1111,
1438 3941 1463 3999 1,

243 4004 295 4052 ext.
317 3999 339 4052 1.
370 3999 526 4052 Pumeat'oa
546 4005 593 4062 11,
621 4003 652 4064 l,
682 4011 735 4058 ext.
758 4001 783 4055 3.
821 4009 848 4056 ln
873 4011 933 4058 aliis
957 4011 1016 4071 ipsc
1039 4014 1090 4061 sini
1116 4029 1168 4065 non
1187 4017 1340 4065 constitisse
1359 4016 1464 4065 uidetur·

243 4074 351 4128 auctora
377 4085 439 4122 nam
459 4069 550 4122 Platon
575 4076 671 4141 legitur
691 4078 762 4134 1111,
786 4074 812 4136 1,
837 4081 890 4130 ext.
908 4076 926 4130 3
945 4083 972 4128 ct
992 4082 1064 4140 1111,
1086 4080 1109 4140 1,
1129 4088 1182 4138 ext.
1201 4079 1231 4140 3:
1257 4089 1286 4134 at
1303 4083 1378 4136 Plato
1396 4086 1416 4141 1,
1435 4081 1462 4142 8,

243 4145 296 4194 exi.
317 4140 340 4195 1.
367 4139 446 4192 Solea
468 4144 496 4200 V,
516 4137 541 4198 3,
562 4141 658 4196 ostd-
678 4147 744 4206 1111,
766 4143 789 4205 l.
810 4153 864 4200 ext.
885 4147 924 4200 ll.
951 4151 1018 4210 1111,
1038 4147 1064 4211 s,
1083 4157 1136 4205 ext.
1157 4153 1185 4208 l:
1211 4158 1260 4206 sed
1278 4155 1340 4208 soto
1359 4154 1461 4215 11112.

242 4211 340 4266 extra
376 4213 474 4262 Eorum
495 4227 559 4263 uero
577 4218 719 4274 nominum,
738 4233 809 4278 qnae
829 4221 930 4270 Graece
949 4223 1067 4290 genitiuo
1093 4240 1159 4275 casn
1183 4228 1211 4276 in
1233 4245 1313 4285 ωνως
1329 4230 1461 4284 desinunt.

241 4286 366 4338 Valerius
385 4288 539 4334 constanter
558 4289 659 4336 rectum
678 4301 771 4338 casntn
791 4291 816 4338 in
830 4305 870 4352 ¹ou
888 4295 1024 4352 formauit,
1044 4300 1072 4344 ut
1089 4294 1234 4363 Xenophon
1253 4299 1288 4354 i}
1307 4296 1352 4357 10,
1372 4297 1462 4351 ext2

242 4360 270 4408 et
282 4357 356 4414 vill,
378 4350 418 4414 13,
438 4357 490 4426 ext
511 4351 535 4405 1.
566 4351 664 4422 lophos
678 4359 745 4416 1111,
766 4355 789 4418 1,
810 4365 863 4414 ext
885 4358 924 4414 13..
962 4365 1085 4416 cetorum
1097 4369 1193 4418 eadem
1210 4369 1237 4420 in
1249 4369 1342 4420 Dionis
1354 4372 1460 4421 nomine

243 4428 391 4492 corruptela
410 4426 459 4484 111,
479 4426 509 4482 8,
536 4430 588 4476 eat.
607 4421 623 4476 5
643 4443 753 4478 causam
772 4434 894 4493 praebuit
913 4436 942 4483 nt
958 4436 1064 4502 longius
1083 4440 1164 4488 etiam
1183 4441 1341 4492 aberrantes
1361 4442 1461 4491 librarii

242 4512 275 4548 ex
293 4495 349 4548 Dio
368 4491 435 4556 (dia)
453 4495 592 4548 seueritate
610 4499 729 4552 facerent
747 4497 910 4567 diuersitate.
947 4533 965 4564 ‚·
1245 4564 1248 4569 y
1348 4558 1353 4566 ,
1383 4551 1388 4567 ,

313 4563 484 4629 Taenarum)
501 4569 631 4636 Megarae
649 4571 836 4636 iltcpriuceps
855 4591 873 4623 a
891 4576 1033 4628 Plutarcho
1052 4581 1069 4632 1.
1089 4597 1112 4631 c.
1123 4581 1297 4635 ,Ptoemlmus
1316 4584 1434 4638 uocatur.
1457 4633 1461 4639 .

310 4632 335 4688 4.
355 4639 392 4689 Cf.
412 4641 488 4690 Corn.
506 4639 573 4704 Nep.
592 4639 728 4707 Thrasyb.
747 4637 772 4692 3.
800 4645 892 4707 lustin,
911 4648 942 4712 1ζ,
964 4644 1004 4702 10.
1021 4650 1147 4715 Xenoph.
1165 4649 1333 4712 uenite
1352 4651 1396 4708 28.

311 4701 336 4760 5.
354 4705 383 4758 tn
400 4707 479 4762 tutela
492 4709 602 4778 patum
619 4709 710 4778 boam)
727 4715 816 4768 Habet
825 4720 1027 4772 excusationem
1038 4724 1173 4788 quandam
1184 4723 1313 4780 librorum
1325 4727 1459 4794 scriptura
