3409 5400
305 707 339 771 p.
365 684 462 760 1518,
487 685 543 773 qui
566 704 634 750 non
657 679 761 749 semel
783 681 945 749 consentit
968 672 1041 747 cnm
1070 676 1126 746 ills
1148 678 1284 757 familia,
1308 690 1340 745 et
1361 678 1395 747 in
1417 678 1517 747 codice

302 790 509 858 Berolinensi
518 794 653 871 D3nam
662 792 871 863 abbreuiator
879 788 1153 877 Guelferbytanus
1167 799 1267 855 totum
1275 788 1339 855 hoc
1349 789 1518 877 exemplum

305 900 425 965 omisit.

395 1007 605 1074 Paucissima
638 1008 781 1097 denique
802 1007 870 1085 illa,
901 1010 936 1074 in
965 1006 1083 1097 quibus
1122 1018 1177 1073 aut
1206 1007 1354 1072 eiusdem
1387 1005 1519 1071 familiae

304 1117 525 1182 testimonium
547 1117 594 1180 ita
609 1116 753 1181 diuisum
776 1127 827 1181 est
849 1128 905 1181 aut
923 1117 1128 1181 diuersarum
1144 1117 1190 1180 ita
1213 1114 1364 1202 congruit
1378 1124 1413 1178 ut
1425 1115 1519 1200 primo

305 1222 423 1287 saltem
446 1223 558 1305 obtutu
580 1222 634 1287 bis
657 1224 790 1311 quidem
814 1225 916 1289 eueni
945 1232 976 1286 et
1003 1223 1158 1310 redargui
1181 1223 1353 1287 uideantur
1384 1240 1462 1310 quac
1485 1221 1522 1285 do

304 1329 546 1418 distinguendis
558 1331 709 1396 codicum
726 1332 903 1419 generibus
922 1332 1069 1417 exposui,
1087 1330 1216 1395 facilius
1230 1340 1261 1393 et
1278 1330 1445 1416 perspicue
1457 1350 1521 1394 ma·

304 1437 358 1524 gis
380 1437 415 1502 in
431 1439 515 1525 ipsis
527 1439 772 1505 commentariis
789 1438 937 1504 enodare
950 1448 981 1503 ct
995 1438 1129 1526 reliquis
1144 1438 1395 1503 accommodare
1408 1448 1523 1525 potero.

392 1653 444 1721 De
467 1654 606 1721 consilio
630 1665 662 1718 et
687 1651 799 1720 indole
826 1653 925 1719 huius
955 1652 1093 1742 exempli
1126 1652 1298 1719 Valeriani
1326 1653 1379 1717 uix
1409 1660 1526 1715 restant

306 1784 391 1851 quae
413 1763 547 1839 addam,
571 1784 646 1827 cum
670 1760 835 1849 pleraque,
861 1785 945 1851 quae
968 1762 1033 1829 huc
1056 1764 1248 1848 pertineant,
1271 1761 1346 1847 ipso
1367 1758 1449 1825 libro
1472 1758 1526 1821 de-

308 1871 481 1935 clarentur.
526 1870 738 1954 Propositum
760 1881 831 1934 erat
853 1872 1061 1958 scriptorem,
1085 1871 1155 1958 qui,
1187 1888 1386 1957 quamquam
1410 1890 1430 1931 a
1452 1868 1527 1930 uiris

307 1977 518 2053 doctissimis,
542 1974 674 2064 Pigbio,
697 1974 824 2063 Lipsio,
847 1977 1032 2054 Perizonio,
1056 1976 1222 2051 Turranio,
1247 1966 1419 2063 diligenter
1437 1985 1467 2038 ct
1480 1976 1529 2040 in-

308 2085 445 2171 geniose
467 2094 624 2149 mactatus
649 2094 728 2159 erat,
753 2095 864 2150 tamen
885 2086 1027 2150 marimo
1051 2094 1182 2172 propter
1196 2084 1356 2149 bonorum
1378 2081 1531 2148 librorum

308 2191 470 2256 defectum
492 2212 609 2280 parum
633 2193 684 2256 sui
709 2191 826 2257 similis
852 2192 896 2258 ad
919 2204 1059 2259 aetatem
1071 2203 1219 2258 nostram
1233 2191 1391 2278 peruenit,
1415 2188 1531 2255 auditis

308 2302 480 2367 fidissimis
501 2300 696 2388 quibusque,
720 2301 777 2388 qni
798 2298 899 2365 hodie
923 2302 1017 2366 citari
1039 2311 1194 2387 possunt,
1224 2297 1360 2365 testibus
1390 2299 1424 2362 in
1451 2298 1533 2361 inte·

309 2430 404 2499 grum
433 2409 621 2484 restituere,
655 2409 845 2496 perquirere
874 2406 953 2496 quid
981 2408 1229 2495 antiquissimo,
1265 2406 1305 2471 de
1340 2426 1405 2493 quo
1434 2424 1536 2490 supra

309 2518 461 2594 diximus,
484 2516 598 2581 codice
621 2515 785 2591 traditum,
809 2525 841 2580 et
864 2517 895 2582 si
913 2515 1021 2580 aditus
1046 2514 1090 2580 ad
1112 2531 1186 2580 eum
1209 2534 1277 2579 non
1300 2523 1434 2601 pateret,
1459 2509 1538 2598 quid

309 2625 344 2688 in
372 2622 549 2711 archetypo
578 2624 779 2711 integrorum
808 2623 959 2688 codicum
991 2634 1046 2686 aut
1073 2624 1109 2687 in
1138 2620 1315 2710 archetypo
1344 2618 1475 2685 Paridis
1507 2626 1540 2680 et

309 2729 486 2816 Nepotiani
509 2731 665 2817 scriptum
683 2729 812 2807 fuisset,
836 2732 919 2796 inter
941 2729 1025 2795 haec
1049 2729 1224 2818 seiungere
1249 2731 1394 2817 genuina
1421 2749 1443 2793 a
1466 2747 1540 2791 cor·

310 2837 425 2923 ruptis,
448 2847 612 2921 corrupta,
636 2837 666 2900 si
688 2838 735 2902 ita
758 2849 814 2904 aut
837 2849 957 2905 sanata
976 2839 1044 2904 iam
1062 2843 1174 2903 essent
1197 2859 1217 2902 a
1239 2837 1402 2923 prioribus
1427 2855 1542 2923 gram-

309 2942 441 3012 maticis
465 2953 521 3008 ant
542 2964 564 3005 a
584 2963 638 3006 me
661 2947 775 3009 sanari
797 2957 936 3031 possent
963 2957 998 3010 ut
1027 2943 1271 3010 euidentissime
1298 2943 1542 3009 emendationis

221 3142 228 3148 ·
310 3052 435 3116 ueritas
458 3049 740 3136 comprobaretur,
770 3053 951 3140 corrigere,
980 3052 1107 3142 reliqua
1136 3050 1272 3116 uulnere
1295 3049 1441 3116 nondum
1464 3071 1545 3136 pro·

312 3158 461 3225 babiliter
483 3166 601 3222 sanato
623 3155 781 3235 indicere,
804 3161 851 3225 ita
872 3171 907 3225 ut
918 3151 1096 3248 numquam
1113 3159 1273 3224 rationem
1290 3167 1358 3223 non'
1368 3157 1547 3222 redderem

311 3267 437 3354 negotii
458 3265 535 3341 mei,
559 3263 678 3330 nisisi
702 3264 837 3353 quando
866 3265 980 3334 leuiter
1004 3277 1059 3333 aut
1082 3268 1153 3332 sine
1176 3265 1244 3332 ulla
1266 3287 1369 3332 carrea
1391 3266 1548 3351 priorum

312 3371 534 3460 exernplorum
548 3369 684 3459 uulgata
705 3370 802 3438 lectio
822 3373 865 3440 ab
885 3375 1032 3442 omniun
1046 3373 1202 3441 librorum
1220 3393 1303 3441 mes.
1316 3372 1549 3439 consentiente

314 3481 502 3548 testimonio
522 3478 719 3546 diseederet.
815 3519 820 3528 ·

338 3607 341 3612 ·
401 3587 496 3671 Quae
518 3609 600 3654 cura
620 3583 697 3652 hnic
721 3587 873 3676 scriptori
903 3589 938 3655 in
965 3589 1080 3677 primis
1105 3590 1297 3657 necessaria
1324 3611 1398 3655 cum
1422 3609 1485 3676 per
1512 3609 1553 3653 se

312 3699 381 3763 iam
404 3697 485 3761 satis
508 3714 667 3783 magnam
690 3695 866 3763 uoluminis
890 3705 1017 3784 partem
1037 3696 1223 3785 compleret,
1247 3721 1288 3762 ne
1307 3695 1555 3764 ultramodum

314 3805 398 3867 lines
419 3802 676 3879 extenderentur,
700 3825 721 3869 a
739 3805 987 3892 quaestionibus
998 3804 1181 3882 historiae,
1200 3806 1419 3893 antiquitates,
1434 3823 1557 3894 gram-

314 3906 470 3973 maticam
493 3891 736 3995 spectantibus,
766 3931 904 3998 quarum
933 3933 1035 4000 saepe
1063 3914 1196 3977 occasio
1225 3912 1460 3999 praebebatur,
1494 3913 1559 3977 ab·

317 4013 505 4080 stinendum
534 4026 620 4090 erat,
652 4027 883 4104 praeterquam
916 4019 971 4084 ubi
1002 4017 1067 4084 iliis
1103 4017 1285 4105 disciplinis
1324 4019 1482 4084 subsidia
1525 4029 1562 4082 et

318 4119 518 4187 adminicula
545 4122 648 4186 critici
679 4123 780 4187 officii
811 4123 1075 4203 continebantur,
1113 4125 1201 4214 quod
1236 4127 1345 4212 ipsum
1375 4125 1562 4214 permultis

317 4227 401 4294 locis
425 4219 589 4294 accidisse
611 4230 777 4294 neminem
800 4231 914 4320 firgiet.
964 4231 1014 4299 Ita
1042 4253 1126 4322 quae
1156 4232 1196 4296 de
1219 4233 1377 4320 peculiari
1400 4234 1563 4299 auctoris

316 4333 448 4400 dicendi
476 4353 612 4424 genere,
647 4346 808 4423 quatenus
840 4339 884 4406 ad
918 4324 1169 4428 grammaticam
1197 4341 1364 4406 ‘rat-ionem
1397 4341 1568 4429 pertinet,

315 4441 419 4510 habui
443 4441 729 4521 communicanda,
757 4448 882 4513 tantum
904 4467 973 4513 non
996 4449 1108 4514 omnia
1130 4448 1251 4513 criticis
1275 4449 1361 4514 notis
1384 4448 1484 4537 potui
1511 4449 1570 4512 in-

317 4561 437 4617 texere.
482 4548 650 4616 Historiae
673 4571 753 4617 nero
776 4564 809 4617 ct
831 4555 1077 4642 antiquitatibus
1094 4575 1230 4642 operam
1250 4555 1453 4622 nauantibus
1483 4575 1570 4620 curn

317 4660 437 4724 scirem
449 4679 516 4724 non
532 4658 685 4727 modicae
702 4659 847 4727 utilitatis
867 4682 942 4728 esse
962 4660 1109 4731 locorum
1122 4658 1417 4752 conquisitionem,
1432 4663 1570 4751 quibus

318 4761 375 4831 alii
402 4767 579 4855 scriptores
608 4768 698 4835 eirea
723 4766 862 4839 easdem
893 4791 948 4838 res
984 4772 1110 4841 uersati
1142 4782 1272 4851 essent,
1306 4768 1369 4838 hos
1404 4769 1570 4858 singulis
