3409 5400
320 485 388 549 eto
753 479 814 546 DE
836 479 1105 548 SENECTVTE.

279 642 309 705 2.
410 643 598 709 Gloriantur
614 641 761 706 Athenae
778 645 1031 707 armamentario
1056 664 1133 716 su03
1157 663 1217 706 nec
1236 645 1309 706 siue
1324 664 1451 706 causa.
1502 642 1560 704 Est

322 753 409 816 enim
431 750 510 814 illud
533 771 617 835 opus
641 761 674 812 et
687 741 831 835 inpensa
851 761 884 813 el
906 748 1071 838 elegantia
1085 749 1270 816 uisendum.
1318 749 1427 814 Cuius
1447 747 1556 812 archi·

321 869 439 921 tectum
458 856 628 921 Philonem
643 857 689 920 ita
703 855 844 921 facunde
859 858 1018 921 rationem
1035 857 1242 920 institutionis
1265 877 1347 920 suae
1369 857 1408 919 in
1424 854 1555 918 theatro

321 962 504 1026 reddidisse
527 973 664 1036 constat,
686 973 722 1025 ut
744 961 981 1027 disertissimus
998 961 1137 1048 populus
1154 983 1219 1026 non
1235 963 1401 1026 minorem
1416 961 1551 1026 laudem

321 1069 526 1155 eloquentiae
549 1070 621 1132 eius
644 1089 744 1154 quam
766 1070 828 1132 arti
848 1067 1011 1135 tribueret.
1560 1082 1570 1122 ⁵

280 1172 310 1236 3.
410 1174 548 1238 Mirifice
572 1185 604 1236 et
623 1173 677 1238 ille
700 1175 826 1250 artifex,
850 1176 963 1261 quiin
987 1195 1087 1260 opere
1103 1195 1164 1240 suo
1179 1174 1307 1237 moneri
1329 1195 1368 1238 se
1394 1196 1416 1238 a
1443 1190 1550 1238 sutore

323 1286 410 1359 [suo]
435 1280 476 1343 de
499 1279 633 1365 crepida
648 1290 680 1344 et
694 1279 820 1345 ansulis
842 1302 977 1366 passus,
1001 1281 1041 1344 de
1065 1301 1157 1346 crure
1182 1281 1280 1344 etiam
1304 1279 1484 1366 disputare
1507 1281 1551 1344 in·

321 1388 496 1472 cipieutem
520 1407 622 1472 supra
643 1385 789 1472 plantam
812 1385 1015 1452 adscendere
1038 1387 1147 1451 uetuit.

754 2037 814 2102 DE
838 2037 1107 2105 SENECTVTE.

219 2226 306 2294 Xlll·
411 2237 573 2302 Senectus
602 2255 731 2322 quoque
761 2235 806 2298 ad
835 2235 980 2300 ultimum
1014 2237 1067 2300 sui
1101 2236 1198 2300 linem
1232 2245 1391 2318 prouecta
1420 2236 1459 2298 in
1492 2234 1573 2298 hoec

323 2343 440 2408 eodem
474 2362 573 2427 opere
607 2343 690 2405 iuter
724 2340 876 2426 exempla
906 2341 1085 2406 industriae
1119 2343 1154 2404 in
1182 2339 1306 2426 aliquot
1334 2339 1439 2405 claris
1476 2342 1548 2404 uir'u

323 2458 501 2536 conspecta
529 2460 588 2514 cst.
640 2449 837 2533 Separatum
866 2457 975 2512 tamen
1006 2459 1037 2511 et
1064 2447 1231 2534 proprium
1259 2445 1388 2510 tiurlum
1416 2445 1547 2516 habeat

323 2578 374 2630 ne,
398 2557 450 2620 cui
473 2555 608 2620 deorum
631 2554 852 2620 inmortalium
875 2555 1054 2642 praecipua
1068 2553 1271 2640 indulgentia
1293 2551 1413 2626 adfirit,
1436 2567 1548 2617 nostra

323 2673 438 2726 ornata
465 2663 586 2727 mentio
615 2661 761 2727 defuisse
789 2662 1006 2735 existimetur,
1027 2671 1072 2724 et
1105 2657 1203 2725 simul
1231 2658 1303 2745 spei
1331 2656 1544 2723 diuturnioris

321 2855 347 2911 3.
367 2856 479 2908 fecunde
498 2854 528 2908 Γ.
541 2854 554 2922 ΙΙ
565 2854 591 2908 5.
609 2858 755 2908 atribueret
772 2854 803 2910 F.
815 2855 829 2924 ΙΙ
840 2854 868 2909 6.
885 2858 927 2907 aui
947 2854 1033 2909 CEE
1052 2854 1065 2923 ΙΙ
1082 2856 1182 2908 moueri
1201 2868 1233 2907 se
1257 2872 1274 2905 a
1298 2852 1406 2920 sutore]
1431 2856 1544 2906 ιιιιιιπίε

323 2941 371 2977 cas
389 2931 419 2975 ut
437 2942 483 2976 ore
500 2924 532 2979 A.
544 2925 558 2991 ΙΙ
570 2924 594 2980 7.
615 2941 665 2977 suo
682 2942 731 2978 ma
749 2925 953 2982 DEFI'Torr.
966 2926 979 2993 ΙΙ
997 2942 1075 2979 cruce
1093 2924 1125 2979 Δ.
1143 2926 1156 2995 ΙΙ
1172 2923 1198 2978 8.
1217 2927 1324 2991 plautas
1343 2922 1412 2977 Par.
1428 2925 1442 2992 ΙΙ
1459 2920 1488 2977 9.
1505 2926 1543 2977 llll

322 2996 526 3118 SENEETVTE
544 2998 769 3049 uauoeasslul
790 2995 866 3051 Torr.
878 2998 892 3066 ΙΙ
907 2996 947 3053 ii.
966 3000 1071 3065 aliquod
1085 3013 1131 3065 pr.
1148 2993 1180 3051 Δ,
1192 2994 1206 3063 ΙΙ
1219 2992 1259 3050 ll.
1278 3010 1329 3060 spe
1341 2992 1543 3049 suusne.

322 3082 388 3132 spes
430 3106 437 3122 .

393 3206 419 3262 2.
438 3211 477 3261 Gi.
496 3211 548 3262 cle
564 3212 601 3270 ,de
620 3226 657 3263 or.
677 3211 696 3268 l,
718 3208 764 3271 ll,
782 3206 818 3263 62
837 3213 896 3265 coll.
916 3228 939 3264 c.
963 3213 1029 3264 Pliu.
1050 3214 1075 3264 b.
1094 3226 1119 3263 n.
1141 3210 1195 3269 Vll,
1214 3206 1258 3269 ll,
1277 3204 1320 3261 38.
1344 3206 1436 3259 Sirab.
1457 3210 1505 3269 lx,
1524 3208 1541 3261 l.

326 3278 366 3340 15,
387 3297 411 3344 p.
429 3276 490 3335 395.
514 3282 613 3334 Vitrnu.
633 3282 717 3347 prael.
735 3283 793 3335 libr.
813 3283 869 3337 Vll.

394 3348 420 3406 3.
440 3353 479 3405 cl.
498 3354 563 3406 Ptin.
582 3354 610 3407 ir.
627 3369 653 3405 n.
673 3354 784 3411 XXXV,
807 3350 848 3409 lo.
867 3346 911 3413 36,
931 3350 974 3411 85.
993 3355 1037 3420 qul
1056 3356 1090 3405 de
1104 3351 1196 3417 Apelle
1215 3354 1267 3403 boc
1284 3352 1386 3403 nmai-

395 3439 412 3474 u
429 3431 517 3475 autore
537 3423 607 3491 [rao]
626 3421 659 3475 dr
676 3421 803 3492 aspida)
822 3426 923 3477 Vereor
941 3440 974 3475 ue
987 3426 1104 3492 magiae
1122 3425 1296 3483 recentiorum
1308 3423 1449 3472 hominum
1470 3438 1539 3489 quau

323 3510 339 3544 c
359 3498 479 3545 ueterum
497 3511 571 3545 more
589 3497 631 3546 coi
650 3497 757 3545 calceos
781 3497 824 3546 uel
850 3497 1010 3547 uestimenta
1027 3500 1120 3547 nostra
1144 3495 1299 3545 fabricanda
1317 3493 1488 3544 committere
1505 3508 1539 3543 ac·

325 3568 410 3616 lemos
429 3569 522 3615 noster
539 3572 613 3615 sutor
631 3568 675 3616 uel
693 3570 781 3615 sartor
793 3568 904 3618 dicatur.
941 3568 1033 3629 ltaque
1051 3581 1197 3631 pronomen
1214 3578 1261 3616 rao
1277 3565 1339 3629 post
1356 3568 1458 3620 utare,
1478 3566 1539 3625 quel

323 3651 373 3687 noc
391 3638 468 3687 Paris
487 3639 612 3703 agnoscit
629 3652 678 3686 ncc
698 3636 812 3694 Plinius,
837 3640 961 3702 quodque
985 3640 1011 3688 in
1034 3638 1173 3701 permultis
1194 3638 1270 3686 libris
1288 3635 1421 3685 omissum
1440 3637 1540 3685 minima

323 3709 500 3764 desideretur,
519 3724 578 3757 cum
597 3709 729 3771 prioribus
748 3709 903 3767 editoribus,
922 3712 966 3771 qui
982 3710 1095 3759 tacileid
1107 3712 1153 3758 arrt
1171 3709 1305 3758 eiecerunt
1322 3710 1370 3755 aut
1388 3707 1540 3757 omiserant

323 3779 465 3828 delendum
483 3779 642 3830 existimaui.
679 3779 791 3828 Abunde
809 3780 878 3827 enim
898 3784 940 3829 est
959 3794 1046 3847 geniis
1065 3780 1168 3843 oprflcra
1187 3778 1305 3828 indicari.

396 3849 465 3898 Xlll.
484 3854 510 3898 et
527 3847 605 3900 umal
621 3847 678 3915 φοί
695 3846 871 3899 diuturnioris
888 3848 970 3905 alioci
989 3851 1118 3914 Exempla
1137 3864 1195 3899 crim
1209 3848 1391 3911 manuscripta
1406 3850 1464 3897 tum
1475 3849 1541 3912 typis

324 3917 458 3977 impressa
478 3925 584 3981 practer
601 3921 784 3971 abbreuiatum
804 3920 1042 3985 Guelferbytanum
1063 3924 1165 3973 tantum
1189 3935 1242 3971 non
1266 3919 1357 3969 omnia
1380 3921 1462 3967 sexto
1482 3934 1540 3969 casu

322 3998 370 4050 ape
388 3988 540 4041 exhibeat'
568 3992 642 4049 Quod
667 3991 786 4057 intellegi
808 4006 861 4040 noa
885 3994 986 4054 polest,
1015 4008 1074 4043 cum
1097 4006 1167 4054 quae
1191 3994 1347 4055 sequuntur,
1372 3986 1541 4040 insistens

321 4054 418 4122 poerit,
444 4072 496 4107 non
521 4061 638 4109 babeant
661 4076 713 4126 quo
731 4062 888 4112 tolerantur.
924 4062 1115 4126 Interpretatur
1131 4063 1237 4125 quidem
1257 4060 1417 4119 Torrenius,
1442 4062 1541 4111 ‘dentur

324 4129 454 4177 senectuti
473 4132 605 4193 quaedam
624 4131 792 4189 adminicula,
811 4134 907 4197 quibua
922 4134 1049 4183 insistens
1068 4135 1226 4185 alacriorem
1245 4146 1276 4181 se
1289 4132 1379 4181 lacere
1393 4133 1487 4193 possit
1501 4147 1541 4197 prr

323 4213 400 4264 spem
420 4200 491 4249 uitae
509 4201 695 4252 diuturnioris'.
731 4199 793 4258 Sed,
813 4207 841 4252 ut
859 4205 1003 4255 concedam
1022 4205 1200 4273 grammatica
1217 4204 1319 4253 ratione
1337 4202 1410 4251 hanc
1429 4205 1541 4267 explica

323 4272 421 4321 tionem
439 4272 562 4334 permitti.
580 4286 660 4336 quam
678 4276 881 4336 praeposterum
898 4278 982 4325 totum
1001 4277 1064 4326 illud
1084 4279 1166 4332 esset,
1186 4276 1210 4325 si
1228 4273 1338 4323 senibus
1356 4274 1463 4322 tantm
1484 4276 1541 4325 aiio

326 4358 383 4392 rum
403 4357 496 4393 senum
515 4345 724 4405 repraesentatis
743 4345 874 4407 exemplis
894 4359 969 4409 spem
990 4348 1159 4398 diuturnioris
1179 4347 1250 4395 uitae
1259 4346 1377 4395 excitare
1395 4346 1424 4392 et
1441 4358 1481 4393 ea
1499 4360 1542 4409 spe

326 4416 490 4465 senectutem
509 4429 600 4465 eorum
619 4414 775 4476 alacriorem
795 4416 905 4465 reddere
919 4418 1048 4469 uoluisset
1066 4418 1178 4471 arictori
1203 4416 1279 4467 Anne
1296 4417 1350 4465 tum
1369 4416 1471 4467 saltem
1491 4414 1542 4466 dia·

325 4483 453 4535 taram
471 4483 549 4537 etiarn
568 4487 736 4537 scribendum
761 4486 874 4535 luisset?
911 4488 993 4539 Plane
1019 4504 1082 4542 uero
1106 4506 1159 4541 non
1177 4488 1305 4554 intellego
1329 4487 1479 4548 Kapplum,
1504 4490 1542 4553 qui

325 4554 396 4605 banc
415 4556 521 4608 Valerio
538 4558 696 4609 senteutiam
716 4557 843 4614 subiecit,
869 4561 1007 4610 ‘senectuti
1025 4562 1159 4625 proprium
1177 4562 1203 4610 in
1222 4572 1304 4623 opere
1322 4570 1383 4607 roeo
1401 4558 1541 4627 assignari

326 4624 442 4684 bullum,
467 4642 527 4678 eam
550 4642 656 4693 quoque
674 4630 708 4678 ob
727 4639 854 4687 causam,
877 4630 947 4691 quod
971 4632 1031 4695 ipse
1055 4646 1131 4695 spem
1156 4632 1244 4681 babeo
1266 4628 1439 4679 diuturnioris
1458 4632 1540 4681 ultar'.
1602 4684 1603 4697 ,

327 4690 381 4739 ns·
400 4696 597 4757 simpllcisalma
616 4701 671 4757 est,
695 4698 718 4747 si
741 4698 827 4760 Llpaii
851 4700 1029 4753 coniecturam
1050 4701 1110 4769 apri
1126 4703 1265 4767 recipias,
1279 4714 1360 4764 quara
1379 4700 1465 4751 multu
1483 4706 1540 4754 autc
1602 4698 1603 4713 ³
