3409 5400
1393 499 1517 565 79·

205 660 436 747 praeiigsrnmr
463 670 577 733 notae,
605 668 641 723 ut
668 658 908 745 praediximus,
936 660 1012 724 Ι.Ρ.
1043 669 1099 723 aut
1130 658 1201 723 BR.
1233 659 1434 741 (breuiator),

205 768 313 833 semel
325 769 358 833 0.
375 768 421 843 T,
443 766 549 831 semel
571 764 673 846 (Vlll,
689 767 721 841 4,
736 769 818 845 init.)
842 766 938 853 plene
964 767 995 829 0.
1008 768 1092 831 titur.
1131 764 1193 845 (Cf.
1207 769 1308 852 praef.
1321 790 1352 855 p.
1367 770 1434 845 53.)

206 886 265 940 aut
293 875 437 961 denique
465 874 655 961 simpliciter
681 896 712 937 a.
735 874 814 953 (uel)
838 886 895 939 aut
917 876 937 948 l,
966 895 1068 939 curua
1089 874 1210 939 lineola
1233 878 1434 941 transfixum.

206 983 476 1069 Nonnumquam,
500 1004 600 1047 erasa
622 981 759 1067 antiqua
781 982 943 1065 scriptura
966 982 1011 1045 ita
1038 994 1073 1044 ut
1094 980 1161 1068 legi
1189 984 1256 1047 iam
1284 996 1435 1069 nequeat,

206 1112 319 1157 uacua
351 1090 461 1175 spatia
487 1088 545 1153 illa
572 1110 675 1153 manu
702 1088 800 1173 paule
838 1089 1019 1151 recentiore
1058 1088 1185 1175 expleta
1221 1103 1296 1154 sunt
1307 1096 1341 1171 ¹).
1397 1090 1434 1155 ln

206 1199 314 1283 prime
344 1196 469 1261 codicis
496 1195 575 1261 tolie
605 1197 676 1259 siue
703 1194 774 1259 folii
800 1195 977 1279 particula,
1011 1218 1084 1261 cum
1117 1218 1241 1284 magna
1270 1219 1309 1263 ex
1343 1212 1435 1284 parte

205 1317 370 1371 uetustate
394 1324 528 1368 exesum
552 1304 604 1377 sit,
626 1302 779 1389 leguntur
801 1301 914 1375 uerba,
937 1314 973 1365 ut
995 1302 1146 1389 equidem
1170 1304 1289 1380 iudico,
1314 1306 1355 1370 ab
1379 1326 1435 1370 eou

206 1414 284 1479 dem
307 1410 441 1477 homine
464 1412 621 1497 profecta,
650 1434 672 1475 a
694 1432 760 1496 quo
783 1408 1030 1473 emendationes
1058 1410 1260 1496 marginales
1285 1424 1315 1476 et
1337 1415 1434 1477 inter·

205 1521 368 1595 lineares,
393 1519 433 1583 Ia
460 1518 675 1583 adbrear'atere
705 1520 760 1599 qui
787 1524 816 1581 et
843 1522 983 1581 uetustae
1013 1522 1080 1579 erat
1105 1514 1109 1604 1
1137 1520 1285 1599 quaedam
1311 1526 1435 1601 reperta

206 1636 281 1693 rant
303 1647 382 1709 qaeu
404 1627 548 1709 queniam
563 1632 671 1690 caestre
685 1625 811 1689 dearum
830 1619 835 1711 l
855 1624 1032 1689 necessario
1048 1626 1199 1707 suppleat.
1246 1627 1434 1711 Sequuntur

206 1734 328 1801 deiude
342 1731 492 1819 exempla
502 1731 576 1797 libri
587 1732 683 1817 primi
696 1731 867 1817 deperdita
878 1728 1023 1805 Valerio,
1037 1752 1134 1817 quem
1147 1732 1336 1797 admodum
1348 1754 1434 1797 nunc

206 1844 362 1930 leguntur
385 1839 576 1903 abbreuiata
599 1864 621 1903 a
651 1838 732 1904 Iulio
756 1838 892 1913 Paride,
929 1838 1138 1903 Timasitheus
1168 1841 1337 1922 liparensis
1367 1860 1435 1903 are-

206 1957 308 2014 teram
333 1945 340 2034 Ι
365 1968 458 2031 patara
486 1948 608 2009 romani
632 1947 744 2029 pythio
767 1947 918 2029 appollini
940 1947 1017 2009 mise
1036 1942 1041 2033 l
1062 1952 1142 2009 ruat.
1187 1948 1388 2029 interceptam
1415 1968 1434 2010 a

200 2056 472 2140 piratie.caraur't
491 2051 496 2141 l
515 2056 642 2137 delphos
650 2053 916 2136 perferendam.²)
937 2049 942 2141 l
963 2052 1141 2139 etreliqua,
1158 2075 1243 2140 quae
1257 2052 1434 2140 aliquando

206 2185 314 2251 usque
338 2160 429 2235 adl,
453 2164 485 2237 4,
510 2172 572 2225 ext.
600 2162 632 2235 2,
660 2162 813 2225 Deiotaro
834 2180 910 2225 aero
933 2163 999 2243 rapi
1023 2172 1055 2223 et
1078 2184 1108 2247 q.
1134 2183 1206 2247 sqq.
1235 2163 1433 2245 pertinuisse

205 2271 378 2358 probabile
402 2280 462 2335 est.
508 2268 578 2333 Sed
600 2290 702 2341 nune,
732 2290 807 2331 euru
830 2268 976 2332 maxima
999 2268 1068 2331 eius
1098 2268 1167 2331 folii
1194 2288 1272 2351 pars
1296 2266 1433 2331 humere

207 2391 364 2464 corrupta
374 2380 427 2452 sit,
451 2378 496 2441 ita
511 2387 546 2439 ut
557 2398 666 2461 pauca
676 2386 801 2438 tantum
813 2372 881 2461 legi
892 2376 1030 2458 possint,
1043 2374 1180 2438 alterum
1190 2394 1270 2437 uero
1283 2373 1433 2457 posthae

206 2489 374 2573 integrum
395 2482 511 2549 folium
534 2483 668 2548 omnine
686 2480 849 2545 excidisse
873 2480 1032 2555 uideatur,
1056 2480 1212 2567 pleraque
1236 2481 1270 2543 in
1291 2478 1355 2543 hee
1379 2502 1435 2543 ce·

206 2593 281 2658 dice
317 2592 426 2655 denuo
459 2591 634 2676 perierunt.
693 2587 773 2653 Item
807 2588 994 2653 ultimorum
1029 2589 1278 2674 quaternionum
1312 2586 1435 2673 aliquot

206 2701 289 2766 felia
310 2701 437 2764 diutine
460 2697 524 2763 situ
547 2699 594 2762 ita
615 2697 737 2762 infecta
760 2709 837 2761 sunt
858 2709 893 2761 ut
911 2719 1099 2782 nonpauca
1116 2694 1219 2762 uerba
1241 2696 1433 2780 praesertim

205 2809 242 2871 ia
265 2807 358 2872 calce
380 2807 580 2893 paginarum
592 2807 794 2870 euanuerint.
841 2803 968 2868 Folium
981 2827 1071 2876 uero,
1086 2804 1174 2891 quod
1187 2825 1273 2867 nune
1286 2803 1434 2868 ultimum

206 2925 269 2986 est
291 2916 328 2978 in
350 2912 495 2978 aduersa
517 2912 636 2976 desiuit
658 2913 833 2997 postremis
857 2912 930 2976 libri
953 2914 1032 2977 noni
1054 2913 1175 2985 uerbis,
1199 2912 1353 2993 supplicia
1376 2913 1434 2973 im-

199 3021 340 3104 pendere
363 3022 470 3103 eoepit.
515 3018 683 3084 VALERI
695 3017 861 3082 ΜΑΧΙΜΙ
878 3017 1122 3084 FACTORVM
1134 3017 1188 3082 ET
1203 3009 1435 3084 DICTORVM

284 3125 573 3192 MORABlLlVM
674 3125 815 3213 (reliqua
837 3125 944 3189 deleta
967 3131 1071 3204 sunt);
1094 3127 1129 3190 in
1153 3148 1272 3192 auersa
1289 3129 1435 3214 sequitur

206 3235 328 3301 eadem
354 3257 455 3300 manu
483 3235 656 3318 scriptum,
691 3256 713 3297 a
739 3255 806 3320 qua
832 3233 973 3318 primum
1002 3233 1116 3298 solium
1144 3233 1198 3298 uel
1224 3255 1329 3320 parua
1363 3235 1433 3298 eius

206 3341 380 3429 parricida,
402 3342 634 3428 fragmentum,
656 3339 745 3426 quod
759 3339 1009 3424 inciperetis.
1032 3341 1082 3404 De
1094 3343 1304 3423 praenomine.
1334 3342 1434 3403 Varro

206 3451 367 3531 simplicia
388 3450 423 3512 ia
444 3449 534 3511 italia
558 3458 589 3509 et
612 3469 644 3533 q.
661 3469 745 3533 sqq,
769 3449 863 3512 cuius
886 3448 1001 3511 ultima
1023 3447 1135 3522 uerba,
1160 3469 1244 3533 quae
1266 3447 1333 3532 legi
1355 3467 1434 3530 pos·

207 3567 301 3628 sunt,
335 3567 412 3620 sunt
438 3555 651 3618 animaduerto
673 3556 754 3618 caim
776 3556 810 3619 ia
837 3557 1061 3618 consutam...
1093 3557 1134 3632 (5.
1156 3553 1201 3630 2),
1225 3551 1284 3615 sed
1307 3551 1435 3614 uidetur

207 3664 307 3727 etiam
331 3664 477 3746 proxime
500 3662 674 3747 sequentia
696 3660 883 3745 amplexum
907 3682 982 3725 esse
1005 3681 1111 3746 usque
1129 3657 1172 3722 ad
1196 3677 1435 3721 numeraturum

206 3778 235 3835 et
258 3777 440 3853 postumum
467 3769 588 3843 aeba⁸t
635 3769 717 3834 Post
743 3767 807 3832 hee
830 3767 944 3832 felium
968 3787 1097 3832 annexa
1129 3777 1178 3830 est
1206 3787 1311 3850 parua
1339 3763 1433 3830 selre-

206 3877 287 3940 dula
310 3897 529 3963 pergamena,
559 3899 644 3962 quae
672 3878 816 3941 eontinet
838 3887 1018 3940 extremam
1040 3875 1201 3960 epitomae
1229 3871 1434 3958 particulam,

206 3985 285 4049 item
301 3985 483 4048 recentiore
502 3982 560 4048 illa
574 4006 677 4050 mauu
694 3995 872 4058 exaratam,
892 3995 923 4046 et
940 3981 1208 4068 subscriptiones,
1222 3981 1338 4064 suant
1353 3982 1434 4044 enim

280 4179 366 4247 ¹)Sic
383 4183 516 4248 integrum
535 4182 666 4232 Martialis
686 4181 867 4250 epigramma,
893 4182 963 4246 quod
986 4182 1013 4232 ln
1038 4195 1132 4233 omnes
1157 4183 1264 4232 nostros
1289 4181 1396 4232 codices
1418 4196 1433 4232 e

204 4255 332 4321 margine
350 4253 529 4318 antiquissimi
547 4255 688 4303 cuiusdam
705 4255 765 4302 libri
783 4254 891 4316 irrepsit
908 4253 945 4308 11.
968 4249 1014 4311 10,
1034 4249 1065 4311 8,
1091 4253 1118 4302 in
1143 4255 1199 4303 ead.
1225 4253 1355 4303 Berrrcnsi
1374 4268 1433 4301 cum

205 4327 310 4391 aliquot
333 4325 457 4408 genamis
482 4339 498 4374 e
521 4327 745 4409 praeaedeattbus
772 4325 990 4410 etlseqaentibus
1011 4325 1110 4410 Valerii
1136 4327 1223 4379 uerbis
1249 4338 1357 4373 erasum
1382 4325 1432 4378 est,

205 4397 1430 4535 restant?ttttttttttttttstertetttttttt‘ttttm„2

204 4541 400 4604 Compendium
418 4541 478 4589 eius
496 4541 569 4588 baud
588 4540 667 4589 dubie
690 4541 815 4589 librarius
835 4541 1007 4602 apposuerat,
1033 4543 1061 4588 ut
1080 4539 1243 4606 significaret
1262 4539 1362 4591 locum,
1389 4535 1432 4582 ubi

203 4612 353 4662 maerenda
369 4614 464 4661 essent
480 4612 591 4676 reliqua,
611 4626 681 4676 quae
699 4614 851 4676 sequuntur.

275 4681 299 4746 ⁸)
318 4683 390 4734 Nata
408 4683 448 4733 ste
466 4683 523 4747 (uel
540 4677 605 4747 etii)
624 4683 749 4734 desinunt
765 4683 886 4748 plerique
904 4683 1067 4734 reconderes
1087 4683 1159 4742 libri,
1180 4695 1246 4746 quos
1270 4679 1330 4728 ideo
1349 4677 1432 4727 mani·

205 4755 307 4808 aarum
327 4757 370 4805 est
386 4753 559 4806 transtulisse
575 4755 628 4805 bac
646 4755 827 4823 fragmentum
844 4768 860 4805 e
877 4754 945 4805 libro
963 4755 1100 4806 Bernsnsi.
