3409 5400
310 459 376 551 reo
726 476 1116 547 onnonrnvmun.

311 644 494 730 expectauit
519 644 619 729 igitur
648 642 734 707 bane
764 643 903 706 iniuriae
937 644 1153 707 maturitatem
1182 643 1218 707 G.
1249 640 1384 717 Atilius,
1419 665 1538 710 uerum

311 751 448 816 barbam
472 772 566 813 snam
588 748 801 835 permulcenti
818 748 913 813 Gallo
937 750 1117 834 scipionem
1137 748 1323 815 uehementi
1345 751 1410 815 ictu
1433 752 1538 835 capiti

311 857 427 921 inflixit
449 858 544 942 eique
567 866 698 941 propter
722 855 869 919 dolorem
892 854 936 917 ad
959 876 995 919 se
1018 854 1234 921 occidendum
1256 858 1361 921 ruenti
1383 856 1536 943 cupidius

274 964 277 972 ’
312 984 432 1047 cerpus
467 962 589 1026 obtulit.
648 962 729 1048 Capi
763 982 844 1047 ergo
880 962 981 1025 uirtus
1017 963 1137 1037 nescit,
1177 964 1352 1047 patientiae
1388 962 1535 1027 dedecus

309 1072 456 1156 ignorat,
483 1069 634 1133 fortunae
665 1067 877 1132 succumbere
907 1069 995 1131 omni
1018 1068 1084 1131 fato
1108 1069 1231 1132 tristius
1256 1069 1357 1145 ducit,
1386 1090 1474 1133 noua
1502 1080 1566 1133 ets

311 1178 465 1262 speciosa
489 1197 614 1262 genera
636 1175 782 1239 interitus
806 1176 984 1261 excogitat,
1009 1176 1038 1239 si
1062 1175 1236 1261 quisquam
1257 1177 1380 1251 interit,
1404 1176 1461 1263 qui
1484 1177 1536 1240 sic

311 1285 518 1370 extinguitur.

269 1386 301 1450 8.
399 1390 600 1454 Reddendus
612 1398 663 1454 esi
674 1410 760 1453 nunc
771 1389 943 1453 Romanae
961 1388 1118 1453 iuuentuti
1131 1388 1257 1455 debitus
1270 1389 1395 1476 gloriae
1413 1387 1536 1462 tituluS,

312 1518 396 1582 quae
419 1496 454 1562 Ο.
479 1497 676 1582 Sempronio
699 1496 847 1561 Atratino
877 1494 1011 1559 consule
1040 1516 1113 1559 cum
1137 1494 1270 1562 Volscis
1300 1495 1390 1581 apud
1411 1492 1537 1559 Verru-

312 1605 423 1689 ginem
445 1621 561 1689 parum
584 1624 741 1689 prospere
765 1603 951 1677 dimicante,
974 1622 1015 1665 ne
1039 1604 1128 1666 acies
1152 1612 1267 1667 nostra
1287 1603 1354 1665 iam
1377 1598 1578 1669 inclinatam

310 1709 561 1796 propelleretur,
596 1712 688 1797 equis
716 1708 853 1793 delapsa
887 1730 924 1772 sa
958 1710 1033 1794 ipsa
1066 1711 1254 1772 cattumnutt
1282 1714 1371 1790 atquae
1398 1708 1537 1772 tenatiam

311 1818 487 1881 exereitum
516 1818 646 1901 inrupit.
678 1814 773 1894 ·Qu0
809 1814 931 1877 dimoto
960 1818 1142 1899 proximum
1170 1813 1328 1879 tumidum
1362 1817 1538 1900 occupauit

311 1921 482 2006 effecitque
516 1932 553 1985 ut
585 1922 692 1985 omnis
723 1918 922 1985 Volscorum
958 1943 1139 1987 conuersus
1174 1922 1314 2005 impetus
1348 1920 1534 2007 legionibus

307 2028 433 2090 nostris
468 2029 511 2091 ad
545 2029 788 2093 confirmandos
823 2028 952 2093 animos
993 2028 1136 2092 salutare
1176 2027 1395 2091 laxamentum
1430 2026 1535 2092 daret.

311 2130 435 2217 Itaque,
459 2155 532 2198 cum
555 2136 622 2197 iam
652 2134 694 2197 de
723 2132 889 2219 trophaeis
923 2132 1104 2198 statuendis
1140 2135 1337 2219 cogitarent,
1372 2132 1535 2216 proelium
1546 2156 1577 2201 15

311 2247 407 2301 nocte
430 2239 614 2315 dirimente,
637 2241 822 2305 uictoresne
845 2262 889 2305 an
911 2242 988 2304 uicti
1012 2238 1216 2304 discederent
1237 2240 1352 2303 incerti
1375 2239 1534 2305 abierunt.

314 2414 337 2467 1.
355 2416 547 2469 immanitatem
564 2415 599 2469 E.
611 2417 624 2488 ΙΙ
636 2435 670 2471 m.
690 2420 778 2469 atilius
798 2432 867 2469 corr.
886 2415 918 2478 Α,
937 2417 1000 2469 Ραν.
1018 2434 1054 2469 m.
1073 2419 1192 2483 papirius
1211 2430 1280 2469 corr.
1301 2414 1329 2469 C.
1344 2413 1356 2489 ΙΙ
1377 2412 1402 2469 3.
1423 2418 1535 2481 cupidus

311 2482 344 2536 E.
356 2483 406 2555 111.
426 2490 491 2551 Capi
509 2516 544 2526 -
562 2486 611 2555 (1.)
631 2488 804 2557 extinguitur]
823 2488 889 2539 daec
905 2505 948 2543 uu.
967 2486 1080 2539 inseruit
1096 2487 1124 2539 iu
1135 2486 1191 2555 flue
1211 2490 1236 2551 S.
1258 2484 1298 2539 la.
1315 2494 1376 2557 poet
1393 2503 1436 2540 uu.
1450 2489 1535 2555 digni·

311 2560 360 2606 tati
378 2574 445 2608 suae
463 2562 577 2610 reddidit
595 2558 626 2611 Γ.
639 2560 652 2628 ΙΙ
663 2563 793 2624 patientia
809 2558 865 2611 AB
871 2557 931 2611 Dr
948 2564 973 2609 et
986 2574 1031 2627 pr.
1048 2556 1075 2611 0.
1090 2557 1102 2627 1]
1117 2555 1142 2613 5.
1153 2557 1285 2624 fortunae]
1307 2560 1482 2611 fortitudinem
1495 2556 1533 2611 D.

333 2629 453 2693 [tristius
472 2632 543 2680 ducit
560 2634 631 2681 omni
649 2633 705 2682 fato
726 2630 802 2693 Torr,
817 2630 829 2702 ΙΙ
850 2626 876 2681 6.
896 2631 993 2681 interiit
1009 2626 1070 2681 Dr
1086 2634 1112 2681 et
1128 2643 1198 2681 corr.
1219 2626 1247 2680 C.
1268 2627 1280 2696 ΙΙ
1300 2625 1325 2682 8.
1345 2632 1372 2694 S.
1389 2627 1414 2681 8.
1434 2643 1483 2679 otu.
1501 2626 1534 2681 Γ.

333 2696 378 2766 111.
398 2701 478 2764 quac]
499 2717 601 2751 mamm
619 2700 650 2753 A.
676 2707 744 2767 quod
766 2702 794 2754 C.
814 2699 876 2754 add.
896 2707 927 2762 Q.
949 2703 1041 2752 Catulo
1060 2699 1094 2752 Ε.
1113 2700 1126 2768 ΙΙ
1145 2717 1203 2751 cum
1228 2704 1380 2766 sempronio
1406 2695 1433 2753 0.
1452 2714 1533 2766 prae·

313 2784 404 2820 merea
422 2785 471 2822 em.
489 2770 524 2822 Ε.
545 2769 558 2840 ΙΙ
579 2775 732 2823 consentibus
747 2788 793 2840 pr.
811 2773 846 2827 E.
864 2771 878 2838 ΙΙ
896 2775 1065 2841 Verniginem
1084 2769 1119 2822 Ε.
1136 2772 1149 2841 tt
1170 2766 1209 2822 11.
1229 2775 1368 2836 seipsam
1387 2769 1464 2822 lber.
1483 2785 1533 2820 om.

312 2838 599 2906 scultennam
617 2845 707 2912 atquc]
733 2860 782 2894 om.
800 2843 833 2898 B.
853 2849 879 2895 et
892 2859 937 2912 pr.
955 2841 1082 2896 Acon.
1106 2845 1264 2894 centuriauit
1287 2857 1318 2894 se
1337 2845 1424 2908 ipsam
1442 2855 1533 2908 maryo

313 2909 347 2963 Ε.
363 2914 374 2976 ΙΙ
389 2913 504 2961 bostium
523 2928 572 2964 om.
591 2911 686 2966 Aen.
703 2914 717 2981 ΙΙ
738 2912 778 2967 12.
803 2919 908 2966 demoto
927 2913 983 2966 ΑΒ
992 2912 1053 2966 (ΣΕ.
1075 2911 1086 2980 ΙΙ
1107 2911 1149 2966 13.
1169 2912 1336 2980 Volscorurn]
1361 2910 1423 2964 add.
1448 2915 1475 2963 in
1502 2928 1533 2963 se

313 2979 360 3044 (Ε)
367 2979 444 3033 Torr-
456 2979 524 3048 1115.
543 2985 683 3052 proelium]
704 2988 795 3052 presul
813 2985 846 3039 Β.
861 2983 873 3055 ΙΙ
890 2981 931 3037 lb·
950 2987 1112 3052 uictoresne]
1134 2987 1248 3036 uictores
1266 2983 1304 3036 D.

385 3139 412 3194 C.
430 3141 536 3204 Atilius)
562 3144 679 3196 ALinio
704 3152 731 3198 ct
756 3148 898 3197 Plutarcho
922 3148 1045 3210 Papirius
1071 3147 1188 3197 uocatur.
1224 3146 1264 3194 De
1283 3145 1454 3210 praenomine
1474 3159 1532 3192 cunr

315 3215 390 3263 Liuio
409 3217 541 3264 censentit
558 3217 639 3266 lulius
659 3218 749 3276 Paris,
763 3221 896 3269 'Marcum
915 3219 1059 3276 exhibenS,
1085 3217 1155 3278 qrrod
1173 3216 1316 3276 Plutarcho
1335 3230 1439 3281 quoque
1458 3217 1532 3264 resti·

314 3287 439 3335 tuendum
457 3301 529 3345 csse,
550 3289 594 3336 ubi
613 3291 688 3339 codd.
707 3292 806 3360 Μαρίῳ
824 3291 944 3346 tradunt,
965 3290 1066 3338 monuit
1083 3288 1317 3338 Drakenborcbius
1343 3289 1377 3334 ad
1396 3287 1454 3337 Liu.
1472 3286 1489 3333 l.
1510 3302 1533 3336 c.

314 3357 437 3406 Valerius
457 3374 534 3421 quem
554 3360 653 3408 sontem
671 3364 780 3410 secutus
799 3375 887 3421 quoue
906 3375 996 3409 errore
1019 3360 1142 3408 inductus
1161 3357 1266 3408 Atilium
1289 3358 1421 3421 posuerit,
1448 3371 1532 3421 neque

313 3429 382 3478 enim
403 3428 568 3479 librariorum
588 3431 639 3479 boc
658 3435 709 3489 est,
729 3432 850 3496 equidem
870 3445 923 3479 non
942 3431 1029 3478 habeo
1049 3431 1145 3479 dicere.

378 3496 526 3564 patientioe
544 3497 665 3556 dedecus)
683 3504 724 3550 lta
742 3503 867 3550 librorum
887 3501 1064 3564 corruptelam
1078 3497 1210 3566 patientia
1229 3499 1381 3549 emendarit
1405 3515 1420 3549 e
1446 3500 1532 3550 conie-

313 3572 388 3618 ctura
406 3571 511 3636 Medius
531 3575 557 3619 et
575 3576 636 3620 ante
650 3588 709 3622 curn
723 3573 898 3621 recentiorum
912 3572 1011 3636 aliquot
1023 3572 1143 3620 codicum
1155 3571 1263 3622 librarii.
1300 3571 1375 3629 Quod
1394 3571 1531 3634 probatum

313 3641 477 3689 aPcrlzonio
495 3657 554 3690 curn
574 3645 722 3706 recepisset
740 3643 893 3699 Terrenum,
912 3645 1086 3704 praepostere
1103 3643 1222 3705 Kappius
1241 3641 1378 3691 reuocauit
1397 3642 1533 3707 uulgalam

313 3711 479 3773 scripturam,
493 3714 708 3779 distinguendam
721 3716 805 3772 ratus,
816 3711 885 3780 Capi
895 3725 954 3777 erpo
964 3710 1049 3762 uirtus
1057 3710 1285 3779 uescttpotieattu,
1301 3707 1412 3762 dedecus
1421 3709 1533 3777 ipaorct,

313 3781 449 3850 tamquam
467 3782 500 3838 is,
520 3785 564 3846 qui
582 3786 737 3847 patientiam
756 3786 872 3841 exercet,
892 3798 926 3832 ca
946 3783 1005 3847 capi
1024 3784 1073 3832 diei
1092 3787 1195 3847 posset.

384 3848 410 3900 8.
434 3852 474 3898 ct.
492 3853 549 3900 Liu.
569 3854 624 3911 llll,
642 3851 686 3905 38.

385 3918 542 3971 centuriauit
559 3928 635 3989 atque
651 3923 773 3985 tortium)
793 3926 926 3975 Damnum
945 3926 971 3976 b.
991 3925 1008 3975 1.
1027 3926 1175 3990 archetypo
1195 3925 1278 3973 codici
1297 3925 1413 3980 illatam,
1437 3924 1463 3972 in
1481 3939 1533 3985 que

314 3991 383 4038 haec
402 3991 462 4038 sola
480 3992 587 4042 inuenta
605 3999 680 4053 sunt,
705 3994 778 4060 epate
802 3992 912 4061 delapsa
929 4009 958 4046 se
975 3993 1035 4062 apsa
1053 3993 1193 4046 ramatum
1213 3993 1329 4060 inrupit,
1351 3995 1444 4044 sarciri
1463 4009 1533 4042 com·

315 4062 393 4109 rnode
410 4061 501 4122 potest
519 4065 644 4126 recteque
661 4067 718 4116 tere
737 4067 863 4114 sarcitum
883 4068 924 4116 cst
948 4069 983 4114 ab
1009 4066 1179 4116 emendatore
1203 4066 1262 4114 libri
1281 4064 1412 4114 Daniellni
1437 4065 1534 4113 arixilio

314 4131 372 4180 lnlii
391 4131 503 4188 Paridis,
523 4136 567 4193 qni
586 4136 654 4184 hacc
671 4138 698 4185 in
717 4137 901 4200 compendium
920 4138 1024 4204 redegit
1043 4139 1088 4195 ita,
1111 4135 1210 4202 equites
1228 4132 1329 4186 deuter·
1347 4133 1419 4202 equis
1436 4149 1464 4184 se
1481 4133 1535 4200 ipsi

314 4199 534 4260 centuriaueruat,
554 4203 635 4255 etita
654 4205 725 4256 actes
743 4206 863 4257 restituta
885 4211 930 4260 est.
973 4208 994 4256 li
1020 4209 1115 4272 quibus
1140 4209 1311 4257 manifestum
1335 4209 1378 4257 est
1402 4206 1534 4255 excidisse

312 4275 340 4323 in
359 4273 507 4337 archetypo
525 4290 569 4324 nrt.
588 4275 747 4327 centuriauit
762 4283 839 4344 utque
858 4279 913 4342 (trel
935 4278 970 4340 et)
988 4276 1107 4329 besuam.
1149 4281 1207 4337 Quo
1232 4279 1302 4328 tacto
1326 4278 1457 4344 gliscente
1478 4292 1534 4326 cor·

313 4345 419 4407 ruptela
436 4345 463 4392 in
481 4345 617 4410 plerisque
636 4348 746 4398 alterius
765 4349 883 4398 familiae
902 4351 1036 4399 codicibus
1061 4349 1196 4412 perierunt
1215 4350 1295 4399 etiam
1315 4351 1398 4397 uerba
1419 4359 1448 4398 se
1465 4344 1535 4412 ipen,

314 4431 372 4463 cum
391 4416 497 4464 interim
515 4417 542 4464 ln
561 4418 692 4467 nonnullis
712 4433 745 4468 cx
764 4420 807 4468 his
826 4421 944 4469 additum
963 4421 998 4469 sit
1017 4434 1032 4468 e
1052 4421 1204 4470 coniectura
1224 4419 1287 4469 illud
1312 4417 1436 4470 Mettum.
1463 4421 1535 4478 quod

313 4486 419 4534 omnino
438 4488 620 4537 necessarium
640 4492 736 4552 sponte
755 4503 786 4539 se
805 4490 944 4541 oltercbat.
981 4491 1063 4540 Paulo
1082 4493 1145 4554 post
1161 4491 1250 4542 deleui
1266 4491 1352 4540 uerba
1369 4487 1444 4545 ase,
1464 4503 1536 4550 qtrae

313 4557 341 4603 in
360 4556 519 4605 editionibus
538 4559 707 4621 excipiebant
727 4574 824 4610 nornen
842 4562 1016 4619 Volscorurn,
1041 4561 1090 4610 sed
1115 4577 1168 4610 non
1193 4561 1325 4626 habentem
1346 4559 1373 4610 ln
1396 4557 1536 4608 codicibus

315 4637 381 4674 mss.
408 4628 559 4677 Conuersus
584 4630 677 4680 dicitur
698 4646 751 4680 non
773 4631 889 4681 indicate
914 4632 973 4682 loce
997 4649 1049 4697 quo
1068 4643 1100 4682 ee
1124 4631 1235 4688 uerterit
1402 4640 1483 4706 quem
1506 4630 1537 4682 in

316 4693 419 4755 equites
436 4697 498 4747 illos
517 4699 616 4750 tactum
634 4714 697 4751 esse
717 4702 795 4753 facile
813 4702 985 4772 intellegitur.
1032 4718 1037 4727 ·
1076 4704 1290 5194 V
1310 4710 1350 4819 r·
1420 4748 1425 4756 ,
