3409 5400
64 551 78 622 p
584 506 807 586 nis.111‚o.
832 510 864 588 8,
886 511 957 581 Est
981 522 1013 593 9.
1037 516 1067 583 3.
1091 518 1123 586 4.
1399 524 1467 594 807

78 723 100 759 ,Ἰ
118 746 123 753 ,
326 664 495 736 Vniuersa
507 670 623 735 ciuitas
637 670 899 750 Atheniensium,
914 674 1124 763 iniquissimo
1137 701 1177 745 ac
1188 678 1467 756 truculentissimo

64 744 155 899 ἰῗωῗῗί
239 794 349 839 errore
364 776 528 852 instincta,
552 776 713 865 decapite
730 778 844 843 decem
860 792 1059 867 praetorum,
1084 787 1140 872 qui
1158 786 1247 872 apud
1260 788 1468 877 Arginussas

77 855 153 957 Q
238 879 538 950 Lacedaemoniam
567 880 710 949 classem
734 885 941 964 deleuerant,
970 891 1094 956 tristem
1122 895 1318 961 sententiam
1340 897 1468 965 tulerat.

64 967 150 1069 'Pstfffl‘
239 987 336 1055 Forte
368 1000 443 1055 tunc
472 992 543 1055 eius
572 994 743 1077 potestatis
766 993 941 1071 Socrates,
970 998 1065 1062 cuius
1094 999 1227 1065 arbitrio
1254 1002 1363 1088 plebei
1385 1005 1469 1071 scita

64 1078 121 1121 4444
212 1096 485 1173 tordinarentur,
508 1097 680 1186 indignum
701 1098 853 1167 iudicans
878 1111 924 1165 tot
946 1112 978 1165 et
1000 1113 1067 1169 tam
1088 1104 1173 1170 bene
1195 1108 1330 1175 meritos
1354 1129 1395 1174 ex
1415 1111 1467 1175 in·

64 1184 143 1231 ‘lm'
240 1201 343 1291 digna
366 1226 469 1269 causa
490 1205 611 1291 impetu
634 1205 777 1271 inuidiae
801 1207 925 1294 abripi,
955 1211 1127 1277 temeritati
1149 1213 1364 1281 multitudinis
1387 1238 1468 1282 con·

64 1296 145 1342 ffi'
240 1311 394 1375 stantiam
419 1333 515 1377 suam
538 1311 673 1387 obiecit,
703 1315 913 1403 maxirnoqne
936 1320 1099 1385 contionis
1126 1320 1262 1409 fragore
1289 1332 1323 1385 et
1350 1324 1468 1389 incita·

240 1416 375 1481 tissimis
415 1415 514 1483 minis
548 1419 731 1507 ¹conpulsus
766 1443 834 1487 non
872 1433 924 1488 est
955 1435 992 1487 ut
1025 1446 1062 1491 se
1096 1426 1247 1511 publicae
1282 1428 1468 1497 dementiae

239 1534 406 1589 auctorem
430 1525 615 1593 ascriberet.
664 1526 758 1607 Quae
782 1529 935 1614 oppositu
965 1531 1042 1618 eius
1063 1532 1212 1621 legitima
1233 1536 1385 1621 grassari
1412 1537 1469 1602 uia

64 1690 137 1751 w
203 1644 231 1691 to
240 1629 417 1716 prohibita.
452 1632 572 1713 iniusto
606 1645 794 1718 praetorum
828 1656 944 1700 cmore
977 1658 1097 1705 manus
1128 1662 1209 1705 suas
1244 1643 1468 1709 contaminare

65 1768 130 1822 pp,-
238 1740 474 1826 perseuerauit.
513 1738 583 1819 Nec
607 1743 711 1811 timuit
725 1745 882 1809 Socrates
905 1760 948 1809 ne
971 1756 1200 1812 consternatae
1214 1748 1340 1833 patriae
1362 1748 1467 1813 unde·

64 1807 132 1971 its:
240 1848 345 1911 cimus
368 1848 458 1911 furor
481 1866 571 1911 mors
594 1849 698 1933 ipsius
722 1851 885 1915 existeret.

65 1997 102 2043 risit

328 1952 530 2031 Proximum,
553 1956 616 2021 etsi
630 1978 697 2023 non
713 1956 864 2023 eiusdem
878 1955 1065 2044 splendoris
1088 1970 1150 2035 est,
1169 1971 1208 2027 at
1222 1982 1328 2050 aeque
1343 1972 1467 2028 certum
1475 1958 1507 2030 4.

241 2065 443 2131 constantiae
457 2064 573 2130 haberi
587 2074 695 2149 petest
706 2065 971 2149 experimentum.
1004 2065 1160 2133 Efficacis
1177 2090 1299 2155 operae
1310 2070 1466 2149 forensis,

243 2238 266 2294 1.
285 2239 329 2309 ec]
349 2254 396 2294 ont
415 2238 473 2295 Aa.
491 2240 503 2310 fl
523 2243 746 2294 truculentissimo
765 2258 815 2296 om.
832 2239 865 2295 A.
882 2240 938 2310 112.
960 2245 1162 2313 arriginnussas
1180 2243 1212 2299 A.
1236 2248 1422 2316 arriginnusas
1439 2243 1466 2298 Β

243 2312 306 2366 ΟΒ.
325 2315 510 2383 erigimimilas
535 2310 569 2366 Ε.
594 2316 757 2383 erigimusas
775 2312 807 2368 F.
838 2311 874 2366 Vt
894 2329 943 2365 noe
960 2312 992 2366 Γ.
1017 2319 1169 2387 Arginusas
1196 2315 1274 2370 Torr.
1306 2315 1366 2371 Vici.
1386 2314 1464 2371 adi,

242 2383 266 2443 l,
286 2390 335 2436 eet.
354 2384 380 2438 8·
392 2385 405 2453 ΙΙ
416 2381 442 2438 3.
462 2386 686 2437 lacedemoniorum
705 2384 737 2437 F.
757 2386 769 2452 ΙΙ
789 2383 815 2437 4.
834 2385 973 2451 Socrates]
999 2384 1061 2439 cdd.
1086 2392 1145 2439 eret
1161 2386 1193 2441 F.
1212 2385 1225 2457 ΙΙ
1245 2390 1335 2453 plebei
1359 2390 1413 2438 sits
1429 2386 1464 2442 B.

240 2456 384 2521 plebiscita
404 2454 491 2509 CDE
496 2452 521 2507 F
528 2453 604 2507 Tere.
615 2454 629 2524 ΙΙ
641 2454 666 2509 5.
680 2456 724 2523 ex]
758 2486 771 2513 .
786 2483 797 2510 ι
812 2454 844 2509 A.
865 2461 891 2507 et
903 2452 1024 2511 BCDF.
1036 2456 1050 2525 ΙΙ
1061 2454 1085 2512 8.
1105 2460 1220 2523 publicis
1232 2457 1295 2581 Dp}
1307 2459 1466 2511 elementiae

240 2524 272 2581 Γ.
284 2522 334 2597 119.
354 2530 490 2579 strictorem
506 2554 517 2581 ι
533 2554 546 2581 0
560 2525 593 2581 A.
611 2530 729 2579 actorem
747 2526 784 2582 D.
799 2524 811 2599 11
827 2529 925 2596 legiam
938 2524 971 2577 B.
986 2525 998 2598 ΙΙ
1016 2526 1056 2581 11.
1074 2528 1120 2596 nc]
1141 2532 1169 2580 ut
1184 2528 1219 2582 B.
1230 2527 1269 2599 ΙΙΙ
1292 2568 1299 2583 .
1313 2531 1466 2582 Proximum

241 2595 656 2664 -(14,1ιιιιρει1ιιιοιι1ιιιιιοηι.
675 2595 733 2668 Γ.ΙΙ
757 2598 819 2667 etsi]
843 2604 870 2650 et
890 2596 928 2653 D.
942 2595 954 2666 ΙΙ
974 2604 1002 2651 at
1025 2600 1123 2667 oeque]
1149 2603 1184 2651 ad
1208 2617 1268 2665 eeq.
1290 2600 1351 2662 (sici
1367 2614 1414 2671 pr.
1432 2599 1466 2657 Α.

241 2672 363 2736 adeoquo
382 2666 436 2723 BC
453 2674 478 2722 et
495 2685 564 2722 corr.
582 2668 614 2724 Α.
640 2673 709 2724 adeo
728 2686 832 2740 qnoque
850 2668 887 2724 D.
912 2674 1004 2724 tantm
1020 2667 1083 2726 EF.
1106 2675 1197 2726 temen
1215 2674 1284 2725 adeo
1305 2671 1380 2726 Torr.
1395 2667 1408 2743 ΙΙ
1424 2669 1466 2726 14.

241 2741 463 2866 cxperlrnpptum]
489 2740 551 2796 add.
575 2746 665 2796 tumen
683 2758 753 2797 coru.
770 2742 802 2796 Α.
821 2741 834 2815 ss
853 2759 914 2796 eum
938 2746 1057 2796 efficacis
1078 2741 1154 2798 Torr.
1170 2742 1185 2813 ΙΙ
1203 2747 1293 2812 operis
1314 2743 1375 2807 (titt
1393 2748 1419 2798 is
1437 2743 1466 2798 t's

241 2819 348 2872 tumre)
395 2852 402 2867 .
731 2817 734 2822 '

312 2967 338 3031 4.
357 2979 386 3028 at
403 2991 483 3045 aeque
501 2981 609 3040 cmm)
632 2980 708 3038 Ques
732 2979 794 3032 iude
817 2995 836 3028 a
853 2978 950 3046 Pigbio
968 2979 1107 3044 bucusque
1130 2979 1292 3040 edebantur,
1314 2975 1466 3031 Ρνοτίιιιιιι»

242 3045 292 3100 etei
309 3063 360 3098 eoa
377 3045 492 3100 eiusdm
513 3046 663 3118 splendoris
685 3055 732 3105 ert.
760 3054 845 3102 tornea
871 3047 938 3101 adeo
962 3054 1060 3100 ceraue
1084 3049 1244 3102 matutine
1265 3047 1359 3102 tues
1375 3052 1467 3117 potest

243 3117 453 3186 superinsistant.
468 3134 526 3170 eum
538 3118 657 3188 efficacis
669 3136 766 3188 opace
776 3119 909 3188 serenae.
923 3125 976 3172 iem
984 3117 1056 3187 fidei
1070 3135 1125 3172 nou
1134 3119 1248 3174 laesas
1265 3119 1372 3172 Attenia
1383 3119 1467 3189 lipti-

244 3188 309 3241 alies
327 3194 387 3246 eto..
407 3207 460 3241 non
479 3192 566 3240 minus
586 3193 638 3242 ilde
657 3193 783 3243 librorum
802 3193 1043 3257 manuscriptorum
1056 3208 1136 3258 quam
1149 3194 1219 3244 omni
1232 3194 1363 3244 communi
1381 3207 1467 3244 sensu

244 3264 343 3314 carent.
381 3259 534 3318 Turranius.
554 3266 581 3312 et
601 3264 658 3326 ipse
678 3263 759 3330 longe
778 3265 921 3314 discedens
940 3280 957 3313 a
974 3265 1073 3314 tradite
1088 3267 1229 3328 scripture,
1247 3264 1392 3330 legendum
1404 3279 1466 3326 pro·

242 3333 332 3397 posuit
349 3329 499 3382 Prodmuru
518 3331 567 3383 etsi
584 3347 636 3382 nou
653 3331 767 3384 ciuem
784 3332 942 3402 splendoris,
961 3331 1076 3400 adeoque
1087 3339 1186 3384 certem
1201 3331 1363 3382 contueare
1373 3329 1467 3382 baberi

238 3407 328 3472 potest
345 3399 555 3469 esperimeetum,
576 3407 615 3454 eet
632 3408 717 3454 terrea
734 3403 852 3471 efficacis
934 3419 967 3454 ae
982 3401 1108 3459 rem.
1118 3398 1190 3468 fidei
1206 3417 1258 3452 ees
1271 3400 1397 3456 ruma.
1414 3416 1467 3453 nee

242 3475 453 3542 repugnaturum
471 3487 502 3523 se
520 3475 591 3532 dicit,
611 3475 634 3522 si
653 3476 714 3536 quis
732 3477 808 3526 malit
826 3488 858 3526 ae
893 3472 953 3530 ἀπ’,-
969 3476 998 3522 in
1022 3473 1118 3537 quibus
1137 3474 1210 3523 certe
1232 3473 1380 3524 secundum
1399 3472 1466 3524 artis

242 3548 391 3610 praecepta
408 3545 559 3609 ponendum
579 3547 637 3594 erat
654 3559 736 3612 neque
753 3541 819 3594 adeo
840 3547 948 3593 cerum.
988 3543 1117 3606 Equidem
1140 3544 1243 3592 mutate
1266 3543 1400 3592 scribendi
1423 3557 1466 3594 re·

243 3619 315 3668 tione
339 3617 495 3680 duabusque
520 3615 644 3666 litterulis
672 3614 844 3678 transpositis
875 3613 984 3677 entique
1012 3612 1113 3663 Valerii
1141 3615 1225 3664 uerba
1247 3615 1399 3666 restituisse
1420 3628 1466 3664 me
1524 3613 1527 3618 ’

244 3688 356 3740 confido.
393 3687 460 3737 Dedi
473 3687 544 3737 enim
564 3689 592 3736 ot
603 3699 652 3748 pro
671 3681 707 3734 ad
719 3684 746 3733 et
757 3697 838 3750 nepae
855 3698 905 3747 pro
923 3697 1014 3748 eoque.
1034 3685 1105 3747 quod
1116 3684 1200 3734 hebet
1213 3687 1299 3735 codex
1310 3685 1465 3744 tiernensis,

244 3760 357 3810 alterum
375 3759 427 3808 hoc
446 3771 479 3808 cx
498 3757 612 3824 egregia
630 3755 759 3806 Perizonii
781 3753 946 3811 matertere,
971 3755 1017 3815 qui
1039 3758 1130 3804 umen
1153 3755 1205 3806 ilde
1229 3756 1302 3805 haud
1324 3759 1465 3819 praestan·

244 3831 341 3880 tissimi
360 3831 402 3878 sui
419 3829 527 3884 codicis,
548 3833 577 3878 ut
594 3827 706 3886 uidetur,
726 3827 870 3890 deceptus,
888 3825 981 3875 meluit
1000 3839 1080 3891 neque
1102 3829 1195 3878 tanea.
1236 3827 1340 3878 Deinde
1361 3829 1465 3879 moute

244 3901 410 3950 distinctione
430 3915 472 3952 uu.
492 3896 611 3966 ffeacb
628 3910 726 3964 operae
735 3894 874 3963 sorensis.
885 3892 956 3964 fidei
972 3909 1024 3945 eoa
1042 3893 1161 3950 matie.
1181 3913 1251 3963 quae
1271 3911 1383 3948 causam
1402 3914 1464 3950 con·

243 3973 327 4022 tinent
346 3987 393 4022 cur
411 3971 552 4034 prielbte
571 3969 669 4034 publici
688 3969 855 4018 accusatoris
872 3979 970 4018 munus
988 3967 1105 4017 delatum
1123 3969 1171 4025 sit,
1195 3985 1214 4019 ιι
1231 3971 1464 4034 praecedentibus,

245 4043 400 4109 quibuscum
419 4043 484 4092 nihil
503 4042 657 4098 cohaerent,
676 4041 798 4090 seuseu
812 4054 872 4090 cum
890 4039 1064 4104 sequentibus
1076 4041 1179 4091 conexi.
1215 4045 1291 4102 Quae
1303 4056 1363 4091 cum
1375 4042 1466 4093 omnis

242 4114 401 4164 necessaris
423 4113 476 4163 sint
499 4116 526 4163 et
548 4112 706 4176 perspicua,
730 4111 857 4162 nonnulle
881 4113 986 4168 umen,
1010 4113 1039 4160 ut
1061 4111 1148 4160 omnis
1171 4112 1302 4162 eximetur
1326 4113 1464 4170 dubitatio,

243 4184 376 4234 similibus
388 4183 528 4234 illustrabo
541 4184 679 4247 exemplis.
716 4182 750 4234 st
761 4183 876 4247 primum
887 4182 993 4242 quidem
1007 4181 1148 4245 oppositio,
1167 4197 1236 4247 quse
1253 4183 1284 4233 ut
1298 4198 1348 4246 per
1362 4181 1466 4234 etiarnsi

242 4253 310 4314 (etei,
330 4251 365 4312 eit
381 4268 433 4306 aaa
451 4282 486 4292 —
504 4259 540 4315 ut,
559 4255 776 4320 frequentissima
794 4255 844 4305 est.
881 4253 920 4303 Cf.
942 4253 996 4304 Cic.
1014 4253 1049 4302 do
1071 4255 1139 4303 oret.
1161 4253 1212 4312 111,
1235 4249 1266 4311 4,
1292 4250 1334 4304 it.
1356 4255 1392 4303 id.
1416 4269 1464 4315 pro

243 4328 330 4386 Quint.
348 4319 391 4384 31,
411 4321 454 4378 tii.
474 4327 507 4377 id.
527 4327 601 4379 Verr.
616 4327 647 4384 V,
666 4323 710 4382 21.
729 4321 764 4376 tit
783 4326 810 4376 ct
820 4324 866 4380 111.
879 4318 924 4381 85,
939 4317 998 4374 ittb.
1026 4323 1104 4374 Caes.
1122 4326 1149 4376 b.
1170 4325 1240 4374 Gall.
1256 4325 1278 4383 i,
1296 4317 1339 4374 43.
1376 4324 1463 4373 Hand.

242 4395 322 4448 Tura.
342 4397 362 4455 1,
381 4413 408 4462 p.
428 4391 489 4452 427.
526 4397 627 4448 Deinde
646 4397 780 4464 genitiuos
800 4395 935 4461 qualitatis
959 4407 1027 4460 quos
1050 4400 1150 4445 uocant
1172 4397 1267 4447 eodem
1289 4395 1370 4442 modo
1390 4395 1418 4443 ut
1435 4393 1463 4444 b.

242 4467 260 4520 1.
279 4465 398 4535 efficeris
416 4482 513 4536 sperae
523 4466 654 4534 serenas.
668 4464 739 4534 fidei
755 4481 807 4516 eos
825 4463 930 4518 latenas
946 4463 1094 4524 dcerde'ruc
1109 4467 1178 4519 duos
1197 4464 1346 4527 composuit
1357 4463 1417 4512 Vei
1430 4465 1463 4521 V,

244 4535 285 4599 to,
304 4534 330 4596 2,
350 4554 382 4590 ee
399 4543 522 4606 mernor
531 4537 602 4606 Jite'r's
610 4537 721 4604 formae
738 4534 859 4603 ιἰιιίφιίε.
879 4535 998 4602 mesiae
1014 4532 1122 4588 adan.
1157 4536 1201 4594 VI,
1219 4530 1247 4594 9,
1264 4529 1290 4592 8,
1309 4531 1465 4599 messus

241 4608 339 4662 mar
356 4635 391 4650 -
415 4609 559 4678 qffrenetae
581 4607 748 4670 amadus,
773 4603 949 4660 istolaobe'lie
969 4605 1090 4674 spiritus.
1124 4606 1199 4664 vin.
1226 4599 1273 4673 ta,
1291 4600 1324 4664 5,
1346 4608 1464 4656 uetustae

241 4678 367 4748 eripitis,
392 4679 485 4750 optino¹
502 4679 615 4734 maa
634 4695 707 4746 pers.
744 4680 796 4740 ix,
815 4677 847 4740 2,
873 4681 926 4732 est.
949 4673 980 4738 5,
1003 4673 1124 4730 abac&
1134 4676 1250 4745 semer,
1275 4674 1389 4756 spaerae
1406 4675 1465 4744 spei

236 4767 362 4822 mmm,
387 4754 433 4805 ubi
455 4755 538 4823 uulgo
563 4754 656 4806 contre
678 4752 799 4805 codicum
827 4763 895 4804 mss.
923 4751 1111 4801 :actoritatem
1139 4750 1268 4800 edebatur
1294 4751 1465 4816 apameeqrte.

1179 4835 1249 4902 200
