<?xml version="1.0" encoding="UTF-8"?>
<!DOCTYPE html PUBLIC "-//W3C//DTD XHTML 1.0 Transitional//EN"
    "http://www.w3.org/TR/xhtml1/DTD/xhtml1-transitional.dtd">
<html xmlns="http://www.w3.org/1999/xhtml" xml:lang="en" lang="en">
 <head>
  <title>
</title>
<meta http-equiv="Content-Type" content="text/html;charset=utf-8" />
  <meta name='ocr-system' content='tesseract 3.04.00' />
  <meta name='ocr-capabilities' content='ocr_page ocr_carea ocr_par ocr_line ocrx_word'/>
</head>
<body>
  <div class='ocr_page' id='page_1' title='image "./valerimaximifac00parigoog_0447.png"; bbox 0 0 3409 5400; ppageno 0'>
   <div class='ocr_carea' id='block_1_1' title="bbox 294 380 1302 455">
    <p class='ocr_par' dir='ltr' id='par_1_1' title="bbox 294 380 1302 455">
     <span class='ocr_line' id='line_1_1' title="bbox 294 380 1302 455; baseline -0.006 0"><span class='ocrx_word' id='word_1_1' title='bbox 294 388 361 455; x_wconf 76' lang='lat'><strong>482</strong></span> <span class='ocrx_word' id='word_1_2' title='bbox 515 385 575 451; x_wconf 83' lang='lat' dir='ltr'><strong>Dii</strong></span> <span class='ocrx_word' id='word_1_3' title='bbox 597 380 783 450; x_wconf 75' lang='lat' dir='ltr'><strong>PIETATE</strong></span> <span class='ocrx_word' id='word_1_4' title='bbox 806 381 929 451; x_wconf 79' lang='lat' dir='ltr'><strong>ERGA</strong></span> <span class='ocrx_word' id='word_1_5' title='bbox 950 380 1184 450; x_wconf 75' lang='lat' dir='ltr'>PARENTES</span> <span class='ocrx_word' id='word_1_6' title='bbox 1206 382 1302 450; x_wconf 71' lang='lat' dir='ltr'><strong>liic.</strong></span> 
     </span>
    </p>
   </div>
   <div class='ocr_carea' id='block_1_2' title="bbox 250 542 1554 1707">
    <p class='ocr_par' dir='ltr' id='par_1_2' title="bbox 293 542 1545 1062">
     <span class='ocr_line' id='line_1_2' title="bbox 295 542 1524 634; baseline -0.002 -22"><span class='ocrx_word' id='word_1_7' title='bbox 295 560 327 612; x_wconf 88' lang='lat' dir='ltr'><strong>et</strong></span> <span class='ocrx_word' id='word_1_8' title='bbox 348 549 454 613; x_wconf 90' lang='lat' dir='ltr'><strong>maior</strong></span> <span class='ocrx_word' id='word_1_9' title='bbox 477 558 556 613; x_wconf 89' lang='lat' dir='ltr'><strong>natu</strong></span> <span class='ocrx_word' id='word_1_10' title='bbox 584 546 703 611; x_wconf 89' lang='lat' dir='ltr'><strong>minori</strong></span> <span class='ocrx_word' id='word_1_11' title='bbox 731 558 762 609; x_wconf 89' lang='lat' dir='ltr'><strong>et</strong></span> <span class='ocrx_word' id='word_1_12' title='bbox 791 545 993 611; x_wconf 85' lang='lat' dir='ltr'><strong>fortissimus</strong></span> <span class='ocrx_word' id='word_1_13' title='bbox 1023 542 1135 611; x_wconf 91' lang='lat' dir='ltr'><strong>inbelli</strong></span> <span class='ocrx_word' id='word_1_14' title='bbox 1162 557 1195 611; x_wconf 86' lang='lat' dir='ltr'><strong>et</strong></span> <span class='ocrx_word' id='word_1_15' title='bbox 1221 546 1330 634; x_wconf 80' lang='lat' dir='ltr'><strong>gloria</strong></span> <span class='ocrx_word' id='word_1_16' title='bbox 1354 544 1524 611; x_wconf 86' lang='lat' dir='ltr'><strong>excellens</strong></span> 
     </span>
     <span class='ocr_line' id='line_1_3' title="bbox 293 650 1524 739; baseline 0 -20"><span class='ocrx_word' id='word_1_17' title='bbox 293 650 402 719; x_wconf 85' lang='lat' dir='ltr'><strong>laudis</strong></span> <span class='ocrx_word' id='word_1_18' title='bbox 425 655 517 739; x_wconf 92' lang='lat' dir='ltr'><strong>inopi</strong></span> <span class='ocrx_word' id='word_1_19' title='bbox 540 664 589 730; x_wconf 88' lang='lat' dir='ltr'><strong>et,</strong></span> <span class='ocrx_word' id='word_1_20' title='bbox 624 652 713 739; x_wconf 91' lang='lat' dir='ltr'><strong>quod</strong></span> <span class='ocrx_word' id='word_1_21' title='bbox 736 673 836 739; x_wconf 89' lang='lat' dir='ltr'><strong>super</strong></span> <span class='ocrx_word' id='word_1_22' title='bbox 860 655 972 717; x_wconf 90' lang='lat' dir='ltr'><strong>omnia</strong></span> <span class='ocrx_word' id='word_1_23' title='bbox 999 661 1065 729; x_wconf 87' lang='lat' dir='ltr'><strong>est,</strong></span> <span class='ocrx_word' id='word_1_24' title='bbox 1098 652 1245 718; x_wconf 88' lang='lat' dir='ltr'><strong>nondum</strong></span> <span class='ocrx_word' id='word_1_25' title='bbox 1258 654 1423 720; x_wconf 81' lang='lat' dir='ltr'><strong>-Asiatico</strong></span> <span class='ocrx_word' id='word_1_26' title='bbox 1450 656 1524 719; x_wconf 89' lang='lat' dir='ltr'><strong>iam</strong></span> 
     </span>
     <span class='ocr_line' id='line_1_4' title="bbox 293 759 1522 848; baseline 0 -21"><span class='ocrx_word' id='word_1_27' title='bbox 293 762 481 829; x_wconf 81' lang='lat' dir='ltr'><strong>Africanus.</strong></span> <span class='ocrx_word' id='word_1_28' title='bbox 526 760 641 848; x_wconf 89' lang='lat' dir='ltr'><strong>ltaque</strong></span> <span class='ocrx_word' id='word_1_29' title='bbox 664 759 923 825; x_wconf 84' lang='lat' dir='ltr'><strong>clarissimorum</strong></span> <span class='ocrx_word' id='word_1_30' title='bbox 946 762 1181 848; x_wconf 78' lang='lat' dir='ltr'><strong>cognominum</strong></span> <span class='ocrx_word' id='word_1_31' title='bbox 1204 759 1343 827; x_wconf 84' lang='lat' dir='ltr'><strong>alterum</strong></span> <span class='ocrx_word' id='word_1_32' title='bbox 1366 763 1522 848; x_wconf 79' lang='lat' dir='ltr'>sumpsit,</span> 
     </span>
     <span class='ocr_line' id='line_1_5' title="bbox 294 865 1521 955; baseline -0.002 -20"><span class='ocrx_word' id='word_1_33' title='bbox 294 869 430 935; x_wconf 87' lang='lat' dir='ltr'><strong>altemm</strong></span> <span class='ocrx_word' id='word_1_34' title='bbox 454 868 553 944; x_wconf 79' lang='lat' dir='ltr'><strong>dedit,</strong></span> <span class='ocrx_word' id='word_1_35' title='bbox 576 865 794 955; x_wconf 77' lang='lat' dir='ltr'><strong>triumphique</strong></span> <span class='ocrx_word' id='word_1_36' title='bbox 817 878 1020 953; x_wconf 88' lang='lat' dir='ltr'><strong>praetextum</strong></span> <span class='ocrx_word' id='word_1_37' title='bbox 1041 866 1140 931; x_wconf 92' lang='lat' dir='ltr'><strong>buius</strong></span> <span class='ocrx_word' id='word_1_38' title='bbox 1158 869 1253 954; x_wconf 83' lang='lat' dir='ltr'><strong>cepit,</strong></span> <span class='ocrx_word' id='word_1_39' title='bbox 1276 868 1364 935; x_wconf 89' lang='lat' dir='ltr'><strong>illius</strong></span> <span class='ocrx_word' id='word_1_40' title='bbox 1376 866 1521 943; x_wconf 75' lang='lat' dir='ltr'><strong>tradidit,</strong></span> 
     </span>
     <span class='ocr_line' id='line_1_6' title="bbox 293 975 1545 1062; baseline -0.002 -19"><span class='ocrx_word' id='word_1_41' title='bbox 293 977 473 1043; x_wconf 81' lang='lat' dir='ltr'><strong>ministerio</strong></span> <span class='ocrx_word' id='word_1_42' title='bbox 497 977 603 1043; x_wconf 86' lang='lat' dir='ltr'><strong>maior</strong></span> <span class='ocrx_word' id='word_1_43' title='bbox 626 975 917 1062; x_wconf 28' lang='lat' dir='ltr'><strong>aliquantolquam</strong></span> <span class='ocrx_word' id='word_1_44' title='bbox 938 976 1040 1039; x_wconf 72' lang='lat' dir='ltr'><strong>irater</strong></span> <span class='ocrx_word' id='word_1_45' title='bbox 1061 976 1210 1062; x_wconf 86' lang='lat' dir='ltr'><strong>imperio.</strong></span> <span class='ocrx_word' id='word_1_46' title='bbox 1528 987 1545 1030; x_wconf 66' lang='grc' dir='ltr'><strong>ὅ</strong></span> 
     </span>
    </p>

    <p class='ocr_par' dir='ltr' id='par_1_3' title="bbox 250 1078 1554 1707">
     <span class='ocr_line' id='line_1_7' title="bbox 250 1078 1519 1170; baseline -0.003 -19"><span class='ocrx_word' id='word_1_47' title='bbox 250 1084 282 1152; x_wconf 80' lang='grc'><strong>2.</strong></span> <span class='ocrx_word' id='word_1_48' title='bbox 381 1084 516 1149; x_wconf 87' lang='lat' dir='ltr'><strong>Marcus</strong></span> <span class='ocrx_word' id='word_1_49' title='bbox 543 1104 625 1148; x_wconf 89' lang='lat' dir='ltr'><strong>uero</strong></span> <span class='ocrx_word' id='word_1_50' title='bbox 647 1082 768 1149; x_wconf 81' lang='lat' dir='ltr'><strong>Fabius</strong></span> <span class='ocrx_word' id='word_1_51' title='bbox 797 1080 915 1148; x_wconf 90' lang='lat' dir='ltr'><strong>consul</strong></span> <span class='ocrx_word' id='word_1_52' title='bbox 940 1081 1053 1147; x_wconf 89' lang='lat' dir='ltr'><strong>inclita</strong></span> <span class='ocrx_word' id='word_1_53' title='bbox 1082 1104 1196 1170; x_wconf 80' lang='lat' dir='ltr'><strong>pugna</strong></span> <span class='ocrx_word' id='word_1_54' title='bbox 1216 1082 1366 1150; x_wconf 75' lang='lat' dir='ltr'><strong>Etruscis</strong></span> <span class='ocrx_word' id='word_1_55' title='bbox 1394 1094 1427 1147; x_wconf 87' lang='lat' dir='ltr'><strong>et</strong></span> <span class='ocrx_word' id='word_1_56' title='bbox 1448 1078 1519 1147; x_wconf 83' lang='lat' dir='ltr'><strong>Ve-</strong></span> 
     </span>
     <span class='ocr_line' id='line_1_8' title="bbox 292 1189 1519 1279; baseline -0.002 -24"><span class='ocrx_word' id='word_1_57' title='bbox 292 1191 433 1257; x_wconf 89' lang='lat' dir='ltr'><strong>ientibus</strong></span> <span class='ocrx_word' id='word_1_58' title='bbox 456 1191 620 1277; x_wconf 83' lang='lat' dir='ltr'><strong>superetis</strong></span> <span class='ocrx_word' id='word_1_59' title='bbox 643 1190 787 1256; x_wconf 85' lang='lat' dir='ltr'><strong>delatum</strong></span> <span class='ocrx_word' id='word_1_60' title='bbox 809 1189 875 1255; x_wconf 88' lang='lat' dir='ltr'><strong>sibi</strong></span> <span class='ocrx_word' id='word_1_61' title='bbox 895 1210 1025 1257; x_wconf 88' lang='lat' dir='ltr'><strong>summo</strong></span> <span class='ocrx_word' id='word_1_62' title='bbox 1047 1201 1185 1255; x_wconf 85' lang='lat' dir='ltr'><strong>senatos</strong></span> <span class='ocrx_word' id='word_1_63' title='bbox 1206 1190 1385 1279; x_wconf 78' lang='lat' dir='ltr'><strong>populique</strong></span> <span class='ocrx_word' id='word_1_64' title='bbox 1406 1189 1519 1257; x_wconf 89' lang='lat' dir='ltr'><strong>studio</strong></span> 
     </span>
     <span class='ocr_line' id='line_1_9' title="bbox 292 1296 1520 1386; baseline 0 -25"><span class='ocrx_word' id='word_1_65' title='bbox 292 1297 490 1386; x_wconf 90' lang='lat' dir='ltr'><strong>triumphum</strong></span> <span class='ocrx_word' id='word_1_66' title='bbox 513 1298 632 1365; x_wconf 88' lang='lat' dir='ltr'><strong>ducere</strong></span> <span class='ocrx_word' id='word_1_67' title='bbox 656 1320 722 1363; x_wconf 91' lang='lat' dir='ltr'><strong>non</strong></span> <span class='ocrx_word' id='word_1_68' title='bbox 737 1298 902 1374; x_wconf 79' lang='lat' dir='ltr'><strong>sustinuit,</strong></span> <span class='ocrx_word' id='word_1_69' title='bbox 924 1297 1003 1385; x_wconf 90' lang='lat' dir='ltr'><strong>quia</strong></span> <span class='ocrx_word' id='word_1_70' title='bbox 1018 1319 1058 1361; x_wconf 91' lang='lat' dir='ltr'><strong>eo</strong></span> <span class='ocrx_word' id='word_1_71' title='bbox 1080 1296 1207 1384; x_wconf 89' lang='lat' dir='ltr'><strong>proelio</strong></span> <span class='ocrx_word' id='word_1_72' title='bbox 1222 1296 1264 1379; x_wconf 83' lang='lat' dir='ltr'><strong>Q.</strong></span> <span class='ocrx_word' id='word_1_73' title='bbox 1279 1297 1402 1363; x_wconf 78' lang='lat' dir='ltr'><strong>Fabius</strong></span> <span class='ocrx_word' id='word_1_74' title='bbox 1416 1298 1520 1362; x_wconf 73' lang='lat' dir='ltr'><strong>stater</strong></span> 
     </span>
     <span class='ocr_line' id='line_1_10' title="bbox 292 1403 1516 1486; baseline -0.002 -16"><span class='ocrx_word' id='word_1_75' title='bbox 292 1407 362 1471; x_wconf 90' lang='lat' dir='ltr'><strong>eius</strong></span> <span class='ocrx_word' id='word_1_76' title='bbox 386 1404 569 1471; x_wconf 87' lang='lat' dir='ltr'><strong>consularis</strong></span> <span class='ocrx_word' id='word_1_77' title='bbox 593 1406 772 1471; x_wconf 87' lang='lat' dir='ltr'><strong>fortissimo</strong></span> <span class='ocrx_word' id='word_1_78' title='bbox 801 1404 964 1469; x_wconf 82' lang='lat' dir='ltr'><strong>dimicans</strong></span> <span class='ocrx_word' id='word_1_79' title='bbox 994 1403 1168 1470; x_wconf 82' lang='lat' dir='ltr'><strong>occiderat.</strong></span> <span class='ocrx_word' id='word_1_80' title='bbox 1222 1403 1389 1486; x_wconf 83' lang='lat' dir='ltr'><strong>Quantam</strong></span> <span class='ocrx_word' id='word_1_81' title='bbox 1416 1406 1452 1470; x_wconf 93' lang='lat' dir='ltr'><strong>in</strong></span> <span class='ocrx_word' id='word_1_82' title='bbox 1476 1426 1516 1468; x_wconf 91' lang='lat' dir='ltr'><strong>eo</strong></span> 
     </span>
     <span class='ocr_line' id='line_1_11' title="bbox 290 1510 1554 1600; baseline -0.002 -25"><span class='ocrx_word' id='word_1_83' title='bbox 290 1524 422 1599; x_wconf 87' lang='lat' dir='ltr'><strong>pectore</strong></span> <span class='ocrx_word' id='word_1_84' title='bbox 436 1514 591 1599; x_wconf 88' lang='lat' dir='ltr'><strong>pietatem</strong></span> <span class='ocrx_word' id='word_1_85' title='bbox 606 1514 769 1577; x_wconf 85' lang='lat' dir='ltr'><strong>fraternae</strong></span> <span class='ocrx_word' id='word_1_86' title='bbox 785 1513 929 1577; x_wconf 84' lang='lat' dir='ltr'><strong>caritatis</strong></span> <span class='ocrx_word' id='word_1_87' title='bbox 945 1510 1116 1577; x_wconf 79' lang='lat' dir='ltr'><strong>habitasse</strong></span> <span class='ocrx_word' id='word_1_88' title='bbox 1132 1512 1368 1591; x_wconf 86' lang='lat' dir='ltr'><strong>existimemus,</strong></span> <span class='ocrx_word' id='word_1_89' title='bbox 1383 1524 1554 1600; x_wconf 79' lang='lat' dir='ltr'><strong>propterte</strong></span> 
     </span>
     <span class='ocr_line' id='line_1_12' title="bbox 292 1617 1352 1707; baseline -0.001 -24"><span class='ocrx_word' id='word_1_90' title='bbox 292 1642 391 1707; x_wconf 90' lang='lat' dir='ltr'><strong>quam</strong></span> <span class='ocrx_word' id='word_1_91' title='bbox 415 1631 522 1687; x_wconf 88' lang='lat' dir='ltr'><strong>tantus</strong></span> <span class='ocrx_word' id='word_1_92' title='bbox 546 1619 742 1707; x_wconf 87' lang='lat' dir='ltr'><strong>amplissimi</strong></span> <span class='ocrx_word' id='word_1_93' title='bbox 764 1617 902 1685; x_wconf 89' lang='lat' dir='ltr'><strong>honoris</strong></span> <span class='ocrx_word' id='word_1_94' title='bbox 925 1618 1034 1707; x_wconf 79' lang='lat' dir='ltr'><strong>fulgor</strong></span> <span class='ocrx_word' id='word_1_95' title='bbox 1057 1620 1202 1707; x_wconf 80' lang='lat' dir='ltr'><strong>extingui</strong></span> <span class='ocrx_word' id='word_1_96' title='bbox 1223 1618 1352 1706; x_wconf 77' lang='lat' dir='ltr'><strong>potuit‘i</strong></span> 
     </span>
    </p>
   </div>
   <div class='ocr_carea' id='block_1_3' title="bbox 293 1794 1514 1941">
    <p class='ocr_par' dir='ltr' id='par_1_4' title="bbox 293 1794 1514 1941">
     <span class='ocr_line' id='line_1_13' title="bbox 293 1794 1513 1924; baseline 0.004 -75"><span class='ocrx_word' id='word_1_97' title='bbox 293 1794 317 1849; x_wconf 87' lang='lat' dir='ltr'><strong>i.</strong></span> <span class='ocrx_word' id='word_1_98' title='bbox 335 1798 437 1883; x_wconf 78' lang='lat' dir='ltr'><strong>inbelli]</strong></span> <span class='ocrx_word' id='word_1_99' title='bbox 457 1802 484 1849; x_wconf 91' lang='lat' dir='ltr'><strong>et</strong></span> <span class='ocrx_word' id='word_1_100' title='bbox 500 1800 564 1849; x_wconf 90' lang='lat' dir='ltr'><strong>beili</strong></span> <span class='ocrx_word' id='word_1_101' title='bbox 582 1794 703 1851; x_wconf 77' lang='lat' dir='ltr'><strong>AGEF.</strong></span> <span class='ocrx_word' id='word_1_102' title='bbox 722 1800 846 1850; x_wconf 82' lang='lat' dir='ltr'><strong>imbecilli</strong></span> <span class='ocrx_word' id='word_1_103' title='bbox 864 1797 936 1924; x_wconf 42' lang='grc' dir='ltr'><strong>ΙΨ</strong></span> <span class='ocrx_word' id='word_1_104' title='bbox 955 1803 983 1851; x_wconf 88' lang='lat' dir='ltr'><strong>et</strong></span> <span class='ocrx_word' id='word_1_105' title='bbox 1020 1798 1100 1865; x_wconf 78' lang='lat' dir='ltr'><strong>loris]</strong></span> <span class='ocrx_word' id='word_1_106' title='bbox 1118 1825 1132 1853; x_wconf 61' lang='lat' dir='ltr'><strong>e</strong></span> <span class='ocrx_word' id='word_1_107' title='bbox 1150 1800 1241 1885; x_wconf 73' lang='lat' dir='ltr'><strong>glqria</strong></span> <span class='ocrx_word' id='word_1_108' title='bbox 1256 1797 1289 1853; x_wconf 83' lang='grc' dir='ltr'><strong>Α.</strong></span> <span class='ocrx_word' id='word_1_109' title='bbox 1312 1802 1401 1885; x_wconf 72' lang='lat' dir='ltr'><strong>gloria</strong></span> <span class='ocrx_word' id='word_1_110' title='bbox 1421 1797 1513 1854; x_wconf 65' lang='lat' dir='ltr'><strong>ciiii.</strong></span> 
     </span>
     <span class='ocr_line' id='line_1_14' title="bbox 301 1864 1514 1941; baseline 0.002 -22"><span class='ocrx_word' id='word_1_111' title='bbox 301 1864 353 1934; x_wconf 74' lang='grc'><strong>112.</strong></span> <span class='ocrx_word' id='word_1_112' title='bbox 372 1884 425 1919; x_wconf 85' lang='lat' dir='ltr'><strong>mm</strong></span> <span class='ocrx_word' id='word_1_113' title='bbox 445 1883 493 1923; x_wconf 85' lang='lat' dir='ltr'><strong>om.</strong></span> <span class='ocrx_word' id='word_1_114' title='bbox 512 1867 544 1921; x_wconf 79' lang='lat' dir='ltr'><strong>F.</strong></span> <span class='ocrx_word' id='word_1_115' title='bbox 558 1868 570 1939; x_wconf 83' lang='grc' dir='ltr'><strong>ΙΙ</strong></span> <span class='ocrx_word' id='word_1_116' title='bbox 584 1867 610 1921; x_wconf 76' lang='grc'><strong>4.</strong></span> <span class='ocrx_word' id='word_1_117' title='bbox 628 1872 795 1934; x_wconf 74' lang='lat' dir='ltr'><strong>praetextam</strong></span> <span class='ocrx_word' id='word_1_118' title='bbox 813 1867 901 1923; x_wconf 79' lang='lat' dir='ltr'><strong>Act)</strong></span> <span class='ocrx_word' id='word_1_119' title='bbox 942 1868 995 1923; x_wconf 76' lang='lat' dir='ltr'><strong>si·</strong></span> <span class='ocrx_word' id='word_1_120' title='bbox 1023 1886 1078 1923; x_wconf 85' lang='lat' dir='ltr'><strong>orr.</strong></span> <span class='ocrx_word' id='word_1_121' title='bbox 1092 1868 1106 1941; x_wconf 75' lang='grc' dir='ltr'><strong>ΙΙ</strong></span> <span class='ocrx_word' id='word_1_122' title='bbox 1126 1874 1214 1936; x_wconf 77' lang='lat' dir='ltr'><strong>coepit</strong></span> <span class='ocrx_word' id='word_1_123' title='bbox 1231 1868 1263 1924; x_wconf 77' lang='lat' dir='ltr'><strong>A.</strong></span> <span class='ocrx_word' id='word_1_124' title='bbox 1286 1873 1391 1937; x_wconf 78' lang='lat' dir='ltr'><strong>accepit</strong></span> <span class='ocrx_word' id='word_1_125' title='bbox 1407 1869 1443 1923; x_wconf 83' lang='grc' dir='ltr'><strong>Ε.</strong></span> <span class='ocrx_word' id='word_1_126' title='bbox 1467 1887 1514 1922; x_wconf 82' lang='lat' dir='ltr'><strong>ex·</strong></span> 
     </span>
    </p>
   </div>
   <div class='ocr_carea' id='block_1_4' title="bbox 288 1937 1513 2369">
    <p class='ocr_par' dir='ltr' id='par_1_5' title="bbox 291 1937 1513 2009">
     <span class='ocr_line' id='line_1_15' title="bbox 291 1937 1513 2009; baseline 0.003 -19"><span class='ocrx_word' id='word_1_127' title='bbox 291 1942 362 2005; x_wconf 86' lang='lat' dir='ltr'><strong>cepit</strong></span> <span class='ocrx_word' id='word_1_128' title='bbox 382 1938 459 1993; x_wconf 79' lang='lat' dir='ltr'><strong>Torr.</strong></span> <span class='ocrx_word' id='word_1_129' title='bbox 474 1941 485 2009; x_wconf 87' lang='grc' dir='ltr'><strong>ΙΙ</strong></span> <span class='ocrx_word' id='word_1_130' title='bbox 500 1937 526 1991; x_wconf 81' lang='grc'><strong>5.</strong></span> <span class='ocrx_word' id='word_1_131' title='bbox 545 1942 680 2007; x_wconf 85' lang='lat' dir='ltr'><strong>aliquanto</strong></span> <span class='ocrx_word' id='word_1_132' title='bbox 698 1944 785 1993; x_wconf 87' lang='lat' dir='ltr'><strong>maior</strong></span> <span class='ocrx_word' id='word_1_133' title='bbox 802 1943 950 1995; x_wconf 85' lang='lat' dir='ltr'><strong>ministerio</strong></span> <span class='ocrx_word' id='word_1_134' title='bbox 968 1938 998 1997; x_wconf 87' lang='grc' dir='ltr'><strong>Γ.</strong></span> <span class='ocrx_word' id='word_1_135' title='bbox 1017 1944 1164 1995; x_wconf 89' lang='lat' dir='ltr'><strong>ministerio</strong></span> <span class='ocrx_word' id='word_1_136' title='bbox 1180 1943 1318 2008; x_wconf 68' lang='lat' dir='ltr'><strong>aliquam</strong></span> <span class='ocrx_word' id='word_1_137' title='bbox 1335 1945 1422 1994; x_wconf 84' lang='lat' dir='ltr'><strong>maior</strong></span> <span class='ocrx_word' id='word_1_138' title='bbox 1434 1940 1513 1995; x_wconf 77' lang='lat' dir='ltr'><strong>Tm.</strong></span> 
     </span>
    </p>

    <p class='ocr_par' dir='ltr' id='par_1_6' title="bbox 304 2006 1513 2080">
     <span class='ocr_line' id='line_1_16' title="bbox 304 2006 1513 2080; baseline 0.002 -19"><span class='ocrx_word' id='word_1_139' title='bbox 304 2008 316 2075; x_wconf 92' lang='grc' dir='ltr'><strong>ΙΙ</strong></span> <span class='ocrx_word' id='word_1_140' title='bbox 330 2006 355 2064; x_wconf 82' lang='grc' dir='ltr'><strong>θ.</strong></span> <span class='ocrx_word' id='word_1_141' title='bbox 374 2011 506 2077; x_wconf 82' lang='lat' dir='ltr'><strong>Etruscis]</strong></span> <span class='ocrx_word' id='word_1_142' title='bbox 526 2015 553 2063; x_wconf 91' lang='lat' dir='ltr'><strong>et</strong></span> <span class='ocrx_word' id='word_1_143' title='bbox 571 2014 665 2064; x_wconf 86' lang='lat' dir='ltr'><strong>amicis</strong></span> <span class='ocrx_word' id='word_1_144' title='bbox 686 2009 739 2064; x_wconf 81' lang='grc' dir='ltr'><strong>ΟΓ</strong></span> <span class='ocrx_word' id='word_1_145' title='bbox 755 2018 781 2063; x_wconf 89' lang='lat' dir='ltr'><strong>et</strong></span> <span class='ocrx_word' id='word_1_146' title='bbox 786 2028 833 2080; x_wconf 83' lang='lat' dir='ltr'><strong>pr.</strong></span> <span class='ocrx_word' id='word_1_147' title='bbox 842 2011 876 2065; x_wconf 74' lang='lat' dir='ltr'><strong>A.</strong></span> <span class='ocrx_word' id='word_1_148' title='bbox 895 2018 922 2065; x_wconf 91' lang='lat' dir='ltr'><strong>et</strong></span> <span class='ocrx_word' id='word_1_149' title='bbox 940 2014 1043 2065; x_wconf 86' lang='lat' dir='ltr'><strong>amiclis</strong></span> <span class='ocrx_word' id='word_1_150' title='bbox 1056 2028 1126 2067; x_wconf 83' lang='lat' dir='ltr'><strong>corr.</strong></span> <span class='ocrx_word' id='word_1_151' title='bbox 1138 2010 1171 2065; x_wconf 81' lang='lat' dir='ltr'><strong>A.</strong></span> <span class='ocrx_word' id='word_1_152' title='bbox 1189 2018 1219 2064; x_wconf 93' lang='lat' dir='ltr'><strong>et</strong></span> <span class='ocrx_word' id='word_1_153' title='bbox 1230 2015 1352 2065; x_wconf 84' lang='lat' dir='ltr'><strong>amiculis</strong></span> <span class='ocrx_word' id='word_1_154' title='bbox 1370 2013 1398 2064; x_wconf 82' lang='lat' dir='ltr'><strong>is</strong></span> <span class='ocrx_word' id='word_1_155' title='bbox 1415 2028 1513 2066; x_wconf 69' lang='lat' dir='ltr'><strong>rasura</strong></span> 
     </span>
    </p>

    <p class='ocr_par' dir='ltr' id='par_1_7' title="bbox 290 2078 1513 2154">
     <span class='ocr_line' id='line_1_17' title="bbox 290 2078 1513 2154; baseline 0.001 -20"><span class='ocrx_word' id='word_1_156' title='bbox 290 2078 328 2135; x_wconf 92' lang='lat' dir='ltr'><strong>D.</strong></span> <span class='ocrx_word' id='word_1_157' title='bbox 347 2084 450 2134; x_wconf 87' lang='lat' dir='ltr'><strong>amiclis</strong></span> <span class='ocrx_word' id='word_1_158' title='bbox 468 2081 500 2137; x_wconf 76' lang='lat' dir='ltr'><strong>F.</strong></span> <span class='ocrx_word' id='word_1_159' title='bbox 512 2082 526 2151; x_wconf 92' lang='grc' dir='ltr'><strong>ΙΙ</strong></span> <span class='ocrx_word' id='word_1_160' title='bbox 537 2086 706 2135; x_wconf 85' lang='lat' dir='ltr'><strong>uenientibus</strong></span> <span class='ocrx_word' id='word_1_161' title='bbox 721 2098 766 2151; x_wconf 85' lang='lat' dir='ltr'><strong>pr.</strong></span> <span class='ocrx_word' id='word_1_162' title='bbox 783 2081 815 2136; x_wconf 81' lang='lat' dir='ltr'><strong>A.</strong></span> <span class='ocrx_word' id='word_1_163' title='bbox 827 2083 841 2151; x_wconf 88' lang='grc' dir='ltr'><strong>ΙΙ</strong></span> <span class='ocrx_word' id='word_1_164' title='bbox 853 2082 878 2138; x_wconf 83' lang='grc'><strong>8.</strong></span> <span class='ocrx_word' id='word_1_165' title='bbox 896 2087 1051 2150; x_wconf 85' lang='lat' dir='ltr'><strong>proelioque</strong></span> <span class='ocrx_word' id='word_1_166' title='bbox 1070 2088 1159 2136; x_wconf 80' lang='lat' dir='ltr'><strong>tabtus</strong></span> <span class='ocrx_word' id='word_1_167' title='bbox 1178 2082 1206 2137; x_wconf 83' lang='lat'><strong>0.</strong></span> <span class='ocrx_word' id='word_1_168' title='bbox 1223 2083 1238 2154; x_wconf 82' lang='grc' dir='ltr'><strong>ΙΙ</strong></span> <span class='ocrx_word' id='word_1_169' title='bbox 1254 2080 1280 2137; x_wconf 84' lang='grc'><strong>9.</strong></span> <span class='ocrx_word' id='word_1_170' title='bbox 1300 2085 1371 2152; x_wconf 85' lang='lat' dir='ltr'><strong>eius]</strong></span> <span class='ocrx_word' id='word_1_171' title='bbox 1390 2082 1452 2137; x_wconf 80' lang='lat' dir='ltr'><strong>add</strong></span> <span class='ocrx_word' id='word_1_172' title='bbox 1472 2087 1513 2135; x_wconf 88' lang='lat' dir='ltr'><strong>uir</strong></span> 
     </span>
    </p>

    <p class='ocr_par' dir='ltr' id='par_1_8' title="bbox 290 2151 1512 2223">
     <span class='ocr_line' id='line_1_18' title="bbox 290 2151 1512 2223; baseline 0.001 -16"><span class='ocrx_word' id='word_1_173' title='bbox 290 2152 321 2207; x_wconf 81' lang='grc' dir='ltr'><strong>Γ.</strong></span> <span class='ocrx_word' id='word_1_174' title='bbox 332 2151 346 2220; x_wconf 93' lang='grc' dir='ltr'><strong>ΙΙ</strong></span> <span class='ocrx_word' id='word_1_175' title='bbox 358 2156 490 2207; x_wconf 87' lang='lat' dir='ltr'><strong>ceciderat</strong></span> <span class='ocrx_word' id='word_1_176' title='bbox 506 2152 544 2209; x_wconf 88' lang='lat' dir='ltr'><strong>D.</strong></span> <span class='ocrx_word' id='word_1_177' title='bbox 556 2153 569 2222; x_wconf 94' lang='grc' dir='ltr'><strong>ΙΙ</strong></span> <span class='ocrx_word' id='word_1_178' title='bbox 582 2158 708 2222; x_wconf 89' lang='lat' dir='ltr'><strong>quantum</strong></span> <span class='ocrx_word' id='word_1_179' title='bbox 720 2170 768 2223; x_wconf 85' lang='lat' dir='ltr'><strong>pr.</strong></span> <span class='ocrx_word' id='word_1_180' title='bbox 785 2153 843 2222; x_wconf 68' lang='lat' dir='ltr'><strong>dil</strong></span> <span class='ocrx_word' id='word_1_181' title='bbox 857 2154 899 2209; x_wconf 82' lang='lat' dir='ltr'><strong>ts.</strong></span> <span class='ocrx_word' id='word_1_182' title='bbox 911 2158 1031 2209; x_wconf 69' lang='lat' dir='ltr'><strong>aritstu</strong></span> <span class='ocrx_word' id='word_1_183' title='bbox 1048 2159 1177 2221; x_wconf 84' lang='lat' dir='ltr'><strong>pietatem</strong></span> <span class='ocrx_word' id='word_1_184' title='bbox 1194 2155 1303 2221; x_wconf 71' lang='lat' dir='ltr'><strong>(onim</strong></span> <span class='ocrx_word' id='word_1_185' title='bbox 1315 2157 1461 2222; x_wconf 58' lang='lat' dir='ltr'><strong>numae)</strong></span> <span class='ocrx_word' id='word_1_186' title='bbox 1479 2153 1512 2208; x_wconf 76' lang='lat' dir='ltr'><strong>F.</strong></span> 
     </span>
    </p>

    <p class='ocr_par' dir='ltr' id='par_1_9' title="bbox 288 2219 1512 2369">
     <span class='ocr_line' id='line_1_19' title="bbox 288 2219 1512 2369; baseline 0.001 -92"><span class='ocrx_word' id='word_1_187' title='bbox 288 2219 380 2369; x_wconf 47' lang='lat' dir='ltr'><strong>Min</strong></span> <span class='ocrx_word' id='word_1_188' title='bbox 392 2243 471 2293; x_wconf 86' lang='lat' dir='ltr'><strong>quem</strong></span> <span class='ocrx_word' id='word_1_189' title='bbox 492 2224 557 2350; x_wconf 38' lang='lat' dir='ltr'><strong>(sifai</strong></span> <span class='ocrx_word' id='word_1_190' title='bbox 568 2242 615 2295; x_wconf 82' lang='lat' dir='ltr'><strong>pr.</strong></span> <span class='ocrx_word' id='word_1_191' title='bbox 633 2226 665 2280; x_wconf 72' lang='lat' dir='ltr'><strong>A.</strong></span> <span class='ocrx_word' id='word_1_192' title='bbox 679 2224 692 2297; x_wconf 81' lang='grc' dir='ltr'>Η</span> <span class='ocrx_word' id='word_1_193' title='bbox 706 2225 808 2294; x_wconf 78' lang='lat' dir='ltr'><strong>tantus]</strong></span> <span class='ocrx_word' id='word_1_194' title='bbox 823 2232 887 2293; x_wconf 86' lang='lat' dir='ltr'><strong>post</strong></span> <span class='ocrx_word' id='word_1_195' title='bbox 904 2230 1014 2279; x_wconf 89' lang='lat' dir='ltr'><strong>honoris</strong></span> <span class='ocrx_word' id='word_1_196' title='bbox 1035 2225 1112 2284; x_wconf 77' lang='lat' dir='ltr'><strong>Terr.</strong></span> <span class='ocrx_word' id='word_1_197' title='bbox 1134 2242 1185 2281; x_wconf 84' lang='lat' dir='ltr'><strong>oss.</strong></span> <span class='ocrx_word' id='word_1_198' title='bbox 1202 2224 1230 2282; x_wconf 82' lang='lat' dir='ltr'><strong>C.</strong></span> <span class='ocrx_word' id='word_1_199' title='bbox 1249 2227 1262 2297; x_wconf 77' lang='grc' dir='ltr'><strong>[Ι</strong></span> <span class='ocrx_word' id='word_1_200' title='bbox 1283 2229 1443 2294; x_wconf 82' lang='lat' dir='ltr'><strong>amplissimi</strong></span> <span class='ocrx_word' id='word_1_201' title='bbox 1461 2242 1512 2278; x_wconf 70' lang='lat' dir='ltr'><strong>on.</strong></span> 
     </span>
     <span class='ocr_line' id='line_1_20' title="bbox 346 2299 531 2368; baseline 0.005 -17"><span class='ocrx_word' id='word_1_202' title='bbox 346 2337 353 2351; x_wconf 86' lang='lat'><strong>.</strong></span> <span class='ocrx_word' id='word_1_203' title='bbox 394 2299 485 2368; x_wconf 76' lang='lat' dir='ltr'><strong>fulgur</strong></span> <span class='ocrx_word' id='word_1_204' title='bbox 523 2337 531 2352; x_wconf 87' lang='lat'><strong>.</strong></span> 
     </span>
    </p>
   </div>
   <div class='ocr_carea' id='block_1_5' title="bbox 280 2422 1511 4713">
    <p class='ocr_par' dir='ltr' id='par_1_10' title="bbox 285 2422 1511 3138">
     <span class='ocr_line' id='line_1_21' title="bbox 352 2422 1510 2492; baseline 0.001 -18"><span class='ocrx_word' id='word_1_205' title='bbox 352 2422 521 2489; x_wconf 81' lang='lat' dir='ltr'><strong>fortissimus</strong></span> <span class='ocrx_word' id='word_1_206' title='bbox 537 2422 638 2489; x_wconf 73' lang='lat' dir='ltr'><strong>inbelli)</strong></span> <span class='ocrx_word' id='word_1_207' title='bbox 661 2422 744 2475; x_wconf 79' lang='lat' dir='ltr'><strong>Erant</strong></span> <span class='ocrx_word' id='word_1_208' title='bbox 768 2425 792 2473; x_wconf 93' lang='lat' dir='ltr'><strong>in</strong></span> <span class='ocrx_word' id='word_1_209' title='bbox 812 2425 960 2489; x_wconf 83' lang='lat' dir='ltr'><strong>archetypo</strong></span> <span class='ocrx_word' id='word_1_210' title='bbox 979 2426 1057 2484; x_wconf 86' lang='lat' dir='ltr'><strong>haec,</strong></span> <span class='ocrx_word' id='word_1_211' title='bbox 1076 2422 1242 2491; x_wconf 67' lang='lat' dir='ltr'><strong>fortissimas</strong></span> <span class='ocrx_word' id='word_1_212' title='bbox 1260 2428 1285 2477; x_wconf 85' lang='lat' dir='ltr'><strong>et</strong></span> <span class='ocrx_word' id='word_1_213' title='bbox 1303 2422 1365 2476; x_wconf 81' lang='lat' dir='ltr'><strong>belii</strong></span> <span class='ocrx_word' id='word_1_214' title='bbox 1382 2430 1408 2476; x_wconf 88' lang='lat' dir='ltr'><strong>et</strong></span> <span class='ocrx_word' id='word_1_215' title='bbox 1421 2424 1510 2492; x_wconf 74' lang='lat' dir='ltr'><strong>pior-is</strong></span> 
     </span>
     <span class='ocr_line' id='line_1_22' title="bbox 288 2492 1511 2562; baseline 0.002 -17"><span class='ocrx_word' id='word_1_216' title='bbox 288 2494 422 2547; x_wconf 80' lang='lat' dir='ltr'><strong>ecceiiess.</strong></span> <span class='ocrx_word' id='word_1_217' title='bbox 468 2495 537 2545; x_wconf 87' lang='lat' dir='ltr'><strong>Nam</strong></span> <span class='ocrx_word' id='word_1_218' title='bbox 561 2500 588 2546; x_wconf 88' lang='lat' dir='ltr'><strong>et</strong></span> <span class='ocrx_word' id='word_1_219' title='bbox 610 2500 672 2547; x_wconf 84' lang='lat' dir='ltr'><strong>ante</strong></span> <span class='ocrx_word' id='word_1_220' title='bbox 695 2492 783 2561; x_wconf 78' lang='lat' dir='ltr'><strong>pieria</strong></span> <span class='ocrx_word' id='word_1_221' title='bbox 807 2495 972 2546; x_wconf 87' lang='lat' dir='ltr'><strong>Berncnscm</strong></span> <span class='ocrx_word' id='word_1_222' title='bbox 995 2512 1101 2562; x_wconf 85' lang='lat' dir='ltr'><strong>qnoque</strong></span> <span class='ocrx_word' id='word_1_223' title='bbox 1124 2498 1243 2548; x_wconf 86' lang='lat' dir='ltr'><strong>codicem</strong></span> <span class='ocrx_word' id='word_1_224' title='bbox 1266 2498 1329 2547; x_wconf 88' lang='lat' dir='ltr'><strong>olim</strong></span> <span class='ocrx_word' id='word_1_225' title='bbox 1353 2498 1511 2548; x_wconf 79' lang='lat' dir='ltr'><strong>exhibuisse</strong></span> 
     </span>
     <span class='ocr_line' id='line_1_23' title="bbox 287 2566 1510 2630; baseline 0.004 -15"><span class='ocrx_word' id='word_1_226' title='bbox 287 2568 387 2616; x_wconf 85' lang='lat' dir='ltr'><strong>indicat</strong></span> <span class='ocrx_word' id='word_1_227' title='bbox 404 2580 501 2617; x_wconf 87' lang='lat' dir='ltr'><strong>rasura</strong></span> <span class='ocrx_word' id='word_1_228' title='bbox 519 2580 603 2630; x_wconf 82' lang='lat' dir='ltr'><strong>supra</strong></span> <span class='ocrx_word' id='word_1_229' title='bbox 619 2568 736 2618; x_wconf 83' lang='lat' dir='ltr'><strong>enotata</strong></span> <span class='ocrx_word' id='word_1_230' title='bbox 777 2566 925 2617; x_wconf 74' lang='lat' dir='ltr'><strong>Manifesta</strong></span> <span class='ocrx_word' id='word_1_231' title='bbox 947 2570 1037 2619; x_wconf 81' lang='lat' dir='ltr'><strong>eutem</strong></span> <span class='ocrx_word' id='word_1_232' title='bbox 1062 2569 1213 2619; x_wconf 87' lang='lat' dir='ltr'><strong>coniectura</strong></span> <span class='ocrx_word' id='word_1_233' title='bbox 1236 2569 1299 2619; x_wconf 85' lang='lat' dir='ltr'><strong>inde</strong></span> <span class='ocrx_word' id='word_1_234' title='bbox 1321 2584 1340 2619; x_wconf 80' lang='lat' dir='ltr'><strong>a</strong></span> <span class='ocrx_word' id='word_1_235' title='bbox 1360 2572 1510 2620; x_wconf 72' lang='lat' dir='ltr'><strong>conectorc</strong></span> 
     </span>
     <span class='ocr_line' id='line_1_24' title="bbox 288 2636 1511 2705; baseline 0.004 -19"><span class='ocrx_word' id='word_1_236' title='bbox 288 2636 350 2686; x_wconf 90' lang='lat' dir='ltr'><strong>libri</strong></span> <span class='ocrx_word' id='word_1_237' title='bbox 372 2636 518 2687; x_wconf 77' lang='lat' dir='ltr'><strong>tiernensis</strong></span> <span class='ocrx_word' id='word_1_238' title='bbox 543 2641 570 2688; x_wconf 85' lang='lat' dir='ltr'><strong>et</strong></span> <span class='ocrx_word' id='word_1_239' title='bbox 592 2638 618 2687; x_wconf 92' lang='lat' dir='ltr'><strong>in</strong></span> <span class='ocrx_word' id='word_1_240' title='bbox 647 2638 757 2689; x_wconf 88' lang='lat' dir='ltr'><strong>alterius</strong></span> <span class='ocrx_word' id='word_1_241' title='bbox 780 2637 900 2688; x_wconf 84' lang='lat' dir='ltr'><strong>familiae</strong></span> <span class='ocrx_word' id='word_1_242' title='bbox 924 2638 1011 2689; x_wconf 85' lang='lat' dir='ltr'><strong>altera</strong></span> <span class='ocrx_word' id='word_1_243' title='bbox 1033 2642 1109 2704; x_wconf 87' lang='lat' dir='ltr'><strong>perte</strong></span> <span class='ocrx_word' id='word_1_244' title='bbox 1132 2638 1193 2705; x_wconf 54' lang='grc' dir='ltr'><strong>(ιμ’)</strong></span> <span class='ocrx_word' id='word_1_245' title='bbox 1209 2637 1378 2705; x_wconf 73' lang='lat' dir='ltr'><strong>fortissimas</strong></span> <span class='ocrx_word' id='word_1_246' title='bbox 1401 2644 1428 2690; x_wconf 84' lang='lat' dir='ltr'><strong>et</strong></span> <span class='ocrx_word' id='word_1_247' title='bbox 1449 2636 1511 2691; x_wconf 75' lang='lat' dir='ltr'><strong>edit</strong></span> 
     </span>
     <span class='ocr_line' id='line_1_25' title="bbox 285 2704 1509 2776; baseline 0.002 -17"><span class='ocrx_word' id='word_1_248' title='bbox 285 2704 374 2774; x_wconf 69' lang='lat' dir='ltr'><strong>plotio</strong></span> <span class='ocrx_word' id='word_1_249' title='bbox 392 2705 519 2759; x_wconf 72' lang='lat' dir='ltr'><strong>aecum</strong></span> <span class='ocrx_word' id='word_1_250' title='bbox 535 2710 636 2760; x_wconf 80' lang='lat' dir='ltr'><strong>iactum</strong></span> <span class='ocrx_word' id='word_1_251' title='bbox 655 2713 710 2769; x_wconf 84' lang='lat' dir='ltr'><strong>est,</strong></span> <span class='ocrx_word' id='word_1_252' title='bbox 730 2725 789 2760; x_wconf 87' lang='lat' dir='ltr'><strong>cum</strong></span> <span class='ocrx_word' id='word_1_253' title='bbox 809 2711 914 2761; x_wconf 88' lang='lat' dir='ltr'><strong>interim</strong></span> <span class='ocrx_word' id='word_1_254' title='bbox 936 2711 1024 2762; x_wconf 81' lang='lat' dir='ltr'><strong>altera</strong></span> <span class='ocrx_word' id='word_1_255' title='bbox 1046 2725 1110 2775; x_wconf 90' lang='lat' dir='ltr'><strong>pars</strong></span> <span class='ocrx_word' id='word_1_256' title='bbox 1132 2717 1206 2762; x_wconf 89' lang='lat' dir='ltr'><strong>recte</strong></span> <span class='ocrx_word' id='word_1_257' title='bbox 1228 2713 1318 2776; x_wconf 89' lang='lat' dir='ltr'><strong>posuit</strong></span> <span class='ocrx_word' id='word_1_258' title='bbox 1339 2708 1439 2762; x_wconf 71' lang='lat' dir='ltr'><strong>imbelli</strong></span> <span class='ocrx_word' id='word_1_259' title='bbox 1460 2727 1509 2776; x_wconf 89' lang='lat' dir='ltr'><strong>pro</strong></span> 
     </span>
     <span class='ocr_line' id='line_1_26' title="bbox 288 2776 1508 2852; baseline 0.003 -22"><span class='ocrx_word' id='word_1_260' title='bbox 288 2784 314 2830; x_wconf 84' lang='lat' dir='ltr'><strong>el</strong></span> <span class='ocrx_word' id='word_1_261' title='bbox 331 2776 400 2832; x_wconf 78' lang='lat' dir='ltr'><strong>hetti.</strong></span> <span class='ocrx_word' id='word_1_262' title='bbox 437 2781 606 2844; x_wconf 87' lang='lat' dir='ltr'><strong>Comparatio</strong></span> <span class='ocrx_word' id='word_1_263' title='bbox 625 2783 695 2832; x_wconf 84' lang='lat' dir='ltr'><strong>enim</strong></span> <span class='ocrx_word' id='word_1_264' title='bbox 713 2782 783 2832; x_wconf 90' lang='lat' dir='ltr'><strong>inter</strong></span> <span class='ocrx_word' id='word_1_265' title='bbox 800 2782 899 2834; x_wconf 85' lang='lat' dir='ltr'><strong>iratres</strong></span> <span class='ocrx_word' id='word_1_266' title='bbox 924 2780 1057 2846; x_wconf 87' lang='lat' dir='ltr'><strong>Scipionis</strong></span> <span class='ocrx_word' id='word_1_267' title='bbox 1080 2785 1118 2833; x_wconf 83' lang='lat' dir='ltr'><strong>its</strong></span> <span class='ocrx_word' id='word_1_268' title='bbox 1139 2784 1261 2835; x_wconf 72' lang='lat' dir='ltr'><strong>instituta</strong></span> <span class='ocrx_word' id='word_1_269' title='bbox 1283 2785 1327 2834; x_wconf 83' lang='lat' dir='ltr'><strong>est</strong></span> <span class='ocrx_word' id='word_1_270' title='bbox 1349 2786 1377 2833; x_wconf 92' lang='lat' dir='ltr'><strong>ut</strong></span> <span class='ocrx_word' id='word_1_271' title='bbox 1395 2785 1508 2852; x_wconf 77' lang='lat' dir='ltr'><strong>singulis</strong></span> 
     </span>
     <span class='ocr_line' id='line_1_27' title="bbox 288 2850 1507 2921; baseline 0.002 -20"><span class='ocrx_word' id='word_1_272' title='bbox 288 2850 405 2901; x_wconf 82' lang='lat' dir='ltr'><strong>Africani</strong></span> <span class='ocrx_word' id='word_1_273' title='bbox 424 2852 562 2912; x_wconf 83' lang='lat' dir='ltr'><strong>uirtutibus</strong></span> <span class='ocrx_word' id='word_1_274' title='bbox 581 2853 689 2921; x_wconf 82' lang='lat' dir='ltr'><strong>singula</strong></span> <span class='ocrx_word' id='word_1_275' title='bbox 707 2852 738 2904; x_wconf 91' lang='lat' dir='ltr'><strong>L.</strong></span> <span class='ocrx_word' id='word_1_276' title='bbox 757 2851 890 2916; x_wconf 83' lang='lat' dir='ltr'><strong>Scipionis</strong></span> <span class='ocrx_word' id='word_1_277' title='bbox 909 2857 1075 2916; x_wconf 83' lang='lat' dir='ltr'><strong>opponantur</strong></span> <span class='ocrx_word' id='word_1_278' title='bbox 1092 2855 1157 2905; x_wconf 87' lang='lat' dir='ltr'><strong>uitia</strong></span> <span class='ocrx_word' id='word_1_279' title='bbox 1169 2859 1215 2904; x_wconf 88' lang='lat' dir='ltr'><strong>aut</strong></span> <span class='ocrx_word' id='word_1_280' title='bbox 1227 2857 1372 2906; x_wconf 86' lang='lat' dir='ltr'><strong>earundem</strong></span> <span class='ocrx_word' id='word_1_281' title='bbox 1385 2856 1507 2904; x_wconf 89' lang='lat' dir='ltr'><strong>uirtutum</strong></span> 
     </span>
     <span class='ocr_line' id='line_1_28' title="bbox 286 2922 1508 2988; baseline 0.003 -16"><span class='ocrx_word' id='word_1_282' title='bbox 286 2923 314 2973; x_wconf 89' lang='lat' dir='ltr'><strong>in</strong></span> <span class='ocrx_word' id='word_1_283' title='bbox 337 2923 390 2972; x_wconf 91' lang='lat' dir='ltr'><strong>hoc</strong></span> <span class='ocrx_word' id='word_1_284' title='bbox 414 2923 543 2974; x_wconf 83' lang='lat' dir='ltr'><strong>deiectus.</strong></span> <span class='ocrx_word' id='word_1_285' title='bbox 588 2922 758 2988; x_wconf 79' lang='lat' dir='ltr'><strong>iscripserat</strong></span> <span class='ocrx_word' id='word_1_286' title='bbox 780 2924 934 2975; x_wconf 86' lang='lat' dir='ltr'><strong>Perizonius</strong></span> <span class='ocrx_word' id='word_1_287' title='bbox 957 2924 1015 2978; x_wconf 90' lang='lat' dir='ltr'><strong>Lin.</strong></span> <span class='ocrx_word' id='word_1_288' title='bbox 1039 2926 1152 2983; x_wconf 81' lang='lat' dir='ltr'><strong>Xidili.</strong></span> <span class='ocrx_word' id='word_1_289' title='bbox 1173 2922 1223 2986; x_wconf 82' lang='grc'><strong>38,</strong></span> <span class='ocrx_word' id='word_1_290' title='bbox 1249 2923 1296 2986; x_wconf 84' lang='grc'><strong>10,</strong></span> <span class='ocrx_word' id='word_1_291' title='bbox 1319 2927 1366 2976; x_wconf 85' lang='lat' dir='ltr'><strong>nbi</strong></span> <span class='ocrx_word' id='word_1_292' title='bbox 1388 2927 1508 2976; x_wconf 86' lang='lat' dir='ltr'><strong>similiter</strong></span> 
     </span>
     <span class='ocr_line' id='line_1_29' title="bbox 287 2994 1507 3062; baseline 0.001 -18"><span class='ocrx_word' id='word_1_293' title='bbox 287 2994 434 3046; x_wconf 73' lang='lat' dir='ltr'><strong>fortissimo</strong></span> <span class='ocrx_word' id='word_1_294' title='bbox 459 2995 515 3044; x_wconf 87' lang='lat' dir='ltr'><strong>uiro</strong></span> <span class='ocrx_word' id='word_1_295' title='bbox 540 2995 645 3046; x_wconf 83' lang='lat' dir='ltr'><strong>inbellis</strong></span> <span class='ocrx_word' id='word_1_296' title='bbox 669 2995 817 3058; x_wconf 86' lang='lat' dir='ltr'><strong>opponitur.</strong></span> <span class='ocrx_word' id='word_1_297' title='bbox 873 2997 1021 3048; x_wconf 79' lang='lat' dir='ltr'><strong>Genuinam</strong></span> <span class='ocrx_word' id='word_1_298' title='bbox 1050 2997 1209 3062; x_wconf 86' lang='lat' dir='ltr'><strong>scripturam</strong></span> <span class='ocrx_word' id='word_1_299' title='bbox 1238 2997 1346 3049; x_wconf 84' lang='lat' dir='ltr'><strong>Valerio</strong></span> <span class='ocrx_word' id='word_1_300' title='bbox 1380 3013 1396 3048; x_wconf 90' lang='lat' dir='ltr'><strong>e</strong></span> <span class='ocrx_word' id='word_1_301' title='bbox 1423 2999 1507 3048; x_wconf 89' lang='lat' dir='ltr'><strong>tribus</strong></span> 
     </span>
     <span class='ocr_line' id='line_1_30' title="bbox 287 3065 1342 3138; baseline 0.004 -22"><span class='ocrx_word' id='word_1_302' title='bbox 287 3065 432 3125; x_wconf 81' lang='lat' dir='ltr'><strong>codicibus,</strong></span> <span class='ocrx_word' id='word_1_303' title='bbox 452 3067 604 3130; x_wconf 75' lang='lat' dir='ltr'><strong>Campensi</strong></span> <span class='ocrx_word' id='word_1_304' title='bbox 624 3067 820 3126; x_wconf 84' lang='lat' dir='ltr'><strong>Gembiacensi‚</strong></span> <span class='ocrx_word' id='word_1_305' title='bbox 839 3067 1000 3127; x_wconf 81' lang='lat' dir='ltr'><strong>Caucbiano.</strong></span> <span class='ocrx_word' id='word_1_306' title='bbox 1020 3069 1204 3119; x_wconf 86' lang='lat' dir='ltr'><strong>uindicauerat</strong></span> <span class='ocrx_word' id='word_1_307' title='bbox 1222 3069 1342 3138; x_wconf 83' lang='lat' dir='ltr'><strong>Pighius.</strong></span> 
     </span>
    </p>

    <p class='ocr_par' dir='ltr' id='par_1_11' title="bbox 282 3135 1506 4124">
     <span class='ocr_line' id='line_1_31' title="bbox 357 3135 1504 3207; baseline 0.005 -20"><span class='ocrx_word' id='word_1_308' title='bbox 357 3135 531 3205; x_wconf 66' lang='lat' dir='ltr'><strong>triumphique</strong></span> <span class='ocrx_word' id='word_1_309' title='bbox 544 3141 710 3204; x_wconf 77' lang='lat' dir='ltr'><strong>praetectum</strong></span> <span class='ocrx_word' id='word_1_310' title='bbox 727 3135 805 3189; x_wconf 80' lang='lat' dir='ltr'><strong>isias</strong></span> <span class='ocrx_word' id='word_1_311' title='bbox 821 3137 904 3207; x_wconf 81' lang='lat' dir='ltr'><strong>cepit)</strong></span> <span class='ocrx_word' id='word_1_312' title='bbox 922 3140 1034 3190; x_wconf 86' lang='lat' dir='ltr'><strong>Codices</strong></span> <span class='ocrx_word' id='word_1_313' title='bbox 1047 3142 1075 3191; x_wconf 87' lang='lat' dir='ltr'><strong>ct</strong></span> <span class='ocrx_word' id='word_1_314' title='bbox 1086 3139 1217 3191; x_wconf 88' lang='lat' dir='ltr'><strong>editiones</strong></span> <span class='ocrx_word' id='word_1_315' title='bbox 1228 3153 1323 3192; x_wconf 86' lang='lat' dir='ltr'><strong>omnes</strong></span> <span class='ocrx_word' id='word_1_316' title='bbox 1332 3144 1504 3207; x_wconf 66' lang='lat' dir='ltr'><strong>predatus,</strong></span> 
     </span>
     <span class='ocr_line' id='line_1_32' title="bbox 288 3209 1505 3280; baseline 0.002 -21"><span class='ocrx_word' id='word_1_317' title='bbox 288 3224 367 3274; x_wconf 87' lang='lat' dir='ltr'><strong>quam</strong></span> <span class='ocrx_word' id='word_1_318' title='bbox 385 3209 530 3260; x_wconf 85' lang='lat' dir='ltr'><strong>Torrenius</strong></span> <span class='ocrx_word' id='word_1_319' title='bbox 554 3211 670 3273; x_wconf 85' lang='lat' dir='ltr'><strong>positam</strong></span> <span class='ocrx_word' id='word_1_320' title='bbox 694 3211 770 3273; x_wconf 86' lang='lat' dir='ltr'><strong>putat</strong></span> <span class='ocrx_word' id='word_1_321' title='bbox 791 3226 840 3274; x_wconf 88' lang='lat' dir='ltr'><strong>pro</strong></span> <span class='ocrx_word' id='word_1_322' title='bbox 859 3211 958 3262; x_wconf 87' lang='lat' dir='ltr'><strong>uestitu</strong></span> <span class='ocrx_word' id='word_1_323' title='bbox 983 3214 1009 3261; x_wconf 89' lang='lat' dir='ltr'><strong>et</strong></span> <span class='ocrx_word' id='word_1_324' title='bbox 1031 3212 1101 3262; x_wconf 89' lang='lat' dir='ltr'><strong>cultu</strong></span> <span class='ocrx_word' id='word_1_325' title='bbox 1119 3227 1233 3280; x_wconf 79' lang='lat' dir='ltr'><strong>magno,</strong></span> <span class='ocrx_word' id='word_1_326' title='bbox 1259 3212 1379 3275; x_wconf 82' lang='lat' dir='ltr'><strong>Kapplus</strong></span> <span class='ocrx_word' id='word_1_327' title='bbox 1402 3227 1451 3276; x_wconf 88' lang='lat' dir='ltr'><strong>pro</strong></span> <span class='ocrx_word' id='word_1_328' title='bbox 1468 3213 1505 3261; x_wconf 87' lang='lat' dir='ltr'><strong>is·</strong></span> 
     </span>
     <span class='ocr_line' id='line_1_33' title="bbox 286 3280 1505 3348; baseline 0.003 -20"><span class='ocrx_word' id='word_1_329' title='bbox 286 3281 409 3348; x_wconf 86' lang='lat' dir='ltr'><strong>signibus</strong></span> <span class='ocrx_word' id='word_1_330' title='bbox 427 3281 653 3344; x_wconf 81' lang='lat' dir='ltr'><strong>triumphantium.</strong></span> <span class='ocrx_word' id='word_1_331' title='bbox 699 3281 842 3345; x_wconf 70' lang='lat' dir='ltr'><strong>Comperit</strong></span> <span class='ocrx_word' id='word_1_332' title='bbox 865 3284 977 3344; x_wconf 85' lang='lat' dir='ltr'><strong>uterque</strong></span> <span class='ocrx_word' id='word_1_333' title='bbox 1001 3283 1100 3333; x_wconf 82' lang='lat' dir='ltr'><strong>Valerii</strong></span> <span class='ocrx_word' id='word_1_334' title='bbox 1125 3283 1188 3342; x_wconf 86' lang='lat' dir='ltr'><strong>vu,</strong></span> <span class='ocrx_word' id='word_1_335' title='bbox 1216 3280 1246 3342; x_wconf 85' lang='lat' dir='ltr'><strong>i,</strong></span> <span class='ocrx_word' id='word_1_336' title='bbox 1271 3280 1299 3341; x_wconf 89' lang='lat' dir='ltr'><strong>i.</strong></span> <span class='ocrx_word' id='word_1_337' title='bbox 1320 3284 1363 3333; x_wconf 93' lang='lat' dir='ltr'><strong>ubi</strong></span> <span class='ocrx_word' id='word_1_338' title='bbox 1382 3285 1505 3333; x_wconf 87' lang='lat' dir='ltr'><strong>tamene</strong></span> 
     </span>
     <span class='ocr_line' id='line_1_34' title="bbox 285 3351 1504 3421; baseline 0.006 -20"><span class='ocrx_word' id='word_1_339' title='bbox 285 3353 421 3402; x_wconf 86' lang='lat' dir='ltr'><strong>codicibus</strong></span> <span class='ocrx_word' id='word_1_340' title='bbox 439 3353 626 3416; x_wconf 85' lang='lat' dir='ltr'><strong>manuscriptis</strong></span> <span class='ocrx_word' id='word_1_341' title='bbox 649 3353 702 3416; x_wconf 83' lang='lat' dir='ltr'><strong>ipsi</strong></span> <span class='ocrx_word' id='word_1_342' title='bbox 723 3355 795 3403; x_wconf 87' lang='lat' dir='ltr'><strong>recte</strong></span> <span class='ocrx_word' id='word_1_343' title='bbox 813 3354 971 3417; x_wconf 85' lang='lat' dir='ltr'><strong>receperunt</strong></span> <span class='ocrx_word' id='word_1_344' title='bbox 987 3351 1176 3421; x_wconf 75' lang='lat' dir='ltr'><strong>speciosissimi</strong></span> <span class='ocrx_word' id='word_1_345' title='bbox 1192 3351 1318 3420; x_wconf 67' lang='lat' dir='ltr'><strong>stenphi</strong></span> <span class='ocrx_word' id='word_1_346' title='bbox 1329 3359 1504 3421; x_wconf 62' lang='lat' dir='ltr'><strong>praelum.</strong></span> 
     </span>
     <span class='ocr_line' id='line_1_35' title="bbox 285 3424 1506 3490; baseline 0.002 -17"><span class='ocrx_word' id='word_1_347' title='bbox 285 3424 508 3490; x_wconf 82' lang='lat' dir='ltr'><strong>quemadmodum</strong></span> <span class='ocrx_word' id='word_1_348' title='bbox 527 3426 585 3475; x_wconf 89' lang='lat' dir='ltr'><strong>sine</strong></span> <span class='ocrx_word' id='word_1_349' title='bbox 605 3425 685 3474; x_wconf 92' lang='lat' dir='ltr'><strong>dubio</strong></span> <span class='ocrx_word' id='word_1_350' title='bbox 704 3425 757 3474; x_wconf 91' lang='lat' dir='ltr'><strong>hoo</strong></span> <span class='ocrx_word' id='word_1_351' title='bbox 774 3439 879 3490; x_wconf 90' lang='lat' dir='ltr'><strong>quoque</strong></span> <span class='ocrx_word' id='word_1_352' title='bbox 898 3426 956 3475; x_wconf 91' lang='lat' dir='ltr'><strong>loco</strong></span> <span class='ocrx_word' id='word_1_353' title='bbox 975 3425 1056 3476; x_wconf 89' lang='lat' dir='ltr'><strong>scribi</strong></span> <span class='ocrx_word' id='word_1_354' title='bbox 1081 3427 1229 3489; x_wconf 84' lang='lat' dir='ltr'><strong>oportebat.</strong></span> <span class='ocrx_word' id='word_1_355' title='bbox 1274 3425 1343 3476; x_wconf 86' lang='lat' dir='ltr'><strong>Nam</strong></span> <span class='ocrx_word' id='word_1_356' title='bbox 1366 3429 1506 3489; x_wconf 82' lang='lat' dir='ltr'><strong>praetexta</strong></span> 
     </span>
     <span class='ocr_line' id='line_1_36' title="bbox 285 3495 1505 3564; baseline 0.002 -20"><span class='ocrx_word' id='word_1_357' title='bbox 285 3509 371 3562; x_wconf 87' lang='lat' dir='ltr'><strong>neque</strong></span> <span class='ocrx_word' id='word_1_358' title='bbox 395 3495 456 3559; x_wconf 89' lang='lat' dir='ltr'><strong>ipso</strong></span> <span class='ocrx_word' id='word_1_359' title='bbox 479 3498 538 3546; x_wconf 87' lang='lat' dir='ltr'><strong>erat</strong></span> <span class='ocrx_word' id='word_1_360' title='bbox 560 3497 776 3558; x_wconf 87' lang='lat' dir='ltr'><strong>triumphantium</strong></span> <span class='ocrx_word' id='word_1_361' title='bbox 800 3497 922 3564; x_wconf 81' lang='lat' dir='ltr'><strong>insigne.</strong></span> <span class='ocrx_word' id='word_1_362' title='bbox 946 3499 1019 3559; x_wconf 89' lang='lat' dir='ltr'><strong>quod</strong></span> <span class='ocrx_word' id='word_1_363' title='bbox 1041 3498 1114 3548; x_wconf 90' lang='lat' dir='ltr'><strong>nulio</strong></span> <span class='ocrx_word' id='word_1_364' title='bbox 1137 3499 1209 3548; x_wconf 86' lang='lat' dir='ltr'><strong>certe</strong></span> <span class='ocrx_word' id='word_1_365' title='bbox 1232 3498 1289 3547; x_wconf 90' lang='lat' dir='ltr'><strong>iure</strong></span> <span class='ocrx_word' id='word_1_366' title='bbox 1312 3498 1505 3561; x_wconf 83' lang='lat' dir='ltr'><strong>interpretese</strong></span> 
     </span>
     <span class='ocr_line' id='line_1_37' title="bbox 285 3562 1504 3632; baseline 0.002 -17"><span class='ocrx_word' id='word_1_367' title='bbox 285 3564 358 3618; x_wconf 80' lang='lat' dir='ltr'><strong>Suet.</strong></span> <span class='ocrx_word' id='word_1_368' title='bbox 382 3565 440 3619; x_wconf 88' lang='lat' dir='ltr'><strong>Tib.</strong></span> <span class='ocrx_word' id='word_1_369' title='bbox 465 3562 498 3618; x_wconf 82' lang='lat' dir='ltr'><strong>li</strong></span> <span class='ocrx_word' id='word_1_370' title='bbox 522 3566 721 3625; x_wconf 84' lang='lat' dir='ltr'><strong>concluserunt,</strong></span> <span class='ocrx_word' id='word_1_371' title='bbox 746 3567 791 3616; x_wconf 91' lang='lat' dir='ltr'><strong>uhi</strong></span> <span class='ocrx_word' id='word_1_372' title='bbox 810 3569 902 3630; x_wconf 87' lang='lat' dir='ltr'><strong>spreto</strong></span> <span class='ocrx_word' id='word_1_373' title='bbox 920 3568 1045 3632; x_wconf 86' lang='lat' dir='ltr'><strong>triumphi</strong></span> <span class='ocrx_word' id='word_1_374' title='bbox 1068 3569 1170 3620; x_wconf 88' lang='lat' dir='ltr'><strong>benere</strong></span> <span class='ocrx_word' id='word_1_375' title='bbox 1188 3567 1311 3619; x_wconf 83' lang='lat' dir='ltr'><strong>Tiberius</strong></span> <span class='ocrx_word' id='word_1_376' title='bbox 1334 3570 1504 3620; x_wconf 81' lang='lat' dir='ltr'><strong>nibilominus</strong></span> 
     </span>
     <span class='ocr_line' id='line_1_38' title="bbox 285 3639 1504 3700; baseline 0.003 -14"><span class='ocrx_word' id='word_1_377' title='bbox 285 3641 468 3700; x_wconf 87' lang='lat' dir='ltr'><strong>praetextatus</strong></span> <span class='ocrx_word' id='word_1_378' title='bbox 487 3640 514 3688; x_wconf 88' lang='lat' dir='ltr'><strong>et</strong></span> <span class='ocrx_word' id='word_1_379' title='bbox 532 3639 625 3688; x_wconf 87' lang='lat' dir='ltr'><strong>laurea</strong></span> <span class='ocrx_word' id='word_1_380' title='bbox 643 3641 786 3688; x_wconf 90' lang='lat' dir='ltr'><strong>coronatus</strong></span> <span class='ocrx_word' id='word_1_381' title='bbox 804 3641 898 3689; x_wconf 84' lang='lat' dir='ltr'><strong>urbem</strong></span> <span class='ocrx_word' id='word_1_382' title='bbox 915 3639 1033 3690; x_wconf 88' lang='lat' dir='ltr'><strong>intrasse</strong></span> <span class='ocrx_word' id='word_1_383' title='bbox 1051 3640 1156 3697; x_wconf 86' lang='lat' dir='ltr'><strong>dicitnr,</strong></span> <span class='ocrx_word' id='word_1_384' title='bbox 1176 3656 1236 3691; x_wconf 89' lang='lat' dir='ltr'><strong>com</strong></span> <span class='ocrx_word' id='word_1_385' title='bbox 1253 3644 1345 3690; x_wconf 88' lang='lat' dir='ltr'><strong>notum</strong></span> <span class='ocrx_word' id='word_1_386' title='bbox 1362 3640 1399 3690; x_wconf 88' lang='lat' dir='ltr'><strong>sit</strong></span> <span class='ocrx_word' id='word_1_387' title='bbox 1413 3642 1504 3691; x_wconf 88' lang='lat' dir='ltr'><strong>trium·</strong></span> 
     </span>
     <span class='ocr_line' id='line_1_39' title="bbox 285 3709 1504 3778; baseline 0.002 -20"><span class='ocrx_word' id='word_1_388' title='bbox 285 3709 400 3770; x_wconf 84' lang='lat' dir='ltr'><strong>phantss</strong></span> <span class='ocrx_word' id='word_1_389' title='bbox 418 3711 485 3776; x_wconf 79' lang='lat' dir='ltr'><strong>toga</strong></span> <span class='ocrx_word' id='word_1_390' title='bbox 503 3711 575 3771; x_wconf 85' lang='lat' dir='ltr'><strong>picta</strong></span> <span class='ocrx_word' id='word_1_391' title='bbox 592 3710 619 3760; x_wconf 87' lang='lat' dir='ltr'><strong>et</strong></span> <span class='ocrx_word' id='word_1_392' title='bbox 636 3711 726 3760; x_wconf 88' lang='lat' dir='ltr'><strong>tunica</strong></span> <span class='ocrx_word' id='word_1_393' title='bbox 744 3710 864 3774; x_wconf 83' lang='lat' dir='ltr'><strong>palmata</strong></span> <span class='ocrx_word' id='word_1_394' title='bbox 881 3711 966 3761; x_wconf 83' lang='lat' dir='ltr'><strong>thiaso</strong></span> <span class='ocrx_word' id='word_1_395' title='bbox 984 3711 1104 3767; x_wconf 84' lang='lat' dir='ltr'><strong>indutos;</strong></span> <span class='ocrx_word' id='word_1_396' title='bbox 1128 3725 1216 3778; x_wconf 88' lang='lat' dir='ltr'><strong>neque</strong></span> <span class='ocrx_word' id='word_1_397' title='bbox 1241 3712 1321 3762; x_wconf 88' lang='lat' dir='ltr'><strong>etism</strong></span> <span class='ocrx_word' id='word_1_398' title='bbox 1340 3712 1395 3762; x_wconf 85' lang='lat' dir='ltr'><strong>alia</strong></span> <span class='ocrx_word' id='word_1_399' title='bbox 1412 3712 1504 3764; x_wconf 81' lang='lat' dir='ltr'><strong>neseio</strong></span> 
     </span>
     <span class='ocr_line' id='line_1_40' title="bbox 286 3779 1503 3848; baseline 0.002 -20"><span class='ocrx_word' id='word_1_400' title='bbox 286 3793 355 3843; x_wconf 90' lang='lat' dir='ltr'><strong>quae</strong></span> <span class='ocrx_word' id='word_1_401' title='bbox 372 3779 588 3840; x_wconf 86' lang='lat' dir='ltr'><strong>triumphantium</strong></span> <span class='ocrx_word' id='word_1_402' title='bbox 605 3781 724 3848; x_wconf 83' lang='lat' dir='ltr'><strong>insignis</strong></span> <span class='ocrx_word' id='word_1_403' title='bbox 748 3782 865 3834; x_wconf 81' lang='lat' dir='ltr'><strong>denotat.</strong></span> <span class='ocrx_word' id='word_1_404' title='bbox 911 3783 987 3842; x_wconf 84' lang='lat' dir='ltr'><strong>Quod</strong></span> <span class='ocrx_word' id='word_1_405' title='bbox 1009 3795 1081 3843; x_wconf 65' lang='lat' dir='ltr'><strong>curn,</strong></span> <span class='ocrx_word' id='word_1_406' title='bbox 1094 3785 1258 3848; x_wconf 86' lang='lat' dir='ltr'><strong>perspiceret</strong></span> <span class='ocrx_word' id='word_1_407' title='bbox 1280 3783 1402 3847; x_wconf 80' lang='lat' dir='ltr'><strong>Lipsius.</strong></span> <span class='ocrx_word' id='word_1_408' title='bbox 1426 3783 1503 3834; x_wconf 88' lang='lat' dir='ltr'><strong>nimis</strong></span> 
     </span>
     <span class='ocr_line' id='line_1_41' title="bbox 285 3849 1505 3921; baseline 0.004 -23"><span class='ocrx_word' id='word_1_409' title='bbox 285 3849 403 3910; x_wconf 81' lang='lat' dir='ltr'><strong>protecto</strong></span> <span class='ocrx_word' id='word_1_410' title='bbox 422 3851 517 3917; x_wconf 81' lang='lat' dir='ltr'><strong>argute</strong></span> <span class='ocrx_word' id='word_1_411' title='bbox 536 3851 561 3900; x_wconf 93' lang='lat' dir='ltr'><strong>in</strong></span> <span class='ocrx_word' id='word_1_412' title='bbox 581 3853 658 3915; x_wconf 88' lang='lat' dir='ltr'><strong>epist.</strong></span> <span class='ocrx_word' id='word_1_413' title='bbox 683 3853 718 3901; x_wconf 89' lang='lat' dir='ltr'><strong>ad</strong></span> <span class='ocrx_word' id='word_1_414' title='bbox 741 3851 825 3903; x_wconf 88' lang='lat' dir='ltr'><strong>Nicol.</strong></span> <span class='ocrx_word' id='word_1_415' title='bbox 849 3852 1011 3902; x_wconf 77' lang='lat' dir='ltr'><strong>Florentium</strong></span> <span class='ocrx_word' id='word_1_416' title='bbox 1037 3854 1140 3919; x_wconf 85' lang='lat' dir='ltr'><strong>(Barth.</strong></span> <span class='ocrx_word' id='word_1_417' title='bbox 1158 3854 1234 3906; x_wconf 72' lang='lat' dir='ltr'><strong>xbli</strong></span> <span class='ocrx_word' id='word_1_418' title='bbox 1257 3856 1365 3908; x_wconf 88' lang='lat' dir='ltr'><strong>aduers.</strong></span> <span class='ocrx_word' id='word_1_419' title='bbox 1383 3850 1440 3921; x_wconf 75' lang='lat'><strong>28.)</strong></span> <span class='ocrx_word' id='word_1_420' title='bbox 1458 3868 1505 3918; x_wconf 86' lang='lat' dir='ltr'><strong>per</strong></span> 
     </span>
     <span class='ocr_line' id='line_1_42' title="bbox 285 3919 1504 3992; baseline 0.006 -24"><span class='ocrx_word' id='word_1_421' title='bbox 285 3921 451 3981; x_wconf 81' lang='lat' dir='ltr'><strong>praetextam</strong></span> <span class='ocrx_word' id='word_1_422' title='bbox 468 3919 579 3971; x_wconf 83' lang='lat' dir='ltr'><strong>indicari</strong></span> <span class='ocrx_word' id='word_1_423' title='bbox 598 3922 733 3974; x_wconf 87' lang='lat' dir='ltr'><strong>contendit</strong></span> <span class='ocrx_word' id='word_1_424' title='bbox 749 3921 882 3985; x_wconf 82' lang='lat' dir='ltr'><strong>Scipionis</strong></span> <span class='ocrx_word' id='word_1_425' title='bbox 901 3924 1074 3984; x_wconf 82' lang='lat' dir='ltr'><strong>modestiam,</strong></span> <span class='ocrx_word' id='word_1_426' title='bbox 1099 3928 1196 3990; x_wconf 87' lang='lat' dir='ltr'><strong>quippe</strong></span> <span class='ocrx_word' id='word_1_427' title='bbox 1218 3928 1262 3992; x_wconf 89' lang='lat' dir='ltr'><strong>qui</strong></span> <span class='ocrx_word' id='word_1_428' title='bbox 1280 3927 1350 3977; x_wconf 91' lang='lat' dir='ltr'><strong>coitu</strong></span> <span class='ocrx_word' id='word_1_429' title='bbox 1369 3928 1504 3977; x_wconf 88' lang='lat' dir='ltr'><strong>senatorio</strong></span> 
     </span>
     <span class='ocr_line' id='line_1_43' title="bbox 284 3991 1503 4065; baseline 0.007 -26"><span class='ocrx_word' id='word_1_430' title='bbox 284 3991 366 4040; x_wconf 87' lang='lat' dir='ltr'><strong>etiam</strong></span> <span class='ocrx_word' id='word_1_431' title='bbox 389 3991 554 4052; x_wconf 87' lang='lat' dir='ltr'><strong>triumphans</strong></span> <span class='ocrx_word' id='word_1_432' title='bbox 577 3994 656 4044; x_wconf 80' lang='lat' dir='ltr'><strong>fuerit</strong></span> <span class='ocrx_word' id='word_1_433' title='bbox 680 3995 827 4047; x_wconf 87' lang='lat' dir='ltr'><strong>contentus.</strong></span> <span class='ocrx_word' id='word_1_434' title='bbox 874 3993 1045 4046; x_wconf 83' lang='lat' dir='ltr'><strong>Praetextum</strong></span> <span class='ocrx_word' id='word_1_435' title='bbox 1069 3997 1229 4065; x_wconf 78' lang='lat' dir='ltr'><strong>significare.</strong></span> <span class='ocrx_word' id='word_1_436' title='bbox 1253 3998 1337 4049; x_wconf 88' lang='lat' dir='ltr'><strong>decus</strong></span> <span class='ocrx_word' id='word_1_437' title='bbox 1359 3998 1404 4050; x_wconf 91' lang='lat' dir='ltr'><strong>uei</strong></span> <span class='ocrx_word' id='word_1_438' title='bbox 1428 4012 1503 4049; x_wconf 89' lang='lat' dir='ltr'><strong>orna·</strong></span> 
     </span>
     <span class='ocr_line' id='line_1_44' title="bbox 282 4061 795 4124; baseline 0.004 -10"><span class='ocrx_word' id='word_1_439' title='bbox 282 4063 400 4114; x_wconf 86' lang='lat' dir='ltr'><strong>mentum</strong></span> <span class='ocrx_word' id='word_1_440' title='bbox 419 4061 556 4111; x_wconf 86' lang='lat' dir='ltr'><strong>docuimus</strong></span> <span class='ocrx_word' id='word_1_441' title='bbox 575 4065 609 4112; x_wconf 90' lang='lat' dir='ltr'><strong>ad</strong></span> <span class='ocrx_word' id='word_1_442' title='bbox 628 4065 659 4123; x_wconf 80' lang='grc' dir='ltr'><strong>ΙΙ,</strong></span> <span class='ocrx_word' id='word_1_443' title='bbox 680 4061 722 4124; x_wconf 83' lang='grc'><strong>10,</strong></span> <span class='ocrx_word' id='word_1_444' title='bbox 740 4065 795 4117; x_wconf 90' lang='lat' dir='ltr'><strong>init.</strong></span> 
     </span>
    </p>

    <p class='ocr_par' dir='ltr' id='par_1_12' title="bbox 353 4129 1131 4197">
     <span class='ocr_line' id='line_1_45' title="bbox 353 4129 1131 4197; baseline 0.012 -14"><span class='ocrx_word' id='word_1_445' title='bbox 353 4129 380 4188; x_wconf 77' lang='grc'><strong>2.</strong></span> <span class='ocrx_word' id='word_1_446' title='bbox 400 4133 440 4187; x_wconf 84' lang='lat' dir='ltr'><strong>Ci.</strong></span> <span class='ocrx_word' id='word_1_447' title='bbox 457 4132 516 4185; x_wconf 85' lang='lat' dir='ltr'><strong>Llu.</strong></span> <span class='ocrx_word' id='word_1_448' title='bbox 535 4131 568 4192; x_wconf 87' lang='lat'><strong>11,</strong></span> <span class='ocrx_word' id='word_1_449' title='bbox 586 4131 630 4186; x_wconf 81' lang='lat'><strong>47.</strong></span> <span class='ocrx_word' id='word_1_450' title='bbox 649 4135 725 4189; x_wconf 88' lang='lat' dir='ltr'><strong>Dion.</strong></span> <span class='ocrx_word' id='word_1_451' title='bbox 746 4135 806 4188; x_wconf 88' lang='lat' dir='ltr'><strong>Hal.</strong></span> <span class='ocrx_word' id='word_1_452' title='bbox 824 4135 871 4196; x_wconf 77' lang='lat' dir='ltr'><strong>IX,</strong></span> <span class='ocrx_word' id='word_1_453' title='bbox 892 4132 935 4190; x_wconf 80' lang='lat' dir='ltr'><strong>is.</strong></span> <span class='ocrx_word' id='word_1_454' title='bbox 954 4139 1034 4192; x_wconf 84' lang='lat' dir='ltr'><strong>Oros.</strong></span> <span class='ocrx_word' id='word_1_455' title='bbox 1052 4139 1086 4197; x_wconf 88' lang='lat'><strong>11.</strong></span> <span class='ocrx_word' id='word_1_456' title='bbox 1104 4136 1131 4193; x_wconf 81' lang='grc'><strong>4.</strong></span> 
     </span>
    </p>

    <p class='ocr_par' dir='ltr' id='par_1_13' title="bbox 280 4201 1504 4713">
     <span class='ocr_line' id='line_1_46' title="bbox 355 4201 1503 4267; baseline 0.005 -8"><span class='ocrx_word' id='word_1_457' title='bbox 355 4201 704 4267; x_wconf 63' lang='lat' dir='ltr'><strong>drasselesriede)</strong></span> <span class='ocrx_word' id='word_1_458' title='bbox 730 4207 782 4258; x_wconf 89' lang='lat' dir='ltr'><strong>Pro</strong></span> <span class='ocrx_word' id='word_1_459' title='bbox 800 4204 926 4260; x_wconf 76' lang='lat' dir='ltr'><strong>Etruscis</strong></span> <span class='ocrx_word' id='word_1_460' title='bbox 949 4225 1044 4261; x_wconf 87' lang='lat' dir='ltr'><strong>omnes</strong></span> <span class='ocrx_word' id='word_1_461' title='bbox 1066 4211 1130 4262; x_wconf 91' lang='lat' dir='ltr'><strong>boni</strong></span> <span class='ocrx_word' id='word_1_462' title='bbox 1153 4212 1259 4263; x_wconf 89' lang='lat' dir='ltr'><strong>codices</strong></span> <span class='ocrx_word' id='word_1_463' title='bbox 1282 4213 1349 4264; x_wconf 85' lang='lat' dir='ltr'><strong>mire</strong></span> <span class='ocrx_word' id='word_1_464' title='bbox 1368 4217 1395 4264; x_wconf 82' lang='lat' dir='ltr'><strong>et</strong></span> <span class='ocrx_word' id='word_1_465' title='bbox 1411 4209 1503 4265; x_wconf 69' lang='lat' dir='ltr'><strong>unicis</strong></span> 
     </span>
     <span class='ocr_line' id='line_1_47' title="bbox 282 4277 1501 4346; baseline 0.005 -17"><span class='ocrx_word' id='word_1_466' title='bbox 282 4279 397 4339; x_wconf 70' lang='lat' dir='ltr'><strong>tradunt,</strong></span> <span class='ocrx_word' id='word_1_467' title='bbox 417 4279 455 4328; x_wconf 88' lang='lat' dir='ltr'><strong>ita</strong></span> <span class='ocrx_word' id='word_1_468' title='bbox 473 4277 508 4336; x_wconf 71' lang='lat' dir='ltr'><strong>ut,</strong></span> <span class='ocrx_word' id='word_1_469' title='bbox 528 4279 652 4340; x_wconf 86' lang='lat' dir='ltr'><strong>quamuis</strong></span> <span class='ocrx_word' id='word_1_470' title='bbox 664 4293 721 4329; x_wconf 87' lang='lat' dir='ltr'><strong>rem</strong></span> <span class='ocrx_word' id='word_1_471' title='bbox 734 4292 818 4344; x_wconf 86' lang='lat' dir='ltr'><strong>supra</strong></span> <span class='ocrx_word' id='word_1_472' title='bbox 829 4283 981 4346; x_wconf 85' lang='lat' dir='ltr'><strong>expositam</strong></span> <span class='ocrx_word' id='word_1_473' title='bbox 1000 4283 1071 4333; x_wconf 87' lang='lat' dir='ltr'><strong>hello</strong></span> <span class='ocrx_word' id='word_1_474' title='bbox 1084 4286 1177 4334; x_wconf 88' lang='lat' dir='ltr'><strong>contra</strong></span> <span class='ocrx_word' id='word_1_475' title='bbox 1188 4284 1316 4336; x_wconf 80' lang='lat' dir='ltr'><strong>Veientes</strong></span> <span class='ocrx_word' id='word_1_476' title='bbox 1335 4287 1363 4336; x_wconf 90' lang='lat' dir='ltr'><strong>et</strong></span> <span class='ocrx_word' id='word_1_477' title='bbox 1374 4285 1501 4335; x_wconf 77' lang='lat' dir='ltr'><strong>Etruscos</strong></span> 
     </span>
     <span class='ocr_line' id='line_1_48' title="bbox 281 4349 1502 4421; baseline 0.006 -21"><span class='ocrx_word' id='word_1_478' title='bbox 281 4353 361 4419; x_wconf 76' lang='lat' dir='ltr'><strong>gesto</strong></span> <span class='ocrx_word' id='word_1_479' title='bbox 385 4349 518 4401; x_wconf 84' lang='lat' dir='ltr'><strong>accidisse</strong></span> <span class='ocrx_word' id='word_1_480' title='bbox 543 4349 651 4400; x_wconf 86' lang='lat' dir='ltr'><strong>tradant</strong></span> <span class='ocrx_word' id='word_1_481' title='bbox 674 4352 780 4402; x_wconf 86' lang='lat' dir='ltr'><strong>ueteres</strong></span> <span class='ocrx_word' id='word_1_482' title='bbox 809 4353 969 4417; x_wconf 79' lang='lat' dir='ltr'><strong>scriptores,</strong></span> <span class='ocrx_word' id='word_1_483' title='bbox 991 4356 1083 4405; x_wconf 82' lang='lat' dir='ltr'><strong>tamen</strong></span> <span class='ocrx_word' id='word_1_484' title='bbox 1107 4355 1177 4405; x_wconf 84' lang='lat' dir='ltr'><strong>alins</strong></span> <span class='ocrx_word' id='word_1_485' title='bbox 1194 4356 1287 4421; x_wconf 89' lang='lat' dir='ltr'><strong>populi</strong></span> <span class='ocrx_word' id='word_1_486' title='bbox 1311 4366 1410 4407; x_wconf 87' lang='lat' dir='ltr'><strong>nomen</strong></span> <span class='ocrx_word' id='word_1_487' title='bbox 1431 4357 1502 4420; x_wconf 86' lang='lat' dir='ltr'><strong>apud</strong></span> 
     </span>
     <span class='ocr_line' id='line_1_49' title="bbox 281 4421 1503 4495; baseline 0.001 -21"><span class='ocrx_word' id='word_1_488' title='bbox 281 4423 417 4475; x_wconf 84' lang='lat' dir='ltr'><strong>Valerium</strong></span> <span class='ocrx_word' id='word_1_489' title='bbox 435 4421 497 4472; x_wconf 86' lang='lat' dir='ltr'><strong>huic</strong></span> <span class='ocrx_word' id='word_1_490' title='bbox 514 4424 611 4473; x_wconf 90' lang='lat' dir='ltr'><strong>mendo</strong></span> <span class='ocrx_word' id='word_1_491' title='bbox 630 4425 745 4474; x_wconf 84' lang='lat' dir='ltr'><strong>subesse</strong></span> <span class='ocrx_word' id='word_1_492' title='bbox 763 4424 848 4477; x_wconf 88' lang='lat' dir='ltr'><strong>uideri</strong></span> <span class='ocrx_word' id='word_1_493' title='bbox 865 4425 961 4490; x_wconf 83' lang='lat' dir='ltr'><strong>possit.</strong></span> <span class='ocrx_word' id='word_1_494' title='bbox 997 4427 1153 4495; x_wconf 82' lang='lat' dir='ltr'><strong>Cogitamnt</strong></span> <span class='ocrx_word' id='word_1_495' title='bbox 1169 4427 1251 4495; x_wconf 79' lang='lat' dir='ltr'><strong>igitur</strong></span> <span class='ocrx_word' id='word_1_496' title='bbox 1268 4428 1302 4478; x_wconf 93' lang='lat' dir='ltr'><strong>de</strong></span> <span class='ocrx_word' id='word_1_497' title='bbox 1318 4427 1439 4479; x_wconf 72' lang='lat' dir='ltr'><strong>flantes</strong></span> <span class='ocrx_word' id='word_1_498' title='bbox 1457 4431 1503 4477; x_wconf 84' lang='lat' dir='ltr'><strong>sut</strong></span> 
     </span>
     <span class='ocr_line' id='line_1_50' title="bbox 281 4493 1502 4563; baseline 0.001 -17"><span class='ocrx_word' id='word_1_499' title='bbox 281 4494 412 4546; x_wconf 78' lang='lat' dir='ltr'><strong>Auruncis</strong></span> <span class='ocrx_word' id='word_1_500' title='bbox 431 4497 478 4544; x_wconf 86' lang='lat' dir='ltr'><strong>aut</strong></span> <span class='ocrx_word' id='word_1_501' title='bbox 497 4493 656 4560; x_wconf 80' lang='lat' dir='ltr'><strong>Aequicolis,</strong></span> <span class='ocrx_word' id='word_1_502' title='bbox 674 4497 877 4550; x_wconf 88' lang='lat' dir='ltr'><strong>substituendis.</strong></span> <span class='ocrx_word' id='word_1_503' title='bbox 917 4497 940 4546; x_wconf 82' lang='lat' dir='ltr'><strong>iii</strong></span> <span class='ocrx_word' id='word_1_504' title='bbox 958 4499 1054 4563; x_wconf 86' lang='lat' dir='ltr'><strong>quibus</strong></span> <span class='ocrx_word' id='word_1_505' title='bbox 1072 4498 1203 4550; x_wconf 86' lang='lat' dir='ltr'><strong>Hernicos</strong></span> <span class='ocrx_word' id='word_1_506' title='bbox 1221 4501 1311 4550; x_wconf 85' lang='lat' dir='ltr'><strong>statim</strong></span> <span class='ocrx_word' id='word_1_507' title='bbox 1324 4499 1502 4551; x_wconf 69' lang='lat' dir='ltr'><strong>monendos</strong></span> 
     </span>
     <span class='ocr_line' id='line_1_51' title="bbox 280 4564 1502 4636; baseline 0.003 -21"><span class='ocrx_word' id='word_1_508' title='bbox 280 4565 367 4615; x_wconf 89' lang='lat' dir='ltr'><strong>iudico</strong></span> <span class='ocrx_word' id='word_1_509' title='bbox 384 4564 518 4630; x_wconf 86' lang='lat' dir='ltr'><strong>Dionysio</strong></span> <span class='ocrx_word' id='word_1_510' title='bbox 536 4567 653 4627; x_wconf 82' lang='lat' dir='ltr'><strong>auctore,</strong></span> <span class='ocrx_word' id='word_1_511' title='bbox 675 4568 720 4634; x_wconf 92' lang='lat' dir='ltr'><strong>qui</strong></span> <span class='ocrx_word' id='word_1_512' title='bbox 738 4569 773 4618; x_wconf 89' lang='lat' dir='ltr'><strong>ab</strong></span> <span class='ocrx_word' id='word_1_513' title='bbox 791 4568 913 4630; x_wconf 85' lang='lat' dir='ltr'><strong>Hernicis</strong></span> <span class='ocrx_word' id='word_1_514' title='bbox 936 4570 964 4620; x_wconf 89' lang='lat' dir='ltr'><strong>et</strong></span> <span class='ocrx_word' id='word_1_515' title='bbox 981 4569 1083 4620; x_wconf 71' lang='lat' dir='ltr'><strong>Latinis</strong></span> <span class='ocrx_word' id='word_1_516' title='bbox 1102 4585 1137 4621; x_wconf 90' lang='lat' dir='ltr'><strong>ea</strong></span> <span class='ocrx_word' id='word_1_517' title='bbox 1153 4571 1314 4636; x_wconf 81' lang='lat' dir='ltr'><strong>tempestato</strong></span> <span class='ocrx_word' id='word_1_518' title='bbox 1332 4571 1435 4622; x_wconf 84' lang='lat' dir='ltr'><strong>auxilia</strong></span> <span class='ocrx_word' id='word_1_519' title='bbox 1450 4569 1502 4623; x_wconf 86' lang='lat' dir='ltr'><strong>lio-</strong></span> 
     </span>
     <span class='ocr_line' id='line_1_52' title="bbox 282 4636 1504 4713; baseline 0.008 -27"><span class='ocrx_word' id='word_1_520' title='bbox 282 4636 369 4686; x_wconf 79' lang='lat' dir='ltr'><strong>manis</strong></span> <span class='ocrx_word' id='word_1_521' title='bbox 387 4636 474 4689; x_wconf 85' lang='lat' dir='ltr'><strong>missa</strong></span> <span class='ocrx_word' id='word_1_522' title='bbox 490 4649 555 4689; x_wconf 82' lang='lat' dir='ltr'><strong>case</strong></span> <span class='ocrx_word' id='word_1_523' title='bbox 571 4639 653 4703; x_wconf 85' lang='lat' dir='ltr'><strong>plane</strong></span> <span class='ocrx_word' id='word_1_524' title='bbox 676 4641 758 4704; x_wconf 70' lang='lat' dir='ltr'><strong>eune</strong></span> <span class='ocrx_word' id='word_1_525' title='bbox 781 4641 875 4707; x_wconf 85' lang='lat' dir='ltr'><strong>aperte</strong></span> <span class='ocrx_word' id='word_1_526' title='bbox 896 4641 1018 4695; x_wconf 83' lang='lat' dir='ltr'><strong>testatm.</strong></span> <span class='ocrx_word' id='word_1_527' title='bbox 1054 4639 1145 4709; x_wconf 79' lang='lat' dir='ltr'><strong>(bion.</strong></span> <span class='ocrx_word' id='word_1_528' title='bbox 1163 4641 1203 4693; x_wconf 86' lang='lat' dir='ltr'><strong>1x</strong></span> <span class='ocrx_word' id='word_1_529' title='bbox 1221 4643 1302 4711; x_wconf 84' lang='lat' dir='ltr'><strong>antiq.</strong></span> <span class='ocrx_word' id='word_1_530' title='bbox 1320 4637 1360 4713; x_wconf 76' lang='lat'><strong>5.)</strong></span> <span class='ocrx_word' id='word_1_531' title='bbox 1395 4641 1451 4695; x_wconf 82' lang='lat' dir='ltr'><strong>Sed</strong></span> <span class='ocrx_word' id='word_1_532' title='bbox 1466 4655 1504 4696; x_wconf 86' lang='lat' dir='ltr'><strong>ue</strong></span> 
     </span>
    </p>
   </div>
   <div class='ocr_carea' id='block_1_6' title="bbox 0 0 1710 5400">
    <p class='ocr_par' dir='ltr' id='par_1_14' title="bbox 0 0 1710 5400">
     <span class='ocr_line' id='line_1_53' title="bbox 0 0 1710 5400; baseline 0 5"><span class='ocrx_word' id='word_1_533' title='bbox 0 0 1710 5400; x_wconf 95' lang='lat' dir='ltr'><strong> </strong></span> 
     </span>
    </p>
   </div>
  </div>
 </body>
</html>
