3409 5400
572 459 702 550 250
1404 480 1523 547 DF,
1568 477 2184 548 FORTl'rVDINE.

575 643 939 728 expectauit
991 644 1189 729 igitur
1248 642 1420 707 hanc
1481 644 1759 706 iniuriae
1826 645 2259 708 maturitatem
2317 643 2388 707 C.
2449 641 2718 718 Atilius,
2788 665 3015 709 uerum

575 750 848 815 barbam
895 772 1084 813 suam
1129 750 1553 835 permulcenti
1589 748 1778 813 Gallo
1826 750 2187 834 scipionem
2228 749 2597 816 uehementi
2640 752 2770 814 ictu
2817 752 3016 835 capiti

573 856 806 920 inflixit
851 858 1039 942 eique
1087 866 1348 941 propter
1397 855 1688 919 dolorem
1737 854 1823 917 ad
1870 876 1943 919 se
1988 855 2421 922 occidendum
2464 857 2673 921 ruenti
2718 856 3015 942 cupidius

500 962 506 972 ’
576 984 815 1047 corpus
887 962 1130 1027 obtulit.
1248 962 1409 1047 Capi
1478 981 1639 1046 ergo
1710 962 1915 1025 uirtus
1986 963 2228 1036 nescit,
2305 964 2657 1048 patientiae
2727 962 3013 1027 dedecus

571 1072 864 1156 ignorat,
919 1069 1219 1134 fortunae
1282 1066 1705 1131 succumbere
1765 1068 1942 1130 omni
1987 1068 2120 1131 fato
2168 1070 2413 1132 tristius
2463 1070 2665 1146 ducit,
2724 1090 2902 1133 noua
2953 1079 3017 1133 et
3041 1092 3070 1133 ⁵

575 1178 881 1262 speciosa
929 1196 1178 1261 genera
1223 1174 1515 1238 interitus
1564 1175 1919 1261 excogitat,
1970 1175 2028 1238 si
2075 1174 2423 1261 quisquam
2467 1177 2711 1252 interit,
2759 1177 2872 1263 qui
2918 1177 3015 1240 sic

575 1283 987 1369 extinguitur.

490 1385 554 1450 8.
749 1389 1150 1455 Reddendus
1177 1398 1277 1453 est
1300 1408 1471 1452 nunc
1494 1388 1837 1452 Romanae
1871 1388 2188 1452 iuuentuti
2213 1388 2466 1454 debitus
2493 1388 2741 1475 gloriae
2778 1386 3015 1463 tituluS‚

577 1517 743 1581 quae
790 1495 860 1561 C.
909 1497 1302 1582 Sempronio
1350 1495 1645 1560 Atratino
1706 1494 1973 1558 consule
2030 1515 2178 1558 cum
2225 1494 2491 1561 Volscis
2550 1495 2731 1581 apud
2773 1492 3018 1559 Verru-

576 1604 798 1688 ginem
843 1624 1074 1688 parum
1120 1624 1433 1689 prospere
1481 1602 1853 1677 dimicante,
1900 1622 1983 1664 ne
2030 1602 2208 1665 acies
2256 1611 2486 1665 nostra
2528 1602 2660 1665 iam
2706 1600 3092 1667 inclinatam

573 1708 1072 1795 propelleretur,
1143 1710 1328 1796 equis
1384 1706 1657 1792 delapsa
1726 1728 1801 1770 se
1869 1709 2017 1793 ipsa
2083 1710 2458 1771 centuriauit
2516 1713 2694 1790 atque
2747 1710 3018 1772 hostium

575 1817 926 1879 exercitum
984 1817 1242 1899 inrupit.
1308 1813 1496 1894 ·Quo
1569 1813 1813 1876 dimoto
1871 1815 2236 1897 proximum
2292 1814 2609 1879 tumulum
2674 1816 3021 1899 occupauit

574 1918 915 2004 effecitque
985 1930 1054 1982 ut
1121 1921 1334 1983 omnis
1396 1916 1795 1983 Volscorum
1867 1941 2229 1985 conuersus
2298 1922 2578 2004 impetus
2646 1918 3016 2006 legionibus

576 2026 815 2087 nostris
886 2026 972 2089 ad
1040 2026 1526 2089 confirmandos
1597 2028 1855 2091 animos
1937 2026 2224 2090 salutare
2304 2026 2744 2090 laxamentum
2814 2025 3015 2092 daret.

574 2127 822 2215 Itaque,
869 2153 1016 2196 cum
1060 2133 1195 2196 iam
1257 2132 1338 2195 de
1397 2130 1729 2217 trophaeis
1798 2132 2161 2197 statuendis
2232 2133 2625 2217 cogitarent,
2697 2132 3018 2216 proelium
3038 2155 3092 2199 ¹5

574 2245 765 2299 nocte
811 2236 1178 2312 dirimente,
1226 2240 1595 2303 uictoresne
1642 2260 1728 2303 an
1774 2240 1929 2303 uicti
1976 2237 2386 2302 discederent
2426 2238 2658 2302 incerti
2703 2239 3016 2304 abierunt.

581 2412 626 2465 1.
663 2416 1046 2468 immanitatem
1081 2413 1150 2468 Ε.
1174 2415 1200 2486 ΙΙ
1223 2434 1292 2470 m.
1332 2418 1508 2467 atilius
1547 2430 1686 2468 corr.
1724 2414 1789 2477 A,
1826 2416 1953 2468 Par.
1990 2433 2062 2467 m.
2098 2417 2337 2481 papirius
2375 2428 2513 2467 corr.
2556 2412 2610 2468 C.
2641 2412 2664 2488 11
2705 2411 2756 2468 3.
2796 2418 3018 2480 cupidus

573 2481 763 2553 Ε.114.
804 2489 933 2551 Capi
971 2517 1039 2525 —
1077 2484 1175 2554 (7.)
1215 2488 1559 2557 extinguitur]
1599 2486 1729 2538 haec
1762 2504 1849 2541 uu.
1887 2484 2112 2538 inseruit
2145 2485 2202 2537 in
2222 2484 2335 2553 fiae
2374 2488 2425 2550 S.
2470 2483 2549 2537 12.
2583 2491 2705 2555 post
2736 2501 2822 2538 uu.
2850 2488 3019 2554 digni·

575 2558 670 2605 tati
709 2572 842 2609 suae
880 2560 1106 2609 reddidit
1142 2557 1205 2610 Γ.
1229 2558 1256 2626 11
1279 2560 1536 2623 patientia
1573 2556 1815 2609 ABDI‘
1847 2563 1900 2609 et
1924 2572 2014 2625 pr.
2049 2555 2103 2611 C.
2133 2555 2157 2625 11
2186 2553 2237 2611 5.
2260 2557 2523 2622 fortunae]
2566 2558 2917 2609 fortitudinem
2941 2555 3016 2609 D.

618 2628 858 2691 {tristius
895 2632 1036 2679 ducit
1073 2632 1214 2680 omui
1251 2631 1361 2682 fato
1403 2629 1555 2681 Torr.
1585 2629 1608 2700 11
1651 2624 1700 2680 6.
1742 2630 1937 2679 interiit
1972 2625 2091 2680 DF
2124 2632 2176 2678 et
2210 2642 2348 2680 corr.
2391 2625 2448 2678 C.
2490 2626 2513 2693 11
2552 2623 2604 2680 8.
2643 2631 2695 2692 §-
2731 2625 2782 2678 8.
2820 2642 2919 2678 om·
2955 2625 3019 2679 Γ.

619 2693 708 2765 19.
748 2700 907 2763 quem]
948 2715 1154 2750 erasum
1190 2699 1252 2751 A.
1305 2706 1439 2766 quod
1484 2700 1539 2753 C.
1581 2696 1703 2754 add.
1744 2705 1806 2760 Q.
1850 2701 2035 2750 Catulo
2072 2696 2141 2751 E.
2180 2699 2205 2766 ΙΙ
2242 2716 2358 2749 cum
2407 2702 2713 2764 sempronio
2764 2693 2819 2751 C.
2860 2713 3018 2764 prae-

578 2782 759 2818 nomen
795 2783 892 2820 om.
930 2769 1000 2819 Ε.
1043 2767 1065 2838 11
1109 2774 1416 2823 consulibus
1445 2786 1536 2838 pr.
1574 2771 1643 2824 E.
1678 2769 1705 2836 11
1742 2773 2083 2838 Verniginem
2120 2767 2189 2820 Ε.
2225 2770 2251 2838 11
2292 2765 2370 2820 ll.
2411 2785 2473 2820 se
2510 2772 2687 2834 ipsam
2727 2767 2881 2820 Torr.
2920 2784 3017 2820 om.

576 2836 760 2890 BCE.
785 2837 811 2904 11
835 2841 1148 2890 centuriauit
1185 2844 1364 2910 atque]
1418 2859 1515 2892 om.
1552 2841 1617 2894 Β.
1657 2846 1710 2893 et
1735 2856 1825 2909 pr.
1862 2838 2116 2893 ACDE.
2165 2842 2478 2890 centuriauit
2528 2855 2589 2890 se
2626 2843 2802 2904 ipsam
2839 2853 3017 2906 margo

577 2907 646 2960 Ε.
677 2910 700 2974 ΙΙ
730 2910 959 2958 hostium
997 2925 1094 2962 om.
1133 2910 1323 2964 ACD.
1359 2911 1384 2979 11
1426 2911 1506 2964 12.
1557 2916 1769 2962 demoto
1808 2909 2058 2963 ABCE.
2100 2907 2124 2976 11
2167 2907 2249 2962 13.
2288 2910 2623 2976 Volscorum]
2676 2909 2799 2961 add.
2850 2913 2905 2961 in
2956 2926 3019 2961 se

578 2977 671 3042 (E)
686 2976 838 3030 Torr.
863 2976 999 3045 1115.
1038 2983 1316 3049 proelium]
1358 2986 1541 3049 presul
1576 2982 1643 3036 Β.
1672 2980 1697 3051 11
1733 2979 1813 3033 16.
1853 2983 2176 3048 uictoresne]
2219 2983 2448 3031 uictores
2484 2979 2559 3031 D.

721 3137 775 3191 C.
812 3137 1024 3202 Atilius)
1075 3142 1120 3191 A
1158 3144 1309 3192 Liuio
1359 3148 1412 3194 et
1463 3145 1747 3194 Plutarcho
1796 3143 2042 3205 Papirius
2094 3144 2327 3193 uocatur.
2399 3142 2480 3190 De
2518 3143 2862 3206 praenomine
2901 3157 3016 3190 cum

582 3213 731 3262 Liuio
771 3214 1030 3261 consentit
1069 3215 1228 3262 Iulius
1267 3216 1450 3272 Paris,
1478 3218 1744 3265 ‘Marcum
1781 3215 2070 3271 exhibens,
2121 3214 2263 3274 quod
2299 3213 2584 3264 Plutarcho
2624 3228 2831 3277 quoque
2869 3214 3018 3262 resti-

581 3285 829 3332 tuendum
867 3297 1010 3342 esse,
1051 3286 1139 3333 ubi
1178 3287 1327 3336 codd.
1365 3289 1564 3357 Μαρίῳ
1601 3287 1841 3342 tradunt,
1882 3286 2083 3334 monuit
2117 3284 2587 3334 Drakenborchius
2638 3285 2705 3332 ad
2745 3283 2860 3336 Liu.
2900 3284 2933 3331 1.
2974 3300 3018 3333 e.

582 3355 826 3404 Valerius
866 3371 1020 3418 quem
1061 3357 1256 3405 fontem
1295 3360 1511 3407 secutus
1550 3372 1725 3418 quoue
1764 3371 1943 3406 errore
1988 3357 2236 3405 inductus
2275 3353 2485 3404 Atilium
2529 3355 2794 3417 posuerit,
2850 3369 3019 3419 neque

581 3426 718 3476 enim
760 3426 1089 3476 librariorum
1127 3428 1229 3475 hoc
1268 3432 1368 3485 est,
1410 3429 1653 3493 equidem
1691 3443 1798 3476 nou
1836 3429 2011 3476 habeo
2050 3428 2242 3476 dicere.

711 3493 1004 3561 patientiae
1041 3494 1282 3553 dedecus)
1317 3501 1399 3548 Ita
1434 3499 1685 3548 librorum
1727 3498 2080 3560 corruptelam
2109 3494 2372 3563 patientia
2410 3496 2713 3546 emendauit
2762 3511 2792 3545 e
2846 3497 3018 3546 conie-

580 3570 730 3616 ctura
767 3568 975 3616 Medius
1015 3572 1067 3616 ct
1103 3574 1226 3617 ante
1253 3585 1372 3619 eum
1399 3571 1747 3619 recentiorum
1775 3569 1974 3633 aliquot
1998 3569 2237 3618 codicum
2262 3568 2479 3618 librarii.
2552 3569 2702 3626 Quod
2740 3568 3018 3630 probatum

580 3639 906 3688 aPerizonio
945 3655 1061 3688 cum
1102 3642 1398 3703 recepisset
1432 3640 1738 3696 'rori-euius,
1777 3644 2124 3702 praepostere
2158 3639 2397 3702 Kappius
2436 3637 2707 3688 reuocauit
2746 3638 3020 3703 uulgatam

580 3710 912 3772 scripturam,
941 3711 1370 3778 distinguendam
1397 3713 1562 3769 rame,
1586 3708 1723 3778 Capi
1742 3722 1861 3774 erqo
1880 3707 2050 3759 uirtus
2067 3707 2234 3760 nescit
2242 3706 2522 3775 patientia,
2554 3704 2777 3758 dedecus
2793 3706 3019 3773 ἱρηοναι,

579 3782 849 3843 tamquam
889 3780 953 3838 is,
994 3782 1080 3845 qui
1119 3784 1428 3844 patientiam
1465 3783 1695 3839 exercet,
1737 3795 1805 3829 ea
1843 3780 1963 3844 capi
2000 3781 2102 3829 dici
2137 3783 2343 3843 posset.

722 3845 771 3899 8.
821 3851 900 3898 Cf.
935 3851 1051 3899 Liu.
1091 3853 1201 3909 1111,
1239 3849 1326 3902 38.

721 3918 1036 3970 centuriauit
1072 3928 1224 3989 atque
1257 3921 1499 3984 hostium)
1540 3924 1805 3972 Damnum
1841 3923 1895 3972 h.
1934 3923 1968 3971 1.
2007 3922 2303 3985 archetypo
2342 3922 2507 3969 codici
2545 3920 2778 3977 illatum,
2825 3921 2878 3970 in
2915 3936 3019 3982 quo

579 3992 716 4039 haec
755 3991 875 4038 sola
913 3991 1127 4042 inuenta
1165 3997 1312 4052 sunt,
1365 3992 1509 4059 equis
1557 3989 1776 4059 delapsa
1812 4006 1869 4041 se
1902 3990 2023 4059 ipsa
2061 3989 2340 4042 exercitum
2378 3989 2609 4054 inrupit,
2653 3992 2841 4040 sarciri
2878 4007 3019 4041 com-

583 4062 736 4110 mode
772 4062 952 4122 potest
992 4067 1239 4126 recteque
1277 4065 1388 4115 fere
1427 4065 1679 4112 sarcitum
1718 4066 1800 4113 est
1852 4067 1916 4107 :ula
1972 4063 2308 4111 summantur·-
2364 4063 2472 4107 iibri
2516 4063 2773 4107 nrum-lini
2829 4063 3021 4111 :uuili-1

582 4131 695 4180 Iulii
734 4132 958 4189 ParidiS,
998 4135 1086 4194 qni
1125 4137 1259 4183 haec
1295 4137 1346 4184 in
1385 4135 1755 4198 compendium
1796 4139 1992 4187 rori-uin
2040 4139 2128 4179 ²1¹³-
2180 4135 2368 4195 mulir-f:
2408 4131 2609 4179 fif-fuiss?
2649 4131 2789 4191 tuuf-*2
2818 4127 3117 4191 Q

582 4199 1020 4261 cmlltrt'auertmt,
1061 4208 1111 4253 el
1146 4203 1223 4253 ila
1261 4202 1402 4255 acies
1437 4204 1678 4255 restituta
1724 4211 1812 4255 est.
1904 4207 1940 4251 li
1996 4207 2180 4267 ψιὲὶιιμ
2236 4207 2569 4251 ΗυηιᾱὶΙὶΗεὲιιΗι

579 4276 634 4323 in
673 4274 967 4338 archetypo
1004 4291 1091 4325 uu.
1129 4274 1444 4326 centuriauit
1477 4281 1632 4342 atque
1668 4277 1780 4340 (uel
1824 4283 1892 4327 rt}
1932 4275 2164 4323 sem-siena.
2252 4283 2364 4331 *Just
2420 4279 2516 4319 νην·

584 4345 792 4406 ruptela
825 4345 880 4392 in
917 4345 1186 4410 plerisque
1224 4347 1444 4396 alterius
1483 4348 1719 4396 familiae
1758 4351 2024 4395 omlis-ilum
2080 4351 2336 4407 luri-muni
2384 4367 2392 4383 ι
2440 4347 2444 4351 “

584 4429 699 4463 cum
739 4415 948 4464 interim
985 4417 1037 4465 in
1073 4418 1337 4467 nonnullis
1377 4433 1443 4467 ex
1481 4419 1566 4466 his
1606 4418 1840 4466 additum
1884 4423 1940 4459 mi!
1988 4439 2012 4459 a·
2060 4423 2320 4463 =···÷„·uif-a-ru·=-

582 4485 794 4534 omnino
832 4488 1197 4537 necessarium
1235 4489 1426 4552 sponte
1463 4503 1524 4538 se
1563 4489 1840 4539 offerebat.
1920 4491 2076 4535 lumlu
2124 4499 2236 4547 ματ·

582 4559 636 4605 in
675 4557 993 4606 editionibus
1032 4559 1366 4621 excipiebant
1408 4573 1603 4608 nomen
1639 4560 1980 4611 Volet-urum,
2040 4559 2128 4607 mul

584 4641 725 4678 mss.·
772 4630 1074 4678 Conuersus
1124 4629 1308 4680 dicitur
1349 4645 1455 4681 non
1501 4631 1733 4679 indicato
1782 4630 1896 4680 lut-u
1952 4648 2048 4692 qud

586 4699 793 4764 equites
829 4699 951 4751 illos
989 4701 1188 4752 factum
1222 4715 1350 4753 esse
1387 4703 1544 4754 facile
1580 4701 1920 4771 intellegitur,

3265 4044 3271 4086 1

3121 4194 3156 4255 Ι..
