3409 5400
229 717 363 773 uetusto
386 708 516 775 nitamr.
561 703 687 775 Verum
710 708 834 785 omnia,
860 729 945 797 quae
967 704 1032 777 huo
1055 709 1224 798 pertinent,
1248 710 1332 777 adeo
1355 712 1461 777 mani·

230 816 354 881 festam
382 816 644 881 coniecturarum
671 819 816 904 speeiem
849 839 930 904 prae
969 840 1008 883 se
1040 818 1151 883 ferunt
1186 828 1221 885 ut
1256 820 1366 885 facere
1394 838 1462 885 non

231 924 403 1010 possimus
427 924 506 1013 quin
527 924 563 987 in
585 921 639 988 his
663 924 751 989 doeti
773 926 949 993 cuiusdam
969 926 1048 1002 uiri,
1076 925 1175 991 modo
1203 926 1340 991 feliciter
1361 926 1461 993 modo

231 1029 394 1097 audacius
417 1042 451 1095 et
471 1051 588 1117 parum
601 1044 691 1097 reete
704 1029 874 1101 veterion
890 1032 1107 1110 emendantia,
1130 1056 1254 1111 curam,
1277 1031 1342 1101 hae
1357 1045 1462 1101 aetate

231 1161 317 1204 saue
339 1160 467 1214 raram,
489 1159 726 1226 agnoscamus.
770 1139 975 1207 Documento
1001 1162 1076 1207 ease
1103 1152 1244 1229 possunt
1273 1141 1338 1209 hae
1365 1143 1463 1229 primi

233 1245 412 1311 uoluminis
435 1245 722 1332 interpolationes,
745 1270 774 1313 o.
798 1248 835 1324 6,
863 1249 885 1315 9
919 1248 954 1313 Ia
983 1249 1065 1313 atim
1091 1255 1269 1333 cupiosum
1305 1272 1333 1315 o.
1366 1251 1403 1325 7,
1440 1249 1461 1314 3

233 1374 272 1418 ac
295 1355 442 1438 periculo
469 1376 527 1442 auo
551 1359 721 1440 prande.
750 1358 781 1432 7,
811 1359 830 1420 7
865 1378 997 1441 napaeas
1029 1380 1090 1445 pro
1116 1376 1256 1441 ecquem
1284 1378 1313 1421 o.
1342 1356 1378 1432 8,
1419 1356 1463 1422 10

227 1462 407 1545 potatione
427 1484 488 1549 pro
510 1464 729 1541 reddentidaa5
751 1464 829 1530 ibid.
852 1464 952 1552 pardo
975 1476 1052 1552 post
1073 1466 1154 1529 atta
1173 1466 1275 1548 inquit
1301 1486 1362 1553 pro
1384 1464 1466 1529 nteit

232 1571 316 1633 enim
337 1571 455 1653 inqui,-
477 1593 507 1635 e.
530 1572 562 1647 8,
586 1581 648 1636 ext.
671 1572 694 1637 2
722 1573 757 1637 ιἰι
784 1592 854 1637 eam
871 1573 1073 1655 potissimam
1088 1574 1204 1647 loeum5
1227 1581 1300 1637 cett.

322 1676 449 1743 Harum
471 1678 571 1766 igitur
594 1678 870 1755 emendationum,
894 1679 1090 1766 saepissime
1114 1699 1132 1742 e
1156 1677 1287 1743 Paridis
1312 1679 1462 1765 epitome,

232 1786 344 1853 rarius
375 1807 394 1849 e
424 1786 613 1852 coniectura
642 1786 730 1851 docti
754 1785 898 1863 librarii,
927 1806 1085 1875 perquam
1114 1807 1190 1851 raro
1219 1808 1259 1851 ex
1285 1786 1462 1873 integriore
1543 1768 1548 1777 ’

234 1891 364 1959 Valerii
388 1892 502 1959 codiee
529 1894 564 1959 in
585 1892 758 1972 Bonnense
787 1894 955 1981 exemplar
983 1892 1205 1969 inducturum,
1232 1914 1358 1981 magna
1383 1914 1463 1979 pars

233 2003 271 2067 in
294 2000 380 2067 alios
402 1999 505 2066 libros
529 2001 672 2076 uansiit,
703 2002 781 2076 sed,
809 2000 898 2089 quod
929 2000 1085 2089 gratulari
1116 2000 1272 2067 debemus
1303 2001 1464 2087 propitiae

232 2108 397 2184 formnae,
420 2108 457 2173 in
478 2109 677 2174 recentiores
701 2107 869 2175 dumtaxat
899 2119 931 2171 et
957 2128 999 2173 ne
1029 2109 1063 2173 in
1094 2106 1158 2173 hos
1182 2106 1312 2195 quidem
1335 2128 1463 2181 omnes,

232 2238 311 2283 eum
342 2215 457 2301 optimi
492 2215 613 2302 quique
644 2216 686 2284 ab
718 2215 782 2281 illis
811 2214 1116 2302 interpolationibus
1144 2214 1238 2281 Iiberi
1272 2214 1462 2280 manserint.

233 2322 449 2410 Occuparunt
474 2322 575 2409 igitur
603 2322 688 2387 inter
709 2343 804 2389 meos
826 2321 882 2387 hic
911 2321 976 2389 illie
1000 2320 1136 2389 alterum
1158 2320 1407 2387 Beroliuenaem
1429 2320 1464 2383 D

233 2443 267 2497 ot
287 2442 462 2517 utrumque
486 2428 774 2516 Guelferbytanum
802 2430 881 2505 EF,
912 2450 1092 2517 numquam
1118 2426 1413 2495 Vindobonensem
1434 2426 1465 2489 B

232 2560 344 2626 neque
367 2534 617 2603 Berolinensem
637 2538 911 2623 praestantiorem
936 2537 969 2603 G.
1003 2535 1041 2603 In
1062 2536 1219 2622 primario
1240 2556 1321 2601 uero
1350 2532 1465 2601 codiee

233 2647 307 2712 eius
329 2643 487 2719 familiae,
509 2644 545 2708 in
567 2664 635 2732 qua
657 2654 733 2709 sumt
754 2643 851 2710 eodd.
866 2646 902 2709 D
924 2647 1008 2720 etI',
1031 2664 1140 2730 panea
1162 2642 1325 2731 quaedam
1349 2664 1376 2708 a·
1391 2662 1465 2708 eor·

231 2765 363 2820 rectore
398 2751 472 2816 Iibri
499 2748 681 2820 Beruensis
717 2763 891 2839 asssumpta
923 2771 1001 2818 esse
1033 2750 1202 2830 uidentur3
1239 2747 1464 2816 animaduerto

231 2862 324 2926 enim
351 2857 416 2926 hos
444 2857 546 2924 libros
585 2869 617 2924 et
643 2860 786 2926 maxime
822 2857 1046 2926 abbreuiatum
1082 2853 1369 2946 Guelferbytanum
1405 2854 1465 2922 eIi·

232 2969 388 3056 quotiens
412 2986 487 3031 cum
509 2965 658 3032 secunda
680 2965 806 3032 codicis
829 2965 1011 3031 Beruensis
1033 2985 1135 3031 manu
1162 2966 1209 3030 ita
1230 2965 1408 3031 conuenire
1430 2971 1466 3028 nt

231 3076 345 3142 omnis
368 3074 411 3138 de
440 3074 572 3140 fortuito
603 3071 748 3160 quodam
775 3093 944 3140 consensu
975 3083 1182 3138 remoueamr
1212 3072 1370 3159 suspicio.
1419 3066 1466 3134 Vt

230 3204 344 3270 pauca
365 3201 489 3268 ponam
510 3179 669 3267 exempla,
693 3178 768 3258 VII,
789 3181 828 3256 2,
857 3191 919 3246 ext.
950 3181 992 3246 10
1021 3181 1180 3246 dimittens
1206 3201 1267 3268 pro
1294 3176 1465 3264 archetypi

230 3291 361 3355 niam
390 3290 528 3356 astitum
552 3298 667 3354 estex
693 3298 840 3354 correcto
869 3287 1043 3354 Beruensi.
1093 3287 1219 3356 ibidem
1247 3304 1302 3350 uu.
1330 3291 1384 3352 nat
1410 3303 1465 3348 ra·

232 3399 374 3473 maine,
398 3397 527 3463 omissa
548 3397 585 3460 in
606 3393 681 3460 eod.
704 3394 895 3484 archetypo,
916 3396 952 3461 in
974 3395 1049 3462 aliis
1071 3394 1163 3462 libris
1186 3394 1280 3461 narie
1302 3415 1322 3458 e
1352 3393 1463 3458 oonia-

232 3517 340 3579 otura,
362 3504 398 3568 in
420 3501 493 3568 eod.
516 3503 548 3566 A
571 3512 658 3567 reete
688 3523 707 3566 e
730 3501 907 3568 Paridensi
936 3501 1131 3589 compendio
1160 3499 1329 3586 suppleta,
1355 3498 1403 3564 ita
1429 3497 1465 3564 in

232 3609 489 3698 Guelferbytauo
524 3631 654 3698 qnoque
686 3613 718 3673 Γ
748 3608 920 3674 habentur.
977 3606 1025 3683 V,
1068 3609 1103 3683 1,
1145 3609 1164 3672 1
1199 3605 1340 3670 duarum
1372 3603 1463 3670 laeu-

231 3741 354 3786 narum
381 3718 516 3784 onsseis
544 3718 580 3784 in
606 3715 785 3803 archetypo
822 3715 934 3782 uerbis
963 3715 1005 3778 nd
1031 3713 1250 3798 gramma
1279 3723 1324 3776 et.
1342 3711 1465 3776 amaa

232 3829 340 3896 altera
361 3827 487 3892 intaeta
506 3825 631 3891 mansit
651 3825 688 3890 in
712 3817 756 3900 Γ,
780 3845 814 3888 u.
842 3823 966 3888 deuicto
995 3843 1014 3886 e
1036 3819 1214 3908 marginali
1241 3818 1463 3888 additamento

233 3936 363 4002 codicis
385 3935 418 3998 A
441 3942 608 4019 receptum
631 3932 738 3998 estin
760 3931 837 3996 DF.
882 3927 948 4020 IX,
973 3928 1031 4006 13,
1062 3929 1080 3994 l
1109 3949 1142 3994 u.
1169 3928 1310 4011 antispai
1332 3925 1465 3994 deside-

231 4054 342 4108 ratum
365 4042 400 4106 in
423 4037 601 4125 archetypo
624 4061 647 4106 a
660 4038 781 4106 Paride
804 4045 970 4103 mutuatam
995 4047 1047 4102 est
1068 4035 1259 4102 emendator
1273 4033 1465 4108 Beruensis,

233 4151 279 4216 ab
308 4170 350 4214 eo
380 4147 475 4214 codd.
505 4148 585 4213 Dr.
646 4143 722 4223 IIII,
759 4145 797 4222 3,
835 4144 877 4210 li
907 4145 942 4210 in
969 4141 1149 4231 archetypo
1177 4154 1209 4208 et
1235 4144 1267 4210 A
1294 4140 1466 4229 legebatur

232 4256 378 4322 notibus
408 4276 450 4320 aaa
475 4253 618 4318 nem-idne
638 4273 697 4339 pro
727 4253 830 4317 arma
851 4273 893 4317 aa
915 4251 1064 4316 aarum.
1120 4248 1277 4316 Mendum
1301 4237 1465 4316 sublatum

231 4376 286 4432 est
307 4366 344 4430 in
367 4384 452 4428 corr.
473 4363 506 4427 A
528 4371 562 4426 et
582 4361 619 4425 in
640 4357 715 4426 Dr.
759 4358 841 4426 Item
860 4356 899 4422 P.
914 4357 1015 4424 Annii
1030 4379 1152 4424 nomen
1166 4353 1256 4432 VIII,
1279 4357 1311 4436 9,
1334 4357 1466 4422 Ireete

229 4471 375 4537 habetur
404 4471 441 4536 in
468 4468 646 4536 Paridensi
673 4468 825 4555 epitome,
853 4466 890 4532 in
921 4477 1066 4532 eorreeto
1089 4463 1252 4530 Bernensi
1279 4465 1378 4548 inque
1407 4457 1465 4526 ab·

229 4579 384 4646 breuiato
400 4576 666 4666 Guelferbytano.
711 4573 868 4640 Fortasse
891 4571 956 4639 hue
971 4571 1178 4638 referendum
1203 4570 1272 4644 erit,
1296 4565 1384 4655 quod
1407 4563 1465 4640 VI,

231 4689 266 4764 2,
291 4689 312 4752 7
336 4709 392 4752 uu.
416 4691 471 4752 atet
492 4687 580 4750 tristi
601 4686 701 4760 iram,
729 4702 833 4770 quae,
862 4692 898 4744 ut
923 4679 1162 4768 praediximus,
1190 4678 1222 4742 A
1250 4676 1285 4740 in
1312 4672 1465 4761 margine

230 4793 351 4872 habet,
390 4805 523 4880 recepta
550 4803 627 4862 sunt
661 4814 683 4857 a
717 4789 840 4858 loanne
877 4786 1124 4856 Saresberiensi
1155 4781 1274 4850 Polior.
1305 4777 1386 4857 VII,
1420 4779 1465 4848 25
