3409 5400
353 479 397 548 bl

353 640 521 726 inscriptio
544 640 642 703 tonus
666 631 899 724 operisss‘nuilo
922 637 1056 702 omnino
1078 637 1150 701 iure
1173 637 1336 701 remoueri
1358 646 1478 724 potest,
1499 657 1536 702 cu

354 747 482 812 interim
505 745 540 810 G.
565 744 638 811 Titii
661 743 778 820 Probi,
805 753 841 808 ut
861 765 940 809 mox
961 742 1164 818 uidebimus,
1194 755 1250 807 aut
1276 742 1400 810 nullum
1425 755 1481 808 aut
1500 765 1536 832 pe

356 875 454 942 quam
477 873 600 940 anceps
624 861 656 916 et
677 853 831 939 exiguum
858 850 894 915 in
915 848 980 914 hoc
1002 850 1198 937 compendio
1221 851 1265 914 sit
1286 851 1445 930 meritum.

443 958 631 1026 Praeteritis
660 969 767 1023 autem
795 958 924 1044 passim
951 967 1027 1022 ante
1056 956 1145 1043 Aug.
1179 955 1249 1022 Mai
1279 977 1414 1044 operam
1442 958 1536 1044 prola

356 1067 560 1154 superiorum
585 1065 745 1130 editorum
760 1063 980 1151 opinionibus,
1005 1065 1123 1150 quippe
1147 1066 1203 1151 qui
1224 1066 1280 1130 uix
1294 1064 1409 1131 Iulium
1425 1063 1536 1129 Paride

355 1173 516 1244 nouerint,
540 1170 661 1235 nedum
685 1171 847 1257 epitomae
870 1172 1030 1254 rationem
1061 1181 1117 1234 aut
1145 1171 1181 1234 C.
1206 1171 1280 1236 Titii
1306 1170 1406 1236 Probi
1436 1171 1536 1237 subsc*

355 1281 509 1365 ptionem,
533 1289 705 1341 conuertar
729 1278 838 1342 atatim
869 1277 914 1342 ad
937 1275 1145 1342 Theodorum
1166 1277 1363 1366 Bergkium,
1394 1279 1448 1366 qui
1475 1299 1536 1364 nup

357 1383 488 1464 (Rbein.
517 1403 602 1448 mus.
630 1405 713 1448 neue
736 1383 835 1470 folge.
868 1381 976 1470 iahrg.
1000 1384 1032 1450 4.
1054 1407 1085 1470 Ρ.
1112 1384 1200 1464 120.)
1232 1387 1366 1471 copiose
1395 1383 1524 1472 quidem

356 1491 450 1556 docte
474 1491 514 1555 de
538 1490 776 1576 subscriptione
800 1490 857 1554 illa
880 1511 1044 1576 eousque
1068 1489 1219 1577 neglecta
1242 1492 1406 1566 disseruit,
1429 1491 1536 1578 ingoni

357 1617 460 1685 saque
478 1597 678 1661 diuinatione
696 1617 843 1662 summas
857 1595 1063 1662 difficultates
1076 1596 1220 1661 enodare
1238 1607 1374 1662 conatus
1392 1609 1451 1670 est,
1474 1618 1536 1682 neq

357 1717 467 1770 tamen
489 1702 571 1769 mihi
595 1701 771 1767 stabilitam
795 1703 862 1766 iam
885 1715 952 1767 tum
974 1723 1084 1769 meam
1106 1705 1533 1791 sententiampotoiteuerte

357 1812 438 1886 Res,
461 1830 520 1897 per
543 1831 580 1874 se
603 1828 685 1873 sane
709 1797 852 1874 obscura
875 1821 972 1895 atque
1001 1809 1168 1895 impedita,
1196 1811 1306 1898 magis
1330 1813 1428 1875 etiam
1457 1822 1536 1896 perti

356 1917 451 1982 batur
474 1915 602 1980 duabus
626 1914 909 2002 praefatiunculis,
933 1935 1070 2002 quanun
1094 1915 1213 1990 altera,
1237 1937 1337 2002 quarn
1359 1916 1485 1991 Maius,
1508 1940 1536 1980 cr

359 2022 492 2088 abesset
513 2019 556 2085 ab
581 2042 619 2084 eo
644 2019 756 2086 codice
780 2018 963 2097 Vaticano,
986 2023 1042 2108 qui
1064 2043 1149 2086 unus
1171 2023 1335 2111 integrum
1357 2023 1444 2088 bunc
1467 2023 1536 2088 abbr

357 2128 517 2193 tiatorem
541 2126 636 2192 uobis
661 2127 815 2200 seruauit,
838 2147 857 2188 e
880 2125 1045 2214 Pigbiano
1070 2127 1218 2214 exemplo
1239 2127 1445 2216 desumptam
1465 2130 1536 2194 deci

357 2233 430 2299 libri
455 2232 618 2319 epitomae
640 2234 841 2319 praeposuit,
864 2230 948 2297 baec
964 2244 1029 2298 est:
1060 2235 1249 2298 Decimus
1276 2241 1394 2319 atpne
1421 2238 1536 2300 ultim

357 2343 471 2406 baina
500 2341 634 2424 operis
663 2339 763 2404 tiber
791 2359 859 2404 sen
888 2340 1158 2405 studiosorum
1185 2342 1337 2406 inertie
1371 2361 1440 2406 aea
1477 2361 1536 2406 ecr

352 2454 512 2531 piorem
540 2447 711 2530 sepnitr'c
747 2465 812 2510 sen
842 2447 925 2511 otio
962 2449 1107 2528 quonia
1136 2467 1232 2512 eoae
1261 2450 1388 2512 aetati
1421 2456 1536 2513 noetr

354 2555 549 2636 perditus
578 2559 643 2618 eet.
701 2553 837 2618 Verane
870 2553 1008 2616 Iulias
1041 2554 1181 2629 Poris,
1216 2555 1476 2619 ebbrenietor
1515 2557 1537 2618 i

360 2659 470 2733 terit,
493 2665 589 2742 post
609 2679 744 2723 nouem
766 2658 895 2723 libros
925 2660 1143 2741 ecplicttoe
1173 2663 1274 2727 benc
1301 2662 1490 2726 deciment
1518 2682 1534 2725 o

359 2764 471 2848 infre
501 2767 662 2847 scripto
694 2766 925 2847 compendio
953 2769 1182 2850 compienne
1213 2774 1282 2843 eet,
1308 2789 1383 2851 per
1412 2771 1515 2851 qnod

360 2870 598 2943 nominibus,
625 2872 967 2953 praenominibus,
997 2876 1292 2957 copnominr'bes
1322 2881 1437 2957 atque
1468 2895 1535 2958 opt

360 2976 531 3041 minibus
556 2974 695 3058 fnisse
726 2979 889 3042 eandem
926 3001 947 3043 o
982 2981 1135 3046 Valerio
1165 2985 1421 3064 compositum
1453 3002 1535 3046 con:

361 3083 473 3147 ciart
507 3082 614 3145 lieet.
669 3084 800 3147 Verbo
837 3087 992 3167 quidem
1024 3089 1122 3152 letti
1154 3090 1320 3153 Periclis
1352 3092 1448 3154 baec
1482 3109 1535 3153 ee>

363 3187 490 3251 ‘Liber
511 3188 687 3251 decimes
709 3189 752 3252 de
769 3193 1091 3271 praenominibus
1112 3201 1148 3259 et
1169 3194 1388 3259 similibus?

450 3290 563 3357 Altera
585 3295 745 3361 recentior
769 3308 799 3360 et
820 3318 861 3361 ex
874 3297 993 3383 priore,
1016 3309 1052 3364 nt
1067 3312 1155 3364 recte
1170 3301 1401 3367 animaduertit
1409 3300 1535 3390 Bergki

363 3400 530 3485 descripta
553 3419 691 3487 comque
715 3402 757 3467 ob
781 3425 918 3467 causam
940 3403 1060 3471 nullius
1083 3406 1150 3471 fere
1175 3408 1375 3473 auctoritatis
1398 3405 1499 3473 haec:

450 3506 640 3573 Decimus
656 3509 774 3574 baius
797 3511 934 3595 operis
956 3512 1069 3589 liber,
1093 3516 1158 3596 pai
1180 3520 1217 3579 et
1238 3516 1407 3579 ultimae
1429 3521 1502 3590 eet,
1526 3536 1535 3578 r

362 3634 407 3678 ee
432 3614 671 3695 neplepentr'o
704 3623 771 3681 aui
807 3620 1088 3683 motenolentio
1121 3621 1376 3685 librariorum
1405 3622 1534 3704 deperz

362 3718 640 3784 Abbreniotor
669 3723 817 3789 titulos
853 3727 943 3790 eins
979 3726 1150 3791 babebat
1176 3729 1334 3810 intepre
1359 3728 1534 3813 fortnas

368 3824 502 3889 Tamen
524 3826 569 3889 de
590 3847 662 3890 uno
684 3834 846 3906 tantam,
877 3833 946 3897 boc
968 3838 1029 3897 est
1055 3833 1098 3897 dc
1122 3836 1390 3919 praenomine,
1419 3836 1528 3918 epita

361 3932 735 4014 repraesentatam.

428 4194 454 4261 ¹)
472 4197 535 4263 ipse
553 4212 613 4249 cum
631 4200 736 4252 centum
755 4203 870 4267 amplius
882 4203 983 4257 Valerii
1000 4208 1106 4259 codices
1119 4209 1198 4259 modo
1212 4210 1361 4260 accuratius
1373 4211 1455 4262 modo
1465 4210 1534 4260 ‘'ceic

365 4269 582 4325 examinauerim,
601 4285 635 4321 ne
648 4272 673 4321 in
686 4287 738 4322 uno
749 4274 863 4337 quidem,
883 4278 926 4343 qui
944 4280 1082 4329 saeculum
1097 4280 1172 4331 xnu
1183 4282 1318 4332 uetustate
1330 4284 1484 4339 excederet,
1503 4296 1534 4331 nc

361 4341 391 4391 iu
410 4340 464 4390 ullo
483 4340 596 4391 clicerius
615 4344 779 4393 auctoritatis
799 4347 826 4395 et
842 4348 921 4411 pretii
939 4350 990 4399 bas
1008 4352 1236 4415 praefatiunculas
1259 4354 1363 4411 inueni,
1389 4368 1460 4419 quae
1485 4367 1534 4416 pas

363 4412 504 4462 occurrunt
520 4412 546 4461 in
566 4414 668 4463 saeculi
686 4414 768 4472 Xiiil,
788 4416 952 4482 frequentius
969 4421 997 4470 tn
1022 4423 1124 4472 saeculi
1141 4424 1192 4473 XV
1210 4424 1292 4474 libris.
1335 4425 1385 4482 ite,
1410 4427 1440 4473 ut
1465 4439 1534 4474 exeo

365 4483 487 4540 afferam,
507 4482 623 4547 priorem
640 4486 834 4549 praefationem
853 4489 908 4555 legi
926 4493 952 4540 in
972 4493 1046 4542 codd,
1065 4493 1126 4543 Vnt.
1145 4508 1170 4545 n.
1192 4490 1260 4546 1925
1279 4496 1306 4546 et
1324 4490 1394 4547 1928
1412 4497 1526 4546 membr.

281 4578 284 4585 v
364 4567 437 4606 saec.
455 4554 515 4613 XV,
534 4554 561 4604 in
579 4568 628 4605 ms.
648 4557 769 4607 biblioth.
787 4556 913 4611 Amndel.
940 4562 967 4611 iu
984 4576 1054 4613 mus.
1079 4564 1141 4615 Brit.
1165 4565 1250 4616 Lonci.
1273 4582 1301 4617 n.
1327 4564 1342 4617 7
1367 4566 1413 4625 iol.
1435 4567 1533 4619 secel

363 4625 391 4674 in
409 4626 466 4675 cod.
486 4626 568 4675 cbart
588 4626 673 4676 eiusd.
691 4629 810 4680 biblioth.
829 4644 857 4681 n.
873 4626 941 4689 256,
967 4634 1139 4699 quaternario
1161 4637 1261 4697 forma,
1286 4651 1359 4689 saec
1383 4638 1450 4695 XVr
1477 4640 1532 4688 alte

364 4694 419 4747 uiti
436 4696 464 4749 in
482 4698 539 4753 cod,
559 4696 619 4753 vet
637 4712 663 4753 n.
685 4694 751 4754 1917
770 4702 881 4757 membr.
900 4702 960 4765 iot,
985 4705 1030 4773 qui
1053 4708 1181 4761 exaratos
1205 4712 1249 4762 est
1266 4710 1390 4763 Veronae
1414 4724 1433 4759 a
1454 4704 1533 4762 1328>
