3409 5400
345 473 388 538 40

432 629 471 696 In
492 633 607 720 primis
632 643 739 698 autem
762 641 920 718 perpetua
941 630 999 694 illa
1014 631 1200 717 elegantiae
1217 653 1257 695 ac
1272 631 1386 697 nitoris
1403 632 1530 698 affectati

347 741 487 805 cernitur
516 741 551 802 in
579 739 689 804 uerbis
719 751 750 801 et
778 740 948 803 sententiis
978 739 1138 801 contrarie
1168 737 1292 802 relatis.
1348 738 1422 819 Qua
1446 742 1530 828 ligur.¹

346 868 446 934 quam
474 845 650 910 antithesin
677 868 797 910 uocare
829 846 989 920 solemne,
1025 845 1108 909 adeo
1140 844 1320 909 delectatus
1352 858 1401 909 est
1427 858 1459 910 ut
1486 872 1530 914 ear

344 957 431 1020 intra
453 975 632 1040 paucorum
654 953 829 1016 uerborum
853 954 994 1038 spatium
1017 962 1065 1015 ter
1094 962 1249 1038 quaterue
1271 962 1416 1038 repetere
1438 965 1466 1017 et
1487 977 1530 1020 ser

346 1064 475 1136 1111111,
501 1083 564 1147 quo
587 1060 716 1124 facilius
739 1057 826 1123 hanc
849 1060 990 1123 formam
1021 1059 1211 1133 induerent,
1243 1080 1444 1146 quocumque
1465 1065 1530 1126 moc'

346 1170 518 1232 deflectere
543 1178 574 1231 et
597 1167 789 1252 detorquere
813 1187 880 1229 non
902 1165 1074 1229 fastidiret.
1121 1165 1195 1246 Quo
1218 1167 1326 1229 euenit
1341 1178 1375 1230 ut
1391 1179 1484 1232 totum
1498 1169 1530 1231 ht

347 1299 429 1361 opus
455 1275 600 1339 collectio
626 1286 657 1337 et
679 1275 833 1337 continua
849 1273 917 1335 sere
934 1273 1038 1336 series
1063 1275 1214 1335 existeret
1229 1273 1342 1338 talium
1358 1277 1530 1362 argutiarur

347 1381 471 1468 qualeS,
495 1393 530 1445 ut
553 1381 701 1468 exempla
722 1401 855 1465 ponam,
879 1377 1153 1464 deprehendimus
1176 1377 1219 1453 V,
1244 1381 1275 1454 6,
1298 1381 1318 1444 6
1341 1390 1374 1443 11
1394 1383 1428 1444 7:
1449 1384 1530 1446 Iton

345 1491 435 1553 coeci
462 1491 593 1567 ardeam
622 1495 669 1552 eet
696 1493 800 1550 atram
827 1487 969 1548 Romana
999 1487 1114 1549 circitor
1142 1487 1260 1550 Decios
1294 1489 1403 1552 atiliaco
1430 1490 1530 1552 ictuc

346 1596 440 1660 doceo
463 1616 503 1658 aa
526 1597 674 1670 amiserit,
699 1595 843 1676 paeoniam
865 1595 932 1655 aito
953 1613 1060 1655 eoram
1080 1613 1119 1656 ne
1137 1595 1315 1657 oiaceretar
1336 1595 1459 1668 obstitit,
1482 1617 1529 1658 mo

336 1703 423 1785 fecit
443 1709 479 1765 at
500 1704 645 1766 uinceret.
692 1702 765 1762 Noa
793 1703 841 1762 eet
861 1700 1016 1762 eaticctue
1039 1720 1102 1780 pro
1130 1720 1166 1763 re
1183 1701 1313 1781 pridlica
1335 1703 1477 1782 superior
1499 1703 1530 1765 St

340 1810 398 1891 pio
421 1807 615 1889 Africanae,
648 1808 703 1870 sed
724 1805 901 1868 admirabili
922 1807 1039 1868 uirtute
1061 1827 1099 1870 ae
1120 1826 1173 1870 ree
1191 1807 1320 1888 publica
1342 1809 1530 1889 eetinpaeret

342 1914 502 1996 procidia·
530 1913 583 1976 uel
605 1911 649 1987 V,
674 1912 705 1986 5,
730 1912 764 1975 1:
793 1913 982 1993 lepatampae
1004 1932 1038 1975 ee
1068 1911 1119 1992 (P.
1148 1912 1275 1997 Scipio)
1302 1913 1340 1975 L.
1369 1913 1507 1995 Scipioni

346 2020 460 2084 Asiam
481 2021 598 2082 ituram
615 2020 780 2101 promisit,
804 2023 833 2080 et
855 2019 956 2080 maior
976 2024 1052 2081 nata
1066 2021 1181 2082 minori
1203 2025 1234 2082 et
1244 2019 1447 2100 fortieeimae
1468 2021 1530 2083 inde

347 2133 377 2190 et
394 2129 498 2208 pierio
520 2129 670 2190 eccellene
698 2126 800 2188 andis
822 2126 922 2206 inopi,
954 2130 984 2187 et
1006 2127 1088 2208 quod
1108 2145 1204 2207 reaper
1227 2127 1330 2187 omnia
1351 2131 1411 2198 111,
1439 2129 1530 2190 noodr

346 2234 492 2298 Asiatico
513 2236 578 2298 iam
599 2233 784 2316 Africanae.
829 2231 938 2313 Itaque
953 2235 1202 2296 clarieeimoram
1217 2233 1430 2314 cognominum
1444 2235 1530 2296 111111

347 2343 489 2423 sempsit,
513 2344 642 2405 alteram
671 2340 753 2402 dedit
783 2340 991 2420 triumphique
1015 2346 1213 2421 praetectum
1242 2339 1336 2402 haiae
1364 2340 1457 2420 cepit,
1486 2341 1530 2401 illi

347 2449 485 2523 tradidit,
509 2448 682 2511 ministerio
704 2446 806 2509 maior
835 2449 993 2528 aliquanto
1022 2467 1113 2528 prom
1134 2442 1245 2528 frater
1274 2447 1421 2526 imperim
1449 2444 1503 2508 uel

350 2555 381 2627 9,
407 2553 438 2626 4,
461 2552 518 2617 ubi
539 2556 643 2617 risum
666 2554 734 2616 fere
757 2563 868 2616 monet
891 2552 1083 2617 exclamatio
1106 2551 1173 2626 illa,
1202 2552 1404 2615 Solitudinem
1426 2573 1530 2634 caepa

348 2661 503 2722 meliorem
514 2661 752 2742 pacatioresque
770 2659 938 2742 penatibus
960 2661 1104 2723 11111111
1121 2660 1275 2723 alimentis
1290 2659 1432 2723 blarcdiaa
1446 2659 1530 2741 serra

252 2816 254 2821 .
349 2786 385 2829 oc
408 2768 519 2829 mortio
542 2768 658 2830 oblatae
681 2787 773 2848 qaorn
787 2768 877 2829 datae
891 2768 975 2829 ditae
987 2767 1123 2849 feliciae
1146 2767 1332 2847 1111111111
1377 2765 1448 2830 Sed
1471 2788 1530 2852 gen

348 2871 517 2936 indicasse
542 2882 710 2937 contentus
741 2872 807 2936 alia
830 2874 994 2958 exempla,
1025 2895 1099 2939 cum
1123 2896 1188 2938 uno
1212 2894 1341 2959 quoque
1364 2874 1472 2958 capite
1502 2895 1530 2936 sc

351 2987 467 3064 sponte
492 2978 632 3042 offerant
653 2978 764 3053 multa,
790 2978 954 3043 ascribere
972 3000 1212 3066 superuacuum
1229 2980 1316 3043 duxi.

438 3084 514 3149 Non
536 3086 654 3149 mirum
678 3096 727 3148 est
750 3088 943 3171 scriptorem
966 3086 1087 3151 nullam
1114 3088 1183 3150 sore
1212 3086 1407 3150 sententiam
1432 3087 1506 3149 sine

350 3193 437 3257 mine
462 3202 493 3254 et
516 3194 666 3258 acumine
698 3192 806 3277 aliquo
838 3192 1028 3257 efferentem
1056 3216 1123 3257 non
1151 3193 1247 3279 plane
1279 3192 1342 3256 sibi
1373 3194 1508 3256 cauisse

351 3300 441 3362 omui
464 3298 683 3385 neglegentia,
707 3318 781 3363 cum
803 3301 837 3363 in
861 3301 1000 3364 transitu
1013 3302 1156 3365 maxime
1181 3298 1308 3363 abhoc
1332 3300 1513 3384 improprio

350 3403 532 3471 naturalem
556 3416 587 3469 ct
611 3405 793 3491 simplicem
816 3426 1002 3470 sermonem
1026 3417 1057 3470 et
1087 3417 1201 3470 contra
1228 3405 1324 3469 facile
1347 3426 1527 3469 concurrcr

351 3533 435 3598 quae
466 3512 575 3577 minus
605 3514 688 3577 inter
720 3534 756 3576 se
789 3513 1009 3576 conuenirent.
1063 3511 1211 3593 Quorum
1244 3514 1430 3576 coniunctio
1463 3534 1507 3574 ne

351 3619 484 3704 quidem
505 3641 573 3683 non
594 3620 732 3684 moleste
756 3620 907 3693 sentitur,
937 3620 966 3682 si
993 3619 1139 3704 pluribus
1172 3619 1246 3683 aliis
1275 3619 1480 3704 interpositis
1507 3642 1530 3681 s·

352 3725 459 3786 tentiis
481 3723 614 3811 longius
638 3726 735 3812 paulo
759 3728 842 3789 inter
866 3748 903 3789 se
927 3725 1058 3790 distant.
1103 3724 1187 3790 Dico
1211 3725 1309 3790 talem
1331 3724 1528 3811 neglegenti

353 3827 459 3914 qualis
483 3840 533 3893 est
555 3832 590 3893 in
612 3830 665 3895 his
690 3830 742 3912 (II,
767 3834 797 3907 9,
822 3834 867 3913 8),
890 3834 937 3896 Μ.
954 3834 1075 3897 Atilios
1086 3834 1224 3915 Repalae
1240 3839 1270 3896 et
1288 3832 1326 3895 Ie
1339 3833 1460 3895 Furiae
1472 3832 1530 3893 Pla

351 3954 460 3997 ——eoa
483 3970 527 3983 -
545 3938 641 4018 prad
662 3943 736 4000 noto
758 3938 945 4020 adfecerant,
971 3941 1089 4021 111-
1110 3941 1202 4003 mirei
1224 3940 1266 4001 ad
1286 3945 1428 4019 renatam
1451 3937 1491 3999 de
1509 3957 1530 4017 p

351 4042 508 4105 mutandis
531 4043 666 4123 captiuis
689 4077 734 4089 —-
761 4046 795 4106 ia
824 4046 900 4107 arbe
929 4052 1175 4109 1111111111-
1205 4048 1280 4128 quic
1306 4080 1354 4092 -
1382 4044 1432 4107 M.
1463 4045 1530 4105 Atii

352 4148 490 4231 Repetas
518 4168 628 4213 censor
652 4151 820 4233 perfidiam
847 4152 987 4227 notabat,
1019 4154 1110 4217 caiae
1134 4159 1229 4236 pater
1258 4163 1289 4214 et
1312 4171 1343 4237 q.
1368 4172 1465 4236 sqq.,
1500 4172 1530 4235 qr

352 4256 492 4320 mirifica
515 4275 596 4321 sane
619 4267 716 4331 notae
741 4278 845 4323 causa
869 4269 928 4322 est.
981 4257 1019 4323 ln
1043 4258 1141 4324 simili
1165 4256 1313 4343 exemplo
1336 4255 1425 4320 hane
1452 4278 1530 4341 quor

352 4363 593 4427 interiectarum
617 4366 850 4429 sententiarum
875 4367 1119 4430 excusationem
1141 4366 1263 4429 flustra
1291 4367 1497 4451 quaesieris,

353 4470 385 4543 4,
409 4480 470 4533 ext.
497 4470 526 4543 1,
550 4469 605 4533 ubi
628 4474 811 4556 composuit
833 4493 904 4536 cem
924 4508 969 4520 -
991 4473 1068 4536 arbe
1081 4473 1246 4554 0111911111
1264 4474 1475 4553 pertinaciter
1498 4492 1530 4535 ar

353 4578 510 4655 retineret,
535 4583 680 4659 temptata
702 4580 908 4663 redemptione
924 4580 1150 4663 propemodum
1179 4600 1240 4643 ano
1267 4599 1321 4643 ore
1351 4580 1467 4662 tepetis
1491 4580 1530 4641 Bt
