3409 5400
229 608 233 615 ,
331 528 397 594 no
634 549 638 558 ·
683 527 744 594 nn
768 524 1031 594 ovrmrrarn
1053 526 1199 595 vrran

329 685 445 753 malint
465 687 599 773 turpiter
621 688 756 753 sertrire.
803 688 911 769 Quem
932 708 1038 753 nonne
1060 688 1179 775 aliquis
1193 691 1312 755 merim
1337 690 1476 755 dixerit
1492 689 1572 753 Pon·

330 796 394 858 tico
417 792 577 879 supplicio
601 814 699 879 quam
722 793 875 859 Romano
903 796 1041 880 imperio
1064 796 1265 883 digniorem,
1294 799 1476 881 quoniam
1500 819 1571 860 eon·

330 901 419 965 misit
441 910 476 963 ut
497 901 659 984 priuatum
683 900 878 986 obprobium
901 900 1051 987 publicus
1073 904 1174 967 rubor
1197 902 1384 967 existeret?

288 1005 319 1071 2.
419 1004 552 1069 Gnaeus
577 1026 707 1091 quoque
730 1005 837 1069 Carbo
860 1027 1005 1092 magnae
1028 1008 1245 1073 uerecundiae
1269 1021 1323 1071 est
1345 1008 1496 1073 Latinis
1519 1032 1568 1071 an·

331 1112 470 1185 nulibus,
494 1112 584 1175 tertio
607 1112 642 1173 in
665 1111 835 1175 consulatu
859 1134 920 1176 euo
942 1115 1037 1177 iussu
1060 1114 1196 1200 Pompei
1218 1116 1253 1177 in
1269 1114 1393 1178 Sicilia
1420 1115 1473 1178 ad
1499 1136 1581 1199 supr

330 1216 463 1301 plicium
487 1216 621 1291 ductuS,
649 1227 764 1301 petens
796 1240 816 1281 a
843 1218 998 1282 militibus
1027 1220 1171 1283 demisse
1201 1230 1233 1281 et
1256 1220 1419 1282 flebiliter
1451 1222 1569 1284 nisibi

332 1321 441 1385 aluum
465 1322 574 1385 leuare
597 1324 789 1408 priusquam
812 1325 973 1407 expiraret
994 1324 1120 1399 liceret,
1152 1345 1217 1409 quc
1240 1325 1466 1389 miserrimae
1492 1326 1567 1389 luci>

331 1450 393 1491 usu
417 1427 535 1491 diutius
559 1430 733 1503 frueretur,
762 1451 868 1514 eoque
889 1450 1019 1493 meram
1041 1428 1189 1503 trahem,
1219 1430 1327 1493 donec
1358 1444 1475 1516 capnt
1505 1434 1566 1493 eim

332 1533 464 1597 sordido
488 1534 521 1597 in
543 1534 616 1597 loco
640 1535 784 1597 sedentis
807 1534 1038 1615 abscideretur.
1085 1535 1162 1621 lpsa
1182 1536 1285 1599 uerba
1307 1537 1376 1600 tale
1402 1538 1567 1624 flagitium
1592 1571 1594 1637 p

332 1641 493 1703 narrantis
517 1661 630 1703 secum
654 1640 824 1715 luctantur,
847 1662 908 1703 nec
925 1640 1052 1704 silentio
1069 1643 1186 1715 amica,
1210 1642 1289 1726 quia
1303 1643 1484 1707 occultari
1508 1643 1594 1707 non:¹

329 1756 503 1819 merentur,
526 1766 633 1830 neque
656 1745 805 1810 relationi
826 1746 1013 1821 familiaria,
1037 1748 1115 1832 quia
1136 1747 1224 1811 dictu
1243 1748 1463 1813 fastidienda
1486 1766 1566 1813 sunt

289 1855 319 1917 3.
388 1870 394 1887 ·
420 1848 519 1929 Quid,
540 1853 585 1915 D.
600 1850 721 1915 Brutus
737 1854 891 1939 exiguom
914 1862 946 1915 et
967 1852 1080 1920 infelix
1092 1863 1293 1918 momentum
1317 1855 1418 1919 uitae
1445 1875 1566 1941 quanto

335 2042 357 2097 1.
376 2049 460 2105 Quem
479 2045 577 2110 nonne]
598 2061 675 2108 quem
700 2062 752 2097 non
775 2045 904 2101 Acon.
934 2064 1012 2113 quern
1035 2045 1141 2104 (mitro
1161 2054 1259 2103 nonne)
1277 2046 1308 2098 Γ.
1334 2053 1473 2109 Quemne
1495 2048 1564 2100 Torr.

342 2110 356 2179 ΙΙ
368 2116 426 2178 quis
445 2112 479 2167 E.
494 2112 507 2183 Η
520 2112 545 2167 3.
565 2118 644 2165 ιο1ιιιι
657 2130 702 2183 pr.
720 2114 752 2168 A.
764 2117 777 2184 ΙΙ
790 2114 814 2169 4.
835 2122 863 2170 C.
882 2120 968 2167 Carbo
987 2116 1048 2170 Par.
1064 2114 1115 2185 115.
1131 2119 1223 2167 *sicilia
1241 2114 1409 2169 ACDEP.
1427 2120 1442 2187 ΙΙ
1457 2118 1488 2171 6.
1506 2124 1564 2185 peti:

331 2181 451 2237 AcDr.
471 2188 545 2251 petiit
555 2185 591 2238 E.
602 2186 616 2255 ΙΙ
628 2188 738 2237 dimisse
752 2185 780 2239 C.
792 2184 806 2253 ΙΙ
817 2187 842 2239 i.
862 2188 951 2237 album
961 2202 1005 2254 pr.
1019 2187 1049 2239 A.
1067 2190 1148 2239 alium
1164 2186 1195 2239 E.
1207 2187 1220 2251 ΙΙ
1232 2190 1356 2238 alienare
1368 2187 1413 2240 D.
1425 2192 1444 2255 ii
1457 2192 1564 2256 {prins}

331 2270 409 2321 quarn
428 2255 460 2308 A.
472 2256 494 2379 l
508 2256 597 2323 [ineis]
617 2255 649 2307 A.
665 2255 678 2322 ΙΙ
694 2256 719 2309 8.
740 2272 773 2307 eo
797 2273 882 2323 usque
908 2255 983 2309 Torr.
1000 2259 1014 2324 ΙΙ
1031 2262 1111 2311 traxit
1128 2256 1160 2311 Γ.
1177 2255 1233 2325 119.
1251 2260 1474 2313 abscinderetur
1494 2261 1564 2311 Torr-

334 2322 394 2376 Vr'd.
413 2324 450 2376 cd
494 2324 545 2380 ΙΙΙ,
566 2324 593 2381 3.
613 2321 637 2377 3.
651 2327 663 2393 ΙΙ
675 2329 728 2377 tale
741 2348 756 2377 e
775 2325 808 2379 A.
826 2329 838 2394 ΙΙ
859 2325 899 2378 11.
919 2344 968 2377 nec
987 2327 1099 2381 DTorr.
1115 2328 1130 2394 ΙΙ
1147 2330 1259 2378 orationi
1278 2325 1315 2380 D.
1336 2326 1350 2397 ΙΙ
1371 2333 1455 2381 dicta
1476 2330 1562 2394 (seda

329 2393 358 2445 tn
374 2399 483 2519 paura)
500 2396 538 2451 D.
549 2396 563 2465 Η
577 2395 617 2451 12.
637 2400 704 2459 Quid
720 2402 812 2449 brutus
831 2396 1061 2453 connium.
1072 2400 1087 2467 li
1098 2402 1224 2467 exiguum
1237 2413 1307 2452 corr.
1321 2399 1357 2453 A.
1378 2416 1448 2453 οιιι
1459 2402 1562 2469 reliqui

330 2472 355 2519 Gt
396 2483 451 2523 ΟΠ·

330 2616 449 2678 pendens
468 2616 493 2665 in
513 2617 661 2679 archetypo
680 2614 770 2663 codice
789 2614 895 2667 omnino
914 2616 1035 2665 defuisse
1057 2613 1246 2663 demonstrant.
1289 2613 1312 2661 Δ
1340 2614 1463 2665 veterio
1489 2616 1560 2682 igiter

329 2686 476 2750 protectum
496 2687 649 2750 putabimus
668 2686 736 2750 quod
750 2700 767 2732 a
780 2688 929 2736 correctore
949 2685 1007 2736 iibri
1019 2684 1148 2736 Denieiini
1165 2700 1180 2734 e
1193 2683 1296 2735 Paridis
1309 2686 1442 2748 epitome
1456 2688 1556 2751 petitor

330 2757 472 2808 transierat
495 2758 521 2806 in
546 2757 708 2808 recentiores
727 2755 828 2816 aliquot
851 2758 966 2816 cedices,
992 2759 1020 2805 ut
1042 2759 1068 2805 in
1086 2757 1263 2818 Campensem
1283 2757 1309 2804 et
1328 2755 1557 2808 Winebelirnco.

330 2828 400 2877 unde
419 2829 508 2876 hausit
533 2827 653 2893 Pighius.
694 2825 815 2876 Dubitari
838 2827 940 2876 tantum
964 2830 1053 2890 potest
1077 2827 1289 2887 dc.pronomine
1311 2823 1383 2881 ribi.
1413 2829 1490 2889 qnod
1513 2843 1556 2877 nee

329 2897 454 2963 agnoscit
472 2897 556 2946 Paris.
594 2897 627 2944 at
645 2896 815 2946 menifestum
834 2898 878 2948 est
894 2901 1030 2947 auctorem
1049 2897 1165 2964 singuiis
1185 2897 1338 2945 notionibus
1364 2898 1445 2948 inter
1468 2913 1503 2948 se
1519 2914 1557 2958 cp

329 2967 426 3028 postue
445 2965 533 3015 lumen
553 2966 659 3028 aliquod
679 2968 828 3016 sententiae
846 2969 1017 3031 quaesiuieee
1041 2969 1121 3028 atque
1143 2968 1181 3016 ito
1204 2967 1241 3014 iiii
1258 2962 1428 3018 Mithridati
1451 2967 1557 3036 turp&

329 3034 432 3086 mutire
450 3037 608 3086 eontrarium
629 3037 728 3086 fecisse
745 3034 797 3086 tibi
813 3035 928 3101 piort'ore
944 3035 1067 3102 eetiepttt'.

400 3102 483 3162 Quem
501 3119 583 3156 corne
601 3104 698 3172 aliquis
714 3105 807 3156 merito
827 3103 934 3164 dicerit)
953 3110 991 3157 ita
1009 3109 1070 3163 dedi
1087 3122 1105 3157 e
1124 3108 1275 3156 coniectura
1288 3108 1432 3158 Periroaii
1451 3127 1505 3173 pro
1520 3126 1554 3159 eo

330 3176 400 3237 quod
420 3177 480 3226 inde
499 3193 516 3226 e
535 3177 628 3244 Pigbio
652 3177 733 3245 uulgo
752 3177 894 3244 legebatur
918 3178 1031 3235 Quemne
1054 3175 1151 3244 αὶίφιίι
1172 3176 1274 3235 nerito,
1299 3181 1326 3227 et
1344 3181 1418 3230 ente
1439 3181 1554 3248 rigum

331 3245 413 3304 Quem
427 3244 489 3313 petr
505 3261 556 3298 nort
573 3246 701 3298 immerite
720 3249 778 3297 sine
796 3249 1016 3316 interrogatione.
1041 3249 1103 3298 iicet
1126 3248 1279 3298 Perizonius
1302 3249 1365 3310 ipsc
1392 3253 1555 3313 praetulisse

331 3319 452 3368 uidentur
470 3316 551 3376 Querr
568 3333 618 3368 troc
637 3316 733 3384 aliquit
749 3317 850 3369 merito.

400 3386 427 3441 2,
445 3390 483 3443 Ct'.
501 3391 560 3442 Lin.
579 3391 641 3453 epit.
660 3390 718 3439 libr.
737 3389 886 3440 LXXXiX.
910 3391 977 3440 Ptnt.
997 3391 1088 3452 Pomp.
1109 3387 1150 3439 10.
1169 3389 1236 3452 App.
1256 3390 1305 3439 cin.
1324 3389 1346 3444 1.
1364 3387 1417 3442 titi.

396 3465 489 3528 peiere
511 3475 528 3510 o
551 3457 687 3514 militibus)
714 3461 864 3510 Librorum⁴
878 3462 1011 3522 scriptore
1029 3460 1114 3527 petit,
1147 3461 1279 3523 quedert
1292 3459 1389 3524 petiit,
1423 3479 1490 3514 enm
1511 3479 1553 3514 eor

330 3531 483 3581 conueniret
502 3532 614 3595 copulae
627 3531 748 3595 sequenti
768 3533 793 3580 in
805 3545 894 3596 eoque,
914 3532 999 3580 Aldus
1017 3531 1401 3594 probeniei'oretioediderat
1422 3549 1455 3584 eo
1476 3550 1555 3600 ecque

329 3604 404 3662 Quod
423 3603 448 3650 ti
466 3602 544 3651 tacite
562 3602 620 3651 lieri
638 3602 752 3664 potuerit
771 3605 798 3648 ut
816 3601 920 3650 litterae
932 3603 1011 3651 mibi
1030 3602 1191 3658 exciderent,
1209 3616 1304 3663 parum
1317 3604 1415 3653 temen
1429 3609 1555 3655 mutin»

328 3673 432 3722 uidetur
449 3673 535 3721 oratio
553 3673 590 3720 ite
608 3673 744 3728 recincta,
768 3671 830 3735 quia
849 3671 921 3720 maie
944 3674 996 3720 iem
1020 3673 1148 3721 cohaeret
1171 3673 1337 3734 perticipium
1363 3673 1485 3726 trabas
1505 3691 1554 3725 eu

329 3743 401 3792 flnitc
426 3745 508 3792 uerbo
535 3739 624 3807 petiit,
659 3757 772 3804 quocum
802 3755 870 3791 sane
900 3743 1013 3791 formem
1041 3757 1119 3792 suern
1151 3747 1253 3791 mutere
1282 3743 1397 3792 deberet
1433 3747 1463 3794 in
1495 3749 1554 3796 bunt

328 3813 435 3861 modum
457 3815 549 3878 petrae
571 3839 605 3848 -
627 3811 715 3863 uerit.
761 3812 869 3862 Rectius
891 3813 971 3878 igitur
995 3813 1106 3880 Pighius
1128 3828 1145 3862 e
1168 3815 1259 3862 codiee
1282 3815 1446 3866 (tenebiaco
1472 3820 1554 3881 poscit

324 3879 405 3945 petiit
422 3909 455 3920 -
475 3896 553 3948 eoque
570 3897 670 3932 morari
688 3881 777 3933 traxit.
819 3881 872 3932 Sed
897 3883 979 3932 minito
997 3885 1168 3933 ueneimiiins
1186 3885 1330 3932 Torrcnius
1354 3889 1480 3947 probum
1503 3903 1554 3938 sec

329 3951 469 4000 tentiernm
488 3967 594 4010 nexum,
617 3968 694 4017 quern
712 3967 763 4002 nos
776 3967 859 4015 supra
877 3953 1055 4010 exhibuimus.
1074 3955 1187 4004 restitnit
1204 3956 1306 4003 mnteto
1319 3953 1393 4020 petit
1411 3958 1443 4007 in
1457 3965 1553 4024 petere
1592 3994 1593 3997 ,

330 4023 368 4068 ‘ut
384 4022 421 4068 cii
443 4025 603 4072 constructio
624 4020 710 4074 Cordo
734 4019 826 4074 ducier
849 4020 886 4072 od
902 4021 1057 4088 suppliciunt
1076 4021 1250 4075 uerecundiae
1273 4029 1313 4075 ert
1334 4025 1489 4080 witru
1509 4029 1553 4082 lt
1592 4036 1593 4079 t

329 4087 402 4145 eno.
418 4095 511 4156 petere
527 4097 557 4142 ct
572 4090 626 4142 eibi
644 4091 731 4144 oleum
748 4093 837 4145 iecore
849 4092 940 4144 liceret
957 4098 982 4143 et
999 4108 1030 4144 eo
1048 4096 1175 4157 (leuando
1194 4096 1297 4158 ιΙιιιιιιι)
1315 4109 1423 4147 norant
1442 4100 1554 4152 beta.

329 4157 416 4212 derrec'
436 4164 485 4213 etc.
521 4163 657 4211 Librarius
671 4165 778 4228 antiqno
796 4166 848 4213 iarn
862 4167 983 4226 tempore
995 4180 1119 4215 cumnon
1136 4166 1370 4222 animaduerteret,
1388 4185 1471 4233 quae
1489 4174 1554 4222 initi·

327 4233 473 4298 ponuntur,
500 4230 546 4283 ib.
572 4229 658 4282 carto
677 4261 711 4270 —
730 4232 868 4284 omatibus
891 4239 951 4283 arte
975 4237 1121 4288 cohaerere
1140 4251 1199 4285 cnm
1217 4237 1413 4297 sequentibus.
1434 4243 1554 4293 offensos

327 4307 367 4354 tot
384 4303 529 4368 participiis
547 4299 660 4361 (docter.
676 4307 777 4369 petere.
797 4303 925 4365 trabere.)
943 4308 1053 4354 uerbum
1072 4307 1186 4364 linitum,
1207 4308 1277 4370 qnod
1296 4307 1492 4370 desiderabat,
1510 4315 1554 4364 sibi

328 4374 402 4424 tinxit
420 4374 602 4436 interpolando
616 4371 704 4438 petiit.

399 4441 425 4495 3.
444 4445 483 4493 Gt.
501 4445 559 4498 Liu.
578 4446 640 4508 epit.
660 4445 717 4496 libr.
736 4443 817 4495 CXX.
843 4445 909 4496 Veii.
928 4448 965 4504 li,
990 4443 1032 4498 ot.
1058 4446 1153 4498 Sence.
1170 4461 1232 4510 epp.
1252 4449 1285 4496 ad
1309 4448 1397 4500 Lucii.
1419 4447 1469 4503 82
1494 4455 1555 4518 App

330 4517 381 4566 ctu.
398 4514 444 4572 111.
462 4511 505 4567 98.
529 4516 587 4567 Dio.
607 4517 684 4566 cese.
703 4515 797 4574 XLVI,
816 4511 860 4567 bo.
884 4519 962 4568 Oros.
984 4518 1026 4575 Vi,
1048 4512 1088 4568 18.
1115 4518 1172 4569 Vei.
1191 4517 1247 4574 itii,
1266 4516 1291 4575 i.
1311 4514 1336 4568 o.

399 4580 436 4635 D.
453 4582 562 4643 urceo
580 4585 707 4651 Suppleui
721 4587 901 4650 praenominis
913 4593 1004 4637 notam
1023 4602 1039 4636 e
1053 4587 1156 4636 Paridis
1169 4589 1291 4652 epitome,
1310 4603 1371 4638 curn
1384 4595 1555 4652 probabilius

328 4655 365 4702 eit
388 4667 449 4704 cem
472 4659 580 4719 propter
600 4659 804 4719 praecedentem
829 4658 943 4708 litteram
967 4659 994 4706 in
1022 4658 1114 4708 codiee
1137 4659 1285 4721 erebrtypo
1309 4660 1454 4714 excidisse
1477 4681 1554 4727 qm

328 4726 426 4788 sponte
445 4725 562 4776 auduom
581 4738 644 4776 esee
662 4730 698 4778 ab
717 4724 904 4780 abbreuietore
921 4728 975 4778 iiic.
1014 4729 1115 4778 iledem
1136 4729 1171 4779 de
1187 4742 1272 4782 οιιιιι
1291 4729 1373 4790 penio
1390 4735 1462 4795 put
1480 4738 1553 4788 m
