3409 5400
276 484 342 553 392
522 477 582 545 Du
604 470 899 544 HVMANITATE
920 470 978 538 ET
1002 466 1264 537 emissum.

275 647 351 731 ipse
374 664 450 708 cum
472 648 589 705 ornatu
611 645 632 715 †
655 616 833 724 equitatum
846 644 938 701 extra
959 634 1261 720 portamoceurrit.
1285 630 1507 697 secundarum

277 772 388 817 rerum
409 756 572 835 prouentu
593 766 662 812 uon
685 754 869 828 corruptus,
891 752 928 805 ut
950 742 1051 806 officii
1078 751 1289 827 prospectum
1317 740 1353 804 iu
1379 739 1422 802 iis
1449 736 1507 800 de-

277 866 423 946 poneret.
448 856 595 941 quitum
617 852 759 917 maxime
784 850 885 914 armis
910 870 985 912 cum
1008 868 1047 912 eo
1072 846 1287 913 dissidebant.

236 965 268 1033 4.
368 963 469 1027 Cuius
502 972 569 1027 tam
604 960 692 1023 mitis
728 956 853 1043 ingenii
886 955 1028 1020 debitum
1056 954 1197 1018 fructum
1226 952 1340 1017 rrltimo
1368 952 1428 1015 fati
1454 951 1507 1014 sui

279 1082 425 1155 tempore
447 1067 579 1151 recepit.
618 1064 704 1129 Nam
728 1084 802 1129 cum
826 1062 908 1126 diris
932 1061 1089 1145 auspiciis
1105 1048 1306 1147 Argiuorum
1327 1059 1528 1122 inuasissets

280 1177 404 1250 urbem,
428 1174 661 1258 abscisumque
685 1171 759 1234 eius
781 1180 879 1255 caput
900 1167 1101 1254 Alcyoneus,
1116 1166 1274 1253 Antigoni
1296 1167 1387 1252 regis
1411 1164 1506 1235 tilius,

281 1282 325 1347 ad
346 1286 483 1365 patrem,
506 1288 786 1367 propugnatorem
809 1282 829 1351 †
851 1275 1018 1348 laborans,
1041 1273 1258 1338 laetusuelut
1280 1270 1415 1357 aliquod
1436 1271 1506 1334 feli·

282 1387 453 1453 cissimum
479 1388 637 1451 uictoriae
661 1406 744 1469 opus
769 1382 955 1457 adtulisset,
986 1381 1173 1468 Antigonus
1201 1387 1351 1461 correpto
1377 1379 1508 1450 iuuene,

283 1492 372 1581 quod
399 1495 480 1557 tanti
513 1494 576 1557 uiri
609 1491 737 1555 subitae
770 1489 885 1553 ruinae
918 1490 1080 1552 inmemor
1113 1486 1331 1551 humanorum
1370 1506 1508 1549 casuum

283 1600 390 1671 effuso
414 1600 536 1687 gaudio
558 1596 738 1671 insultaret,
761 1594 862 1659 humo
886 1604 985 1679 eaput
1006 1593 1170 1659 sublatum
1199 1610 1332 1669 caussa,
1360 1612 1426 1677 qua
1449 1610 1543 1654 ueta

286 1813 312 1867 t.
331 1814 427 1865 ornato
446 1824 516 1863 corr.
535 1807 574 1864 A.
602 1807 679 1860 Terr.
697 1806 710 1877 ΙΙ
727 1810 845 1871 equitatu
870 1821 940 1860 carr.
958 1805 997 1861 A,
1025 1804 1102 1857 Forr.
1126 1807 1243 1869 equitum
1263 1803 1321 1859 CF.
1345 1805 1455 1855 militnm
1473 1804 1511 1858 Β.

286 1885 450 1950 equitatuum
468 1878 534 1932 DF.
546 1878 560 1946 ΙΙ
572 1878 598 1932 2.
617 1885 744 1943 prouectu
757 1876 785 1931 C.
798 1878 811 1947 ΙΙ
823 1880 887 1944 uon]
907 1880 976 1929 adeo
995 1894 1048 1928 uon
1066 1875 1133 1927 Det
1150 1874 1260 1929 carmi.
1279 1892 1332 1927 nou
1351 1873 1511 1939 adessem

297 1949 311 2019 ΙΙ
322 1954 468 2017 protectum
488 1948 517 2003 F.
534 1948 545 2017 ΙΙ
559 1952 593 2000 its
613 1950 768 2014 deponeret]
787 1951 873 1999 isdem
892 1950 1005 2012 poneret
1022 1944 1053 1997 A.
1072 1948 1115 1997 his
1133 1947 1272 2012 (cethlis)
1290 1950 1436 2010 deponeret
1455 1944 1512 1998 ΟΒ

233 2044 239 2057 ’
287 2022 345 2077 FI'.
357 2020 370 2089 ΙΙ
382 2016 408 2074 3.
427 2024 488 2073 tunc
506 2020 538 2074 F.
553 2019 565 2089 ΙΙ
580 2036 639 2071 cum
658 2036 691 2071 eo
710 2022 792 2074 armis
811 2017 843 2072 F.
856 2015 906 2085 ΙΙ4.
926 2018 1049 2085 fructum]
1069 2021 1188 2082 strictum
1206 2015 1230 2068 A
1248 2022 1274 2069 et
1287 2032 1331 2085 pr.
1343 2015 1381 2069 F.
1398 2018 1511 2068 strictim

290 2090 345 2147 CF.
357 2092 370 2160 ΙΙ
383 2094 430 2143 t'ati
448 2106 497 2142 am.
515 2090 547 2145 A.
562 2098 574 2157 ΙΙ
589 2086 615 2142 5.
633 2090 682 2141 diri
701 2092 813 2155 auspicii
834 2086 892 2142 CF.
907 2087 919 2158 ΙΙ
933 2086 958 2140 ti.
978 2092 1059 2153 caput
1070 2091 1128 2139 eius
1144 2087 1220 2141 Torri
1232 2088 1247 2157 Η
1258 2086 1283 2140 i.
1296 2090 1510 2156 propugnatione

289 2162 367 2218 Torr.
379 2162 392 2232 ΙΙ
404 2164 541 2229 laborans]
561 2177 610 2215 om.
629 2160 655 2214 F
671 2166 697 2213 et
711 2176 755 2229 pr.
768 2158 805 2215 D.
824 2162 992 2211 laborantem
1006 2155 1083 2211 Forr.
1095 2160 1109 2227 Η
1120 2158 1219 2225 laetus]
1239 2160 1353 2219 laeterat
1370 2160 1458 2209 laetus
1476 2156 1511 2211 Δ.

297 2230 349 2303 118.
369 2238 488 2285 correcto
506 2228 600 2355 ΙΨ).
620 2232 742 2299 casuum]
763 2236 822 2283 acte
839 2234 979 2282 immemor
998 2228 1033 2282 D.
1052 2247 1118 2279 casn
1128 2244 1178 2353 pp.
1192 2228 1224 2283 A.
1236 2229 1251 2299 ΙΙ
1263 2228 1305 2283 10.
1314 2225 1510 2282 insultassetF.

297 2306 312 2375 ΙΙ
323 2319 430 2381 gaussa
447 2300 534 2358 ΑΘΒ
571 2302 596 2357 Γ
612 2309 638 2356 et
656 2318 727 2355 sorr.
745 2301 776 2357 F.
796 2302 886 2373 ges'ea
897 2316 944 2370 pr.
964 2298 996 2353 F.
1015 2302 1110 2351 causis
1168 2315 1206 2354 rr.

288 2502 359 2563 quod
377 2502 485 2551 codices
504 2502 539 2551 ad
557 2501 669 2551 alteram
689 2500 747 2549 otus
766 2499 884 2549 familiae
902 2501 1007 2562 partem
1025 2498 1188 2561 pertinentes
1205 2496 1321 2546 tradunt.
1357 2496 1396 2545 ct.
1412 2496 1445 2554 ll,
1467 2492 1511 2555 10,

287 2566 314 2622 2.
337 2572 370 2629 V,
392 2568 416 2631 l,
436 2569 478 2623 ll.
506 2571 596 2638 Magis
613 2572 642 2621 iu
660 2570 834 2633 sequentibus
853 2572 967 2626 haereo,
987 2569 1032 2617 ubi
1050 2568 1176 2618 uitiossm
1193 2568 1335 2632 archetypi
1353 2568 1511 2631 scripturam

287 2640 388 2691 notaui.
425 2640 582 2691 Emendatio
601 2643 680 2701 euim,
699 2656 769 2704 quae
788 2641 914 2691 facillime
932 2640 1021 2697 obuia.
1043 2652 1093 2688 nec
1110 2653 1160 2703 per
1178 2652 1209 2689 se
1228 2640 1393 2703 spernentis.
1412 2654 1437 2687 a
1453 2652 1511 2687 eor·

288 2711 393 2760 rectora
410 2710 438 2759 iu
456 2711 522 2761 libro
541 2713 670 2763 Bernensi
688 2714 819 2778 temptata
837 2715 864 2762 ct
881 2713 943 2761 inde
960 2712 988 2760 tn
1006 2711 1075 2761 alios
1093 2725 1200 2771 quoque
1213 2709 1297 2761 libros
1309 2711 1443 2759 translata
1459 2711 1511 2767 est.

290 2793 348 2830 eam
365 2783 458 2829 umato
477 2779 601 2846 equitem.
622 2797 682 2832 sam
695 2785 773 2833 ualde
786 2797 856 2832 nune
868 2783 1023 2845 suspectam
1032 2782 1121 2830 reddit
1131 2777 1290 2831 Vaticanum
1303 2781 1383 2830 huius
1395 2781 1510 2842 exempti

291 2849 484 2913 compendium.
525 2852 629 2901 Etenim
655 2867 715 2902 sum
739 2854 817 2903 Paris
842 2854 959 2904 seruatis
985 2852 1083 2901 Valerii
1107 2853 1197 2901 uerbis
1220 2852 1359 2914 scripserit
1379 2849 1437 2917 ipss
1453 2865 1512 2901 m

290 2923 385 2970 ornatu
402 2918 475 2982 repta
495 2924 568 2971 satra
578 2925 682 2987 partam
694 2921 817 2979 occani,
837 2925 929 2973 nescio
942 2938 976 2972 au
988 2923 1052 2972 illud
1064 2926 1159 2971 amatu
1170 2923 1335 2972 retinendum
1348 2923 1390 2978 sit.
1410 2921 1513 2983 reliqua

287 2991 392 3040 maiore
412 2991 474 3040 uitio
493 3005 575 3052 quam
594 2993 674 3058 uulgo
694 2993 781 3041 uisum
799 2994 848 3050 sit,
867 2994 985 3044 fortasse
997 2992 1099 3054 aliquot
1110 2994 1252 3042 uerborum
1265 2993 1386 3042 laborent
1398 2992 1511 3042 detedu.

291 3061 367 3119 Quod
386 3060 411 3109 si
428 3060 466 3109 ita
484 3063 534 3120 est,
553 3063 705 3128 genuinam.
716 3062 832 3112 auctoris
852 3065 1071 3127 compositionem
1083 3063 1110 3112 in
1122 3065 1193 3112 hunc
1210 3064 1267 3113 tere
1284 3064 1391 3112 modum
1408 3065 1512 3112 restitui

291 3132 381 3188 credo,
399 3127 458 3196 epse
475 3144 533 3182 cam
551 3136 645 3182 ornata
661 3131 756 3198 repta
775 3137 806 3183 et
823 3131 926 3184 electo
945 3132 1060 3200 equitata
1077 3137 1153 3184 astra
1166 3138 1273 3200 portam
1290 3131 1415 3184 emerit.

361 3197 534 3253 secandarum
551 3215 640 3252 reram
658 3207 749 3253 euentu
766 3218 818 3253 aaa
835 3209 975 3271 corruptas
991 3207 1031 3262 at)
1056 3204 1209 3254 Deterior-es
1233 3205 1340 3266 quidam
1364 3205 1424 3253 libri
1447 3200 1513 3254 adeo

291 3285 343 3323 uon
360 3277 509 3340 corruptus.
529 3274 600 3334 qnod
618 3274 768 3336 protectum
786 3275 829 3326 est
846 3291 865 3325 a
883 3275 1033 3324 correctore
1047 3276 1146 3324 codicis
1158 3277 1313 3326 tiernensis.
1337 3274 1442 3337 vltaque
1459 3290 1514 3325 non

290 3344 519 3407 transponendum
541 3345 600 3392 erat
628 3347 704 3406 quod·
727 3345 771 3395 ille
798 3346 1021 3414 intermisceret,
1045 3342 1124 3403 adea.
1153 3347 1202 3396 sed
1233 3347 1338 3395 omuino
1363 3346 1514 3396 delendum.

291 3414 415 3464 sutores
433 3412 536 3462 scilicet
552 3427 606 3467 non
623 3417 778 3467 meminisse
792 3417 914 3466 uidentur
926 3417 1058 3478 corrumpi
1071 3418 1121 3466 dict
1134 3418 1178 3478 qui
1187 3417 1329 3480 promissis
1341 3418 1385 3467 uel
1395 3419 1513 3482 acceptis

291 3485 370 3534 honis
388 3486 606 3534 commoueantur
625 3487 651 3534 et
669 3488 830 3537 seducantur
848 3488 877 3535 ut
893 3501 977 3550 praue
996 3487 1104 3537 iaciant.
1140 3488 1179 3538 Cf.
1198 3488 1246 3547 tx,
1265 3483 1292 3546 u.
1313 3485 1336 3538 l.

362 3549 388 3603 4.
409 3553 448 3604 Ct.
466 3551 534 3604 Plut.
552 3555 647 3619 Pyrrh.
665 3550 708 3608 ³4.
732 3558 824 3608 lustin.
841 3558 928 3617 XXV,
947 3554 974 3609 5.

363 3617 433 3672 diris
450 3621 589 3690 auspiciis)
611 3627 649 3676 ct.
667 3627 735 3680 Plut.
753 3629 771 3680 Ι,
791 3645 813 3680 e.
832 3623 877 3680 32.
907 3655 911 3660 .

363 3685 401 3740 ati
406 3696 511 3759 patrem
518 3701 740 3763 propapnatarem
750 3699 766 3762 ‘s
776 3695 913 3764 laborans)
932 3699 1025 3750 Tacito
1037 3699 1149 3766 Pighius
1162 3696 1286 3749 Assensit
1298 3701 1325 3750 et
1337 3701 1368 3750 tt.
1383 3700 1514 3765 Stephani

293 3761 419 3824 exempla
431 3765 540 3815 secutus
551 3767 762 3834 propuprratiuue
774 3765 935 3838 laborantem
949 3772 1085 3832 posuerat,
1105 3771 1174 3830 quod
1187 3785 1222 3819 ue
1240 3785 1291 3820 uuo
1303 3772 1411 3832 quidem
1424 3774 1515 3822 codiee

293 3833 474 3896 manuscripto
488 3837 665 3897 confirmatur,
679 3855 738 3888 cum
751 3840 917 3907 moguntina.
936 3840 1057 3896 Aldinae.
1071 3839 1141 3889 ntiae
1154 3841 1283 3890 editiones
1292 3847 1515 3909 propspaatam

293 3897 419 3952 laborans
428 3907 592 3966 exhiberent,
605 3911 829 3971 quomadmodum
842 3913 870 3960 ct
882 3911 944 3960 olim
953 3911 981 3959 in
990 3909 1138 3974 archetypo
1149 3911 1241 3960 codice
1251 3913 1393 3980 legebatur
1406 3915 1433 3963 st
1444 3929 1514 3964 nunc

294 3972 322 4022 in
331 3971 468 4035 plerisque
486 3977 562 4026 libris
581 3981 631 4030 ost.
668 3979 849 4030 Exercucrunt
861 3981 972 4049 ingenia
988 3982 1016 4029 tn
1034 3981 1204 4030 restituendis
1214 3982 1257 4031 his
1270 3984 1360 4032 uerbis
1374 3985 1423 4033 utri
1435 3984 1514 4039 docti.

294 4056 406 4105 quorum
424 4047 515 4095 tamen
534 4049 694 4100 senteutiam
713 4053 784 4100 omul
802 4067 912 4102 numero
925 4055 1017 4115 aptam
1027 4053 1156 4116 perpauci
1170 4054 1282 4112 tantum,
1301 4056 1514 4105 emendationem

294 4113 402 4162 tacitum
426 4129 506 4164 nemo
531 4120 655 4180 repperlt.
702 4121 772 4170 Nam
797 4137 856 4172 cum
880 4123 1003 4172 Vorstius
1035 4138 1061 4174 u.
1083 4117 1209 4172 laborans
1231 4138 1291 4172 cum
1315 4125 1417 4186 aliquot
1439 4126 1515 4175 libris

294 4183 389 4247 (tamti.
408 4184 455 4249 κ’.)
475 4185 614 4236 delendum
634 4193 794 4249 censuisset.
813 4193 936 4255 Kappius
952 4194 1019 4242 mirc
1037 4193 1063 4242 ld
1082 4194 1170 4256 ipsum
1189 4194 1222 4243 de
1237 4194 1388 4245 festinando
1401 4200 1429 4245 et
1445 4197 1515 4246 cele·

294 4253 358 4305 riter
381 4256 531 4306 socursndo
555 4255 705 4312 inusitatius
729 4263 810 4324 paulo
834 4263 932 4312 dictum
957 4276 1022 4313 esse
1044 4264 1186 4326 perhibuit
1234 4264 1380 4315 Torrenius
1403 4267 1517 4317 coniecit

295 4320 333 4375 ud
343 4328 451 4392 patrem
465 4331 686 4394 prupaaaatarem
704 4328 885 4390 adnotans:
901 4335 983 4386 multo
1002 4335 1108 4392 matius.
1127 4336 1152 4384 sl
1169 4336 1231 4397 quid
1245 4337 1332 4394 uideo,
1351 4336 1515 4394 Perizonius,

294 4395 346 4446 ssd
362 4409 398 4446 us
421 4397 481 4461 lpse
506 4397 624 4462 quidem.
652 4401 675 4448 si
699 4402 847 4452 litterarum
871 4404 966 4453 ductus
986 4405 1134 4468 respicias,
1158 4406 1341 4468 probabiliter·
1355 4403 1391 4456 ad
1411 4412 1515 4474 patres·

290 4472 514 4532 propapaatorsm
538 4464 721 4525 laborantium.
757 4473 932 4524 Desideratur
954 4477 1027 4525 certe
1045 4475 1195 4542 genitinus.
1219 4491 1272 4538 quo
1296 4477 1447 4528 accuratius
1470 4478 1516 4527 dc·

294 4535 402 4589 liniatur
418 4539 482 4588 illud
496 4544 733 4606 propapnatarem.
758 4546 827 4609 quod
852 4544 975 4595 absolute
997 4546 1116 4609 positum
1138 4559 1201 4597 esse
1223 4548 1268 4596 uix
1285 4550 1390 4612 'potest
1426 4553 1516 4609 Quare

295 4605 414 4658 adducor
438 4609 467 4657 ut
491 4611 599 4667 credatu
621 4613 756 4666 Valerium
779 4615 926 4681 scripsisse
949 4610 987 4664 ad
1003 4619 1109 4682 patrem
1125 4621 1349 4685 propemerem
1371 4613 1518 4671 morantis

295 4671 314 4722 t.
332 4686 357 4728 e.
373 4673 535 4746 Argiuorum
553 4681 636 4736 urbis.
1399 4729 1406 4736 .
