3409 5400
234 438 300 503 ue
538 394 704 497 'annm
727 429 861 497 orori
883 428 975 495 avr
996 426 1149 500 riona,

236 597 391 683 persequi
419 596 621 682 propositum
654 604 719 669 est,
753 604 868 659 nestra
898 593 962 658 fide
993 595 1127 681 propria
1155 594 1383 660 aestimatione
1414 612 1475 655 re·

237 705 369 769 teratur.

197 811 226 877 1.
324 810 485 875 Priuerno
521 822 617 894 capto
653 810 896 894 interfectisque
935 810 991 894 qui
1025 809 1060 872 id
1097 808 1253 894 oppidum
1284 807 1327 870 ad
1357 806 1474 869 rebel·

236 917 371 983 landum
402 920 635 990 incitauerant,
671 927 806 980 senatus
843 916 1067 1001 indignatione
1098 936 1259 990 accensus
1289 911 1473 977 eonsilium

238 1025 386 1113 agitabat
415 1024 571 1111 quidnam
598 1020 662 1087 sibi
693 1024 734 1086 do
765 1022 900 1108 reliquis
938 1047 1067 1110 quoquc
1099 1020 1346 1086 Priuernatibus
1375 1033 1508 1083 essct⁵

237 1132 436 1197 faciendum.
484 1130 625 1216 Ancipiti
648 1132 746 1216 igitur
768 1152 847 1193 casu
865 1130 956 1193 salus
973 1153 1084 1194 eorum
1103 1130 1324 1202 fluctuabatur,
1347 1126 1475 1191 eodem

240 1253 385 1322 tempore
409 1247 442 1300 et
463 1238 640 1302 uictoribus
665 1250 696 1300 ct
717 1239 810 1301 iratis
835 1237 992 1301 subiecta.
1040 1238 1191 1302 Ceterum
1214 1258 1288 1301 curn
1309 1233 1474 1298 auxilium

242 1347 374 1411 unicum
404 1347 438 1409 in
466 1345 620 1431 precibus
649 1358 775 1409 restare
806 1343 1119 1418 animaduerterent,
1148 1344 1281 1430 ingenui
1310 1352 1343 1403 et
1363 1338 1475 1403 Italici

243 1454 417 1538 sanguinis
448 1452 597 1517 obliuisci
629 1474 694 1515 non
729 1461 913 1535 potuerunt.
971 1450 1129 1537 Princeps
1165 1451 1253 1513 enim
1285 1468 1399 1511 eorum
1433 1448 1474 1509 in

243 1561 334 1624 curia
361 1562 579 1646 interrogatus
605 1580 703 1644 quam
736 1580 878 1645 poenam
903 1569 1114 1633 mererentur,
1142 1544 1312 1641 respondit
1344 1552 1517 1633 ‘Quarum

242 1678 406 1733 merentur
431 1668 486 1753 qui
510 1688 547 1729 se
571 1666 692 1752 dignos
715 1664 862 1729 libertate
890 1664 1055 1728 iudicent'.
1104 1663 1226 1728 Verbis
1254 1684 1349 1728 orma
1376 1686 1473 1728 sum·

241 1778 357 1859 psorat
369 1784 646 1857 exasperatosque
665 1784 791 1856 patrum
817 1772 1074 1856 conscriptorum
1099 1770 1473 1836 animosinflammaue·

244 1892 304 1945 rat.
339 1879 407 1942 Sed
422 1879 569 1942 Plautius
588 1878 713 1951 consul,
737 1878 855 1941 fauens
867 1878 1109 1942 Priuernatium
1120 1898 1253 1951 causae,
1276 1899 1473 1963 regressum

246 1987 397 2049 animoso
423 1986 493 2049 cius
518 1984 603 2048 dieto
628 1985 739 2049 obtulit
763 1986 990 2071 quaesiuitque
1014 1984 1144 2071 qualern
1168 2007 1242 2048 cum
1262 1985 1315 2048 eis¹
1325 1984 1474 2048 Romani

245 2114 361 2179 pacem
383 2092 525 2157 babituri
548 2104 660 2157 essent
686 2094 867 2178 inpunitate
898 2090 1028 2157 donata.
1078 2091 1119 2155 At
1146 2094 1175 2156 is
1200 2092 1513 2159 constantissimae

249 2325 272 2380 1.
292 2328 369 2390 sequi
388 2324 414 2377 Ε
420 2323 451 2379 F.
470 2328 596 2391 prosequi
610 2322 636 2378 Γ
635 2364 641 2377 .
653 2322 666 2389 Η
679 2323 703 2377 i.
722 2326 898 2375 incitauerunt
912 2323 940 2377 0.
953 2323 966 2391 ΙΙ
977 2321 1003 2377 5.
1016 2325 1154 2393 cogitabat
1165 2321 1196 2375 F.
1208 2321 1221 2389 ΙΙ
1233 2324 1382 2374 iaciendum
1395 2325 1475 2374 esset

249 2397 325 2451 Torr.
337 2400 350 2467 ΙΙ
363 2396 388 2449 ti.
408 2396 601 2465 obstrepenti.
622 2399 634 2464 Η
654 2394 811 2446 fluctuabat*
828 2394 859 2449 A.
884 2398 1029 2445 fluctuabat
1048 2392 1273 2446 cnarrrorn
1289 2393 1302 2461 ΙΙ
1321 2392 1345 2447 l.
1364 2396 1472 2445 unicum

247 2472 374 2520 auxilium
391 2467 422 2520 F.
435 2468 448 2533 ΙΙ
461 2468 485 2520 e.
505 2470 605 2537 ingenii
626 2468 690 2519 Cet
702 2482 747 2535 pr.
766 2466 797 2519 A.
824 2469 934 2534 ingeniti
957 2481 1027 2517 cerr.
1045 2465 1077 2517 A.
1093 2465 1107 2532 ΙΙ
1124 2465 1150 2517 il.
1168 2482 1260 2517 eorum
1279 2482 1328 2518 om.
1347 2464 1379 2516 A.
1394 2465 1406 2532 ΙΙ
1429 2463 1472 2518 te.

247 2548 333 2603 Qnain
352 2542 486 2591 merentur
504 2554 553 2591 arn.
572 2538 600 2591 F.
613 2540 626 2607 Η
642 2538 680 2590 11.
701 2542 821 2589 libertate
838 2565 851 2591 .
870 2536 901 2588 A.
913 2536 926 2603 ΙΙ
938 2538 1084 2587 iudicarent
1102 2536 1160 2589 EF
1177 2542 1202 2587 et
1214 2552 1259 2605 pr.
1278 2536 1310 2589 A.
1332 2539 1474 2587 iudicarint

247 2626 316 2663 corr.
336 2610 368 2664 Α.
387 2612 535 2660 indicantes
556 2609 584 2666 C.
603 2613 751 2660 iudicarunt
769 2608 833 2661 Di‘.
849 2606 861 2678 11
878 2611 974 2660 Verbis
993 2624 1041 2660 om.
1057 2602 1184 2661 ensi?
1195 2606 1207 2675 ΙΙ
1223 2612 1394 2673 sumpserant
1412 2606 1472 2659 AD

247 2680 338 2734 ΕΠ.
358 2684 530 2746 sumpserant
550 2679 577 2734 C.
590 2679 603 2747 Η
625 2679 663 2736 ie.
684 2684 861 2747 exasperatos
884 2696 989 2748 quoqne
1006 2678 1195 2747 Diluntum]
1216 2676 1278 2732 add.
1297 2682 1386 2731 uerbis
1406 2676 1472 2732 OD.

262 2749 274 2822 ΙΙ
288 2754 519 2803 inilnmmrmerant
535 2751 621 2804 ADF
627 2751 651 2804 Γ
668 2759 693 2804 et
711 2768 779 2806 corr.
799 2752 834 2805 Ε.
857 2755 1088 2803 inflammaucmnt
1105 2750 1128 2802 C
1143 2756 1170 2802 et
1181 2766 1228 2818 pr.
1246 2751 1281 2802 Ε.
1293 2751 1306 2817 ΙΙ
1322 2749 1360 2803 13.
1379 2753 1442 2815 plau
1457 2778 1471 2802 ο

249 2829 305 2946 dp}
320 2823 352 2876 Α.
370 2825 503 2946 maffia
525 2822 638 2876 cni'r.
651 2823 664 2891 Η
676 2828 856 2890 principatum
869 2822 935 2876 DF.
944 2823 960 2892 fl
972 2824 1141 2892 regressum]
1162 2821 1224 2876 aad.
1237 2827 1291 2874 tam
1306 2821 1335 2875 Γ.
1347 2821 1360 2890 ΙΙ
1375 2820 1415 2875 ib.
1434 2822 1469 2889 is}

250 2913 266 2948 a
306 2911 391 2948 ‚cuin
467 2933 473 2947 .

754 2999 967 3013 -“

321 3109 353 3166 Π,
376 3105 397 3160 i.
423 3110 461 3162 Ol.
480 3109 538 3161 Liu.
557 3110 626 3170 vill,
644 3107 687 3162 21.
708 3111 783 3162 Dion.
802 3111 863 3160 ilai.
882 3126 940 3160 exc.
959 3110 1018 3162 vat.
1037 3103 1081 3161 33.
1100 3110 1190 3174 (ΧΙΙΙ,
1208 3107 1269 3176 23.)
1289 3127 1317 3175 μ,
1333 3105 1387 3160 495
1405 3109 1468 3160 Mai.

249 3182 308 3232 Dio.
328 3183 406 3231 Cass.
425 3196 482 3234 exe.
502 3182 562 3232 Vol.
580 3178 623 3232 31.
642 3193 669 3244 p.
691 3177 740 3232 les
759 3183 823 3234 dini.

320 3250 392 3302 salas
411 3267 499 3302 comm
508 3249 700 3319 fluctuabatur)
719 3255 760 3302 Ita
779 3256 853 3304 solus
874 3257 958 3304 codex
971 3257 1041 3304 Petri
1055 3255 1185 3306 Danielis.
1221 3254 1369 3316 Deponenti
1389 3254 1468 3301 aerbo

250 3325 276 3374 in
296 3325 375 3372 simili
393 3339 503 3386 prorsus
523 3325 653 3374 locutione
674 3338 738 3374 usus
759 3327 800 3374 est
820 3326 944 3376 Valerius
965 3325 1036 3385 vni,
1063 3323 1091 3383 1,
1116 3327 1187 3375 amb.
1210 3322 1243 3382 2,
1268 3321 1371 3374 Eadem
1389 3320 1469 3372 darsi-

250 3393 347 3446 tatioae
356 3391 443 3445 Publii
453 3409 551 3461 qaoque
560 3392 754 3446 Dolabellae-
761 3394 864 3446 animas
863 3395 1010 3463 fluctuatus
1018 3400 1058 3447 est
1066 3398 1093 3446 et
1102 3397 1113 3446 l
1116 3397 1149 3453 X,
1160 3393 1185 3455 Β,
1198 3393 1210 3446 l
1222 3393 1314 3461 ltaque
1320 3394 1411 3460 etipse
1421 3409 1469 3443 mo·

250 3471 334 3515 inflato
353 3464 481 3516 maximae
499 3464 539 3516 rei
558 3481 634 3516 cauis
642 3465 790 3533 fluctuatae
808 3472 862 3525 es!,·
881 3469 949 3518 adeo
969 3470 997 3517 ut
1010 3469 1077 3517 fides
1096 3469 1122 3520 h.
1137 3469 1153 3516 l.
1167 3470 1238 3516 certe
1250 3482 1303 3515 non
1316 3466 1469 3532 abroganda

251 3539 286 3586 sit
305 3537 387 3585 codici
412 3538 528 3586 onmium
554 3539 634 3604 longe
658 3540 765 3601 optimo.
807 3539 860 3587 Sed
885 3541 973 3588 actiae
997 3540 1062 3588 dixit
1075 3535 1227 3605 fluctuabat
1248 3539 1299 3597 lii,
1318 3533 1350 3596 8,
1375 3539 1428 3587 est.
1445 3532 1469 3592 b,

243 3607 376 3675 fluctuare
396 3609 427 3666 V,
446 3603 472 3666 5,
492 3605 517 3666 3,
538 3613 565 3658 et
583 3609 796 3672 impersonaliter
805 3608 955 3675 fluctuatur
973 3611 1017 3666 111,
1039 3608 1062 3667 i,
1082 3612 1134 3660 ext.
1155 3607 1177 3661 l.

324 3675 417 3743 dipaos
434 3675 555 3729 libertate
573 3677 701 3740 iudicant)
728 3681 757 3729 ln
782 3681 872 3730 codice
896 3682 1044 3745 archetypo
1067 3682 1139 3730 baad
1164 3682 1243 3730 dubio
1270 3680 1397 3744 scriptum
1416 3683 1470 3729 crat

252 3745 408 3800 iudicarent.
446 3751 521 3808 Quod
541 3766 599 3799 eum
620 3752 742 3800 uitiosum
763 3765 826 3800 csse
839 3752 1081 3802 animaduerterent
1097 3753 1204 3809 librarii.
1224 3753 1306 3800 uariis
1316 3751 1469 3801 coniecturis

253 3835 284 3870 se
302 3820 489 3882 permiserunt,
508 3835 557 3869 nec
577 3821 647 3871 mule
666 3824 773 3872 codices
793 3825 826 3872 ad
854 3824 995 3879 furnilium,
1022 3839 1099 3888 quarn
1118 3830 1144 3873 τ’
1164 3825 1286 3890 signori.
1311 3824 1469 3884 pertinentes

254 3887 407 3939 indicarunt
425 3891 624 3950 substituerunt,
646 3895 683 3942 ita
702 3899 730 3943 nt
748 3895 956 3962 intellegendum
975 3895 1011 3942 sit
1028 3900 1133 3958 ternpus
1149 3895 1222 3952 illud,
1241 3909 1294 3956 quo
1313 3894 1470 3943 rebellarunt

252 3961 432 4010 Priuernates.
474 3961 530 4010 lam
556 3978 619 4012 uero
645 3964 703 4013 latii
728 3965 831 4014 Paridis
856 3966 1040 4029 courpcndium
1065 3967 1231 4015 demonstrat
1254 3967 1327 4015 recte
1351 3965 1469 4032 Pigbinui

254 4032 372 4082 edidisse
390 4027 518 4086 iudicant,
539 4034 673 4100 habetque
692 4049 824 4097 praesens
849 4038 954 4100 tempus
973 4036 1066 4085 Liuius
1092 4052 1204 4101 quoquc,
1231 4051 1317 4098 equo
1342 4036 1410 4085 baec
1429 4037 1468 4084 dc·

254 4103 368 4166 sumpsit
387 4103 521 4154 Valerius
557 4105 706 4168 Irnpcrsceii
727 4111 815 4156 autern
835 4106 1017 4156 coniunctiuus
1037 4123 1055 4156 a
1074 4107 1180 4158 librario
1206 4121 1270 4156 esse
1289 4109 1405 4164 uidetur,
1430 4108 1469 4167 qui

254 4175 364 4235 obliqua
382 4189 462 4236 quem
481 4176 570 4225 dicunt
589 4177 706 4226 oratione
719 4179 788 4227 liaeo
807 4176 896 4228 efferri
909 4179 1052 4242 putauerit.
1089 4179 1173 4228 Panto
1185 4181 1248 4242 post
1260 4192 1355 4227 omnes
1367 4179 1469 4227 codices

252 4246 325 4294 malo
344 4246 476 4308 pluratiuo
495 4262 605 4297 nurnero
625 4249 737 4311 produnt
755 4254 920 4316 scripserant
937 4252 963 4300 et
981 4248 1213 4316 infiammaaeraat.
1249 4249 1290 4299 De
1309 4250 1386 4298 tinius
1404 4249 1468 4312 prin·

253 4317 320 4380 cipis
346 4317 414 4367 dicto
438 4318 572 4367 Valeriam
599 4320 735 4385 cogitasse
764 4322 791 4369 et
819 4322 1007 4384 praecedentia
1034 4321 1151 4370 indicent
1180 4323 1207 4371 et
1236 4335 1306 4385 qnae
1331 4324 1470 4385 sequuntur

253 4385 369 4436 animoso
388 4387 444 4438 cias
462 4385 541 4438 dieto.
578 4391 701 4438 Ceterum
721 4393 772 4440 dno
792 4407 849 4442 cnm
869 4393 1069 4442 Priuernatibus
1088 4392 1160 4442 betia
1183 4395 1264 4458 gesta
1282 4395 1346 4440 sunt
1363 4406 1388 4442 a.
1408 4407 1431 4441 u.
1449 4407 1469 4442 c.

252 4453 303 4508 397
331 4459 358 4507 C.
381 4459 497 4518 biarcio,
523 4461 569 4510 Cn.
594 4461 695 4510 Manlio
720 4463 875 4512 consulibus
899 4466 926 4512 et
949 4480 974 4512 a.
997 4459 1050 4514 tet
1073 4463 1104 4514 L.
1129 4464 1234 4525 Papirio
1258 4463 1358 4512 Crasso
1383 4461 1418 4518 lt.
1441 4461 1469 4512 L.

252 4528 356 4576 Plautio
378 4530 503 4580 Vennone
523 4532 685 4583 consulibus.
729 4533 768 4586 Cf.
787 4533 846 4583 Liu.
867 4535 922 4592 Vll,
943 4531 975 4584 itt
994 4538 1022 4585 et
1041 4535 1109 4593 vili,
1130 4531 1171 4584 itt.
1207 4537 1325 4593 Quorum
1344 4534 1370 4582 in
1389 4533 1470 4596 priore

252 4598 428 4716 pquef'actum
457 4615 521 4652 esse
550 4602 630 4654 refert
657 4603 817 4670 Dionysius,
851 4605 878 4657 in
908 4605 994 4656 attero
1023 4605 1117 4656 Liuius
1141 4607 1169 4657 et
1198 4604 1312 4657 Cassius
1337 4604 1388 4658 Dio
1415 4617 1469 4655 cua

322 4680 368 4723 no.
