3409 5400
269 435 338 507 586
711 427 772 494 DE
793 418 1059 494 FELICITATE.

272 596 472 684 praeposita
525 590 608 657 (lum
635 589 722 656 enim
746 587 860 676 Gyges
889 606 994 673 regno
1016 580 1155 671 Lydiae,
1183 584 1285 649 armis
1317 590 1357 647 et
1382 581 1559 646 diuitiis

214 715 220 725 “
269 700 575 775 abundantissimo,
602 696 736 763 inflatus
765 696 876 759 animo
900 692 1087 779 Apollinem
1113 690 1268 778 Pythium
1292 690 1556 755 sciscitatum

273 810 422 875 uenisset
443 828 489 872 an
511 804 630 891 aliquis
652 800 839 869 mortalium
862 822 900 865 se
924 810 1014 863 esset
1036 798 1177 873 felicior,
1205 797 1287 861 deus
1319 818 1368 859 ex
1396 794 1549 859 abdito

276 914 415 981 sacrarii
437 932 540 998 specu
561 930 644 975 uoce
666 910 774 973 missa
796 906 942 994 Aglaum
965 905 1179 993 Psophidium
1200 905 1231 968 ei
1251 902 1446 989 praetulit.
1506 900 1545 965 Is

275 1031 347 1088 erat
378 1015 548 1084 Arcadum
580 1014 824 1101 pauperrimus,
863 1012 923 1077 sed
959 1022 1065 1077 aetate
1094 1013 1162 1075 iam
1195 1010 1306 1075 senior
1336 1009 1568 1073 terminoss

276 1127 378 1215 agelli
401 1125 455 1190 eui
479 1141 660 1208 numquam
688 1130 892 1196 excesserat,
921 1118 1049 1205 paruuli
1078 1118 1162 1181 ruris
1192 1116 1352 1181 fructibus
1387 1121 1431 1178 ct
1471 1138 1542 1178 uo·

275 1229 453 1318 luptatibus
477 1237 658 1295 contentus.
704 1225 831 1292 Verum
852 1226 999 1313 profecto
1014 1224 1131 1290 beatae
1152 1226 1239 1289 uitae
1259 1225 1364 1287 finem
1384 1220 1537 1306 Apollo
1605 1235 1606 1240 ’

276 1359 345 1405 non
378 1333 606 1401 adrnnbratum
635 1331 756 1398 oraculi
784 1333 966 1419 sagacitate
997 1331 1175 1418 conplexus
1210 1340 1270 1394 est.
1331 1328 1537 1411 Quocirca
1603 1328 1606 1394 i

277 1441 457 1510 insolenter
483 1440 613 1527 fulgore
639 1441 789 1505 fortunae
823 1457 906 1502 suae
935 1437 1086 1525 glorianti
1122 1436 1290 1524 respondit
1318 1436 1452 1522 magis
1490 1454 1532 1498 se
1603 1424 1606 1451 ³

279 1549 423 1639 probare
446 1547 620 1613 securitate
645 1544 757 1610 ridens
781 1544 946 1631 tugurium
975 1565 1074 1630 quam
1102 1544 1227 1609 tristem
1254 1543 1342 1607 curis
1377 1552 1415 1605 et
1452 1539 1564 1613 sol-ii

282 1742 308 1799 1.
326 1743 397 1797 enim
414 1755 464 1794 oa.
482 1737 514 1792 r.
525 1735 576 1806 nn
595 1739 695 1807 namo]
714 1738 743 1791 a
759 1755 857 1793 raam
875 1737 912 1793 n.
931 1755 980 1793 om.
998 1737 1093 1791 rrae.
1109 1734 1185 1790 rori.
1202 1736 1216 1804 ιι
1232 1737 1343 1812 pernis
1360 1731 1433 1788 ΑΓ.
1458 1736 1525 1799 pnr-
1605 1697 1606 1747 l

282 1817 350 1866 clem
369 1812 405 1865 Ε.
418 1812 431 1881 ΙΙ
445 1813 569 1861 scitatum
587 1808 618 1863 F.
630 1809 644 1877 ΙΙ
656 1808 681 1863 3.
700 1813 805 1862 abdicto
824 1810 853 1863 F.
868 1812 879 1877 11
895 1810 920 1863 i.
939 1813 1041 1861 emissa
1058 1806 1087 1861 F.
1102 1806 1113 1877 ΙΙ
1129 1810 1262 1877 eglesiam
1283 1806 1319 1860 Ε.
1338 1804 1523 1875 anglauitF.
1605 1793 1606 1857 i

281 1885 420 1953 Agrorum
437 1882 500 1935 Per.
511 1880 525 1946 ΙΙ
543 1883 693 1944 sophidium
710 1879 895 1934 ACDEFF.
915 1883 1093 1946 pisophidium
1112 1879 1174 1932 Pur.
1194 1876 1255 1931 odd.
1273 1879 1293 1931 1.
1311 1879 1343 1928 P.
1366 1893 1520 1946 ameum
1605 1887 1606 1956 p

280 1955 462 2022 pisephidium
479 1950 610 2018 merguid.
630 1950 761 2017 LyiPeua.
776 1952 917 2005 afflati.
931 1950 1274 2019 cc.115.termiueeanguli
1291 1946 1320 2002 F.
1332 1948 1346 2017 ΙΙ
1358 1945 1385 1999 6.
1398 1950 1518 2011 paruuli

281 2026 466 2076 -eontentue
485 2037 533 2073 ont.
549 2036 593 2090 pr.
614 2020 643 2075 0.
654 2022 668 2090 Η
680 2024 879 2075 fructibus
898 2025 1054 2074 contentus
1078 2020 1183 2087 (omisso
1203 2024 1230 2072 st
1251 2020 1457 2083 uoluptatibus)
1486 2018 1517 2069 ἐκ

281 2108 380 2149 restare
396 2093 429 2148 Δ.
447 2094 579 2145 fructuum
596 2095 776 2156 uoluptatibus
795 2092 832 2146 D.
850 2095 978 2144 fructibus
998 2110 1030 2143 ac
1049 2094 1229 2157 uoluptatibus
1246 2088 1304 2143 EF
1318 2095 1344 2141 et
1361 2104 1463 2156 mergo
1479 2087 1512 2145 G,

249 2190 252 2194 ¹
284 2164 362 2221 Tam
372 2166 388 2236 ΙΙ
398 2164 424 2220 8.
442 2165 559 2217 oraculis
577 2165 679 2233 agime
693 2178 739 2232 pr.
756 2163 788 2218 Α.
807 2166 908 2216 oraculi
927 2166 1043 2233 sagitate
1057 2176 1103 2231 pr.
1124 2161 1153 2217 0.

352 2306 459 2377 defletur
476 2302 572 2361 maor
595 2304 696 2357 Vocem
720 2305 805 2357 emmo
824 2309 982 2371 optimorum
1005 2307 1132 2357 librorum
1149 2306 1301 2355 testimonio
1325 2304 1353 2355 et
1370 2304 1508 2355 vincentii

283 2394 389 2449 quoque
407 2379 508 2431 Bellon.
528 2378 662 2441 excerptis
686 2376 772 2441 (spec.
795 2378 859 2429 hiat.
881 2378 927 2437 111,
948 2374 998 2431 105
1023 2380 1050 2428 et
1068 2378 1150 2429 doctr.
1169 2376 1206 2433 V.
1225 2374 1273 2443 87)
1297 2376 1446 2425 stabilitam
1465 2377 1506 2425 in·

283 2450 476 2505 consideratius
494 2448 575 2513 paulo
594 2449 730 2499 eiecerunt
746 2449 850 2512 priores
864 2450 989 2507 editores,
1008 2463 1068 2497 cum
1086 2449 1159 2497 reete
1171 2449 1277 2497 omnino
1289 2448 1391 2496 dicatur
1404 2447 1504 2509 siquis
1605 2445 1606 2498 l

282 2525 373 2574 animo
392 2520 497 2571 efflatus
516 2533 580 2570 esse
597 2533 684 2584 neque
702 2520 843 2585 quicquum
867 2521 957 2569 obstet
974 2520 1037 2581 quin
1055 2519 1185 2569 adicietur
1204 2518 1283 2567 simul
1299 2531 1399 2567 causae
1418 2518 1503 2585 signi·
1605 2541 1606 2560 i

281 2594 372 2643 ficatio
390 2590 508 2640 abletiuo
527 2603 593 2640 casu
611 2592 744 2652 ponenda,
763 2590 924 2655 quasillum
943 2591 1024 2639 animi
1041 2590 1162 2639 habitum
1181 2588 1306 2639 effecerit
1342 2588 1412 2637 Num
1431 2590 1500 2638 bene
1605 2626 1606 2637 r

284 2664 312 2715 et
332 2664 446 2712 uenuste
468 2660 508 2710 tot
530 2660 641 2711 ablatio!
659 2660 783 2713 diuersae
809 2662 920 2712 rationis
944 2676 976 2712 ec
999 2663 1111 2711 naturae
1138 2661 1165 2711 iu
1192 2662 1269 2710 unius
1293 2672 1387 2710 uersus
1412 2660 1499 2724 spatio

284 2734 488 2788 coaceruantur.
513 2745 548 2781 ea
565 2730 620 2781 alia
638 2735 759 2797 quaestio
778 2735 829 2785 est.
872 2733 964 2798 ltaque
988 2731 1160 2782 ebbrauiator
1184 2731 1417 2795 Guelferbytanus,
1439 2745 1496 2780 eum

284 2803 418 2853 omitteret
439 2801 505 2850 illud
528 2798 630 2859 animo,
659 2804 746 2866 ipsius
769 2805 858 2868 potius
883 2804 998 2853 auuoris
1022 2803 1225 2871 neglegentiam
1253 2803 1412 2852 emendasse
1434 2802 1495 2851 mibi
1605 2816 1606 2851 l

283 2874 388 2923 uidetur
414 2885 494 2933 quam
516 2873 665 2922 remouisse
688 2874 854 2924 librariorum
879 2875 1123 2938 interpolationem.
1154 2888 1232 2938 quam
1261 2887 1308 2922 eur
1330 2874 1427 2922 lectam
1449 2887 1494 2936 pu·
1605 2912 1606 2951 p

283 2945 372 2993 umus
396 2953 482 2990 causa
508 2942 623 2992 ideonea
649 2944 722 2993 certe
751 2959 805 2994 non
833 2945 994 3010 suppeditet.
1044 2945 1100 2994 Nec
1124 2945 1213 3012 magis
1237 2944 1345 3002 meum,
1370 2943 1393 2992 si
1415 2943 1493 2993 lulius

284 3013 372 3070 Paris,
389 3012 528 3062 breuitatis
547 3026 629 3074 quam
639 3015 756 3064 mammo
774 3015 920 3074 studiosus,
938 3016 965 3066 in
985 3016 1140 3079 compendio
1153 3015 1289 3079 praeteriit
1307 3027 1398 3065 uocem
1415 3015 1491 3079 plane
1605 3006 1606 3069 l

285 3083 401 3135 otiosam
420 3084 447 3132 et
464 3095 669 3146 superuacuam,
689 3099 759 3146 quae
777 3087 874 3136 melios
892 3101 960 3137 sane
979 3087 1098 3138 obesset
1605 3102 1606 3155 i

354 3149 403 3206 aad
420 3156 505 3204 aetate
523 3151 576 3204 iem
592 3153 690 3216 amiur)
708 3154 866 3221 Suspicatus
885 3171 944 3208 sum
961 3158 1102 3222 aliquando
1122 3158 1264 3225 legendum
1282 3169 1347 3207 esse
1365 3159 1390 3206 et
1405 3160 1488 3215 mue.
1605 3186 1606 3211 l

284 3225 350 3290 qula
366 3225 540 3275 aduersatiea
556 3227 688 3288 particula
704 3224 766 3281 aad,
795 3229 853 3278 siue
878 3243 938 3279 eam
958 3229 1126 3278 coniunxeris
1151 3243 1210 3278 cum
1235 3229 1324 3278 uerbis
1347 3231 1427 3278 estete
1443 3225 1489 3278 iia
1605 3235 1606 3302 ᾗ

283 3295 373 3350 sanior
390 3295 451 3347 siue
474 3310 534 3345 com
556 3297 609 3346 illle
628 3295 752 3348 terminos
774 3296 852 3364 apelli
874 3297 918 3350 aui
938 3313 1075 3366 numqaum
1099 3302 1259 3354 mearunt,
1287 3300 1323 3347 ad
1348 3312 1412 3364 quae
1429 3311 1488 3349 sane
1605 3316 1606 3336 i

284 3367 414 3435 pertinet.
439 3366 464 3417 sl
486 3368 691 3434 grammaticam
708 3369 849 3420 admiseris
873 3371 1017 3427 rationem,
1041 3370 1158 3432 ineptam
1180 3382 1291 3434 prorsus
1318 3369 1395 3419 efficit
1415 3385 1487 3435 eppo·

263 3437 268 3444 ’
286 3440 410 3490 sitlouem
426 3438 496 3488 inter
511 3439 581 3489 haec
600 3442 685 3490 uerba
702 3442 730 3491 et
746 3441 932 3504 paupertatem
945 3441 1032 3508 Aglal.
1069 3441 1171 3491 Vereor
1182 3455 1252 3491 nune
1263 3453 1297 3490 ne
1309 3443 1399 3490 anaim
1409 3442 1485 3491 moute

287 3511 395 3573 quidem
412 3511 486 3560 reete
504 3511 668 3560 coniunxerit
681 3509 883 3578 pauperrimae,
911 3507 960 3562 sed
975 3509 1083 3578 paruuli
1100 3509 1174 3562 turra
1191 3508 1326 3576 smetidaa
1343 3515 1368 3561 et
1383 3509 1486 3577 obpro

288 3577 358 3632 eben
376 3583 518 3633 maana,
538 3579 662 3632 leminea
680 3579 759 3646 apelli
774 3581 817 3632 sni
833 3595 972 3648 sommam
990 3585 1145 3636 masenot.
1166 3583 1228 3638 sed,
1251 3596 1309 3630 curn
1328 3581 1393 3631 haee
1409 3583 1485 3632 anino

289 3653 511 3709 obuersarentur,
534 3653 603 3702 inter
630 3653 800 3703 scribendum
829 3654 980 3704 sententiae
1009 3653 1128 3703 ordinem
1157 3654 1335 3721 neglegenter
1358 3653 1481 3704 admodum

288 3722 328 3772 ita
358 3721 507 3772 contuderit
539 3724 712 3786 transpositis
741 3723 855 3791 singulis
891 3725 949 3774 eius
979 3724 1114 3787 partibus,
1148 3726 1177 3773 ut
1210 3725 1264 3774 iam
1297 3724 1420 3786 oppositio
1444 3725 1484 3774 ilia

290 3792 397 3842 omnino
414 3792 560 3844 tolleretur.
600 3794 657 3844 Nec
680 3795 764 3844 semel
787 3797 841 3844 iam
864 3795 892 3845 in
915 3795 1137 3858 praecedentibus
1160 3795 1275 3845 uidimus
1292 3794 1418 3845 Valerium
1437 3795 1484 3845 alia

289 3861 425 3917 uoluisse,
452 3863 507 3912 alia
524 3865 677 3928 scripsisse.
717 3865 817 3934 Pungit
838 3881 882 3916 ma
904 3867 1048 3929 praeterea
1069 3866 1160 3917 nescio
1184 3868 1280 3931 quibus
1303 3864 1410 3914 stimulis
1428 3865 1481 3916 illud

290 3925 477 3996 subpraetor,
497 3935 567 3998 quod
585 3935 612 3984 in
625 3936 771 4000 archetypo
791 3937 882 3988 codice
901 3937 959 3986 sine
978 3937 1075 4001 copule
1092 3937 1243 3986 adiunctum
1261 3936 1346 3985 irrisae
1362 3933 1483 4000 (iactibus

289 3997 486 4067 salapinae-s),
506 4003 645 4055 deficiente
662 4007 788 4069 primario
807 4007 868 4056 libri
880 4007 1010 4056 Danielini
1028 4009 1188 4064 testimonio.
1207 4009 1365 4072 reliquorum
1381 4008 1481 4058 codicem

288 4073 318 4124 in
336 4071 484 4135 supplendo
503 4075 683 4138 discrepantia
699 4079 842 4129 manifesto
861 4078 988 4130 declaret.
1024 4078 1136 4129 Abunde
1148 4081 1219 4130 certe
1232 4080 1290 4129 erut
1302 4091 1389 4144 agrum
1400 4080 1480 4129 annuis

289 4143 406 4195 uictibus
423 4143 566 4195 suffecisse
584 4151 798 4209 commemorarir
823 4149 988 4214 uoluptatum
1006 4151 1120 4208 mentio,
1145 4151 1169 4200 si
1194 4151 1255 4215 quid
1276 4150 1367 4206 uideo.
1385 4149 1479 4200 molesta

290 4218 319 4267 at
336 4214 427 4265 adana
444 4215 487 4264 eet
509 4216 537 4265 in
557 4215 610 4265 hac
627 4219 768 4272 sententie
812 4221 885 4271 idern
910 4221 1034 4291 Pigbiirm
1057 4220 1180 4270 sensisse
1204 4221 1298 4279 credo,
1323 4233 1379 4268 cum
1396 4231 1432 4273 nu.
1451 4235 1479 4272 ec

288 4282 467 4356 wlaptetidus
484 4300 519 4337 ex
536 4288 750 4340 annotationibus
768 4296 864 4342 assuta
882 4293 1022 4352 iudicaret,
1046 4305 1133 4354 neque
1153 4291 1207 4342 elie
1225 4305 1310 4342 eausa
1328 4293 1477 4342 correctorem

289 4359 351 4409 libri
367 4357 513 4409 Bumensis
531 4361 711 4412 commouisse
728 4364 831 4413 uidetur
848 4365 877 4412 ut
896 4367 1049 4428 suspectam
1073 4376 1166 4414 uocem
1189 4377 1249 4413 cum
1266 4363 1293 4414 in
1312 4360 1405 4411 Paridis
1419 4377 1477 4414 conr·

288 4429 388 4492 pendlo
405 4443 467 4480 eam
485 4432 586 4480 abesse
604 4431 840 4492 animaduerteret.
863 4435 890 4482 in
913 4435 958 4484 illo
977 4449 1082 4500 quoque
1105 4435 1229 4497 exemplo
1253 4433 1369 4484 radendo
1390 4433 1476 4485 deleret

290 4499 360 4559 Quid
377 4501 458 4568 igitur
474 4502 500 4552 si
516 4498 695 4569 uoluptatibus
711 4504 856 4567 ascriptum
874 4517 939 4555 esse
951 4507 1074 4568 putemus
1093 4520 1111 4554 a
1128 4505 1244 4564 librario,
1264 4505 1307 4570 qui
1325 4503 1413 4554 noan
1426 4517 1474 4554 oon

287 4571 449 4632 metaphora
466 4573 500 4622 do
516 4574 698 4637 uoluptatibus
716 4575 801 4626 dictos
819 4575 977 4626 credideritt
1013 4576 1070 4626 lias
1087 4577 1158 4628 eninr
1169 4576 1326 4640 plerumque
1344 4585 1406 4632 esse.
1419 4589 1474 4642 qnae

289 4637 423 4703 hemines,
440 4641 546 4695 ceum
562 4645 658 4697 domus
676 4645 712 4696 sd
727 4645 809 4697 beate
819 4645 961 4696 uiuendum
973 4647 1132 4700 necessaria
1147 4647 1298 4712 praeberet,
1316 4645 1374 4698 iude
1384 4645 1472 4699 orara
