3409 5400
539 502 622 571 nin.
645 502 672 581 1,
696 502 733 569 G.
758 505 789 581 7,
811 504 886 570 Exi.
909 512 938 581 9.
963 505 1071 572 3--5,
1355 506 1418 575 155

189 667 385 753 imperiique
413 666 620 730 successioni
656 666 854 730 destinatum
884 664 971 753 Atyn
1005 668 1203 731 existimauit
1238 668 1323 732 ferro
1355 668 1426 733 sibi'

189 786 351 861 ereptum.
397 772 510 859 Itaque
535 773 693 860 quidquid
717 774 761 839 ad
776 774 965 839 euitandam
981 774 1190 839 denuntiatae
1207 774 1312 839 cladis
1327 794 1418 840 acer·

189 881 325 945 bitatem
351 880 536 965 pertinebat
563 881 653 946 nulla
681 894 836 967 exparte
860 884 967 967 patria
990 904 1070 946 cura
1093 882 1238 946 cessauit
1261 894 1418 946 auerteret

190 988 318 1053 Solitus
344 998 415 1050 erat
437 988 566 1051 iuuenis
590 988 634 1052 ad
656 988 744 1053 bella
767 989 915 1076 gerenda
938 990 1035 1064 mittn
1067 989 1156 1056 domi
1184 999 1328 1053 retentus
1358 1000 1418 1054 est.

168 1096 347 1161 ⁵Habebat
370 1098 661 1159 armamentarium
684 1097 792 1160 omnis
813 1098 944 1184 generis
969 1096 1105 1161 telorum
1130 1097 1226 1183 copia
1248 1096 1419 1172 refertum

190 1204 223 1268 id
254 1222 391 1291 quoque
420 1203 568 1266 amoueri
594 1204 700 1268 iussit.
760 1202 877 1267 Gladio
908 1204 1023 1267 cinctis
1053 1193 1225 1268 comitibus
1255 1204 1420 1279 utebatur3

191 1312 282 1374 uetiti
307 1319 386 1373 sunt
413 1310 549 1395 propius
580 1309 749 1374 accedere.
806 1309 999 1375 Necessitas
1031 1322 1141 1375 tamen
1171 1310 1293 1375 aditum
1321 1311 1420 1375 luctui

192 1413 292 1482 dedit.
345 1416 430 1481 Gum
464 1416 551 1480 enim
578 1418 724 1504 ingentis
757 1417 995 1506 magnitudinis
1025 1438 1105 1503 aper
1133 1415 1264 1503 Olympi
1299 1419 1419 1483 montis

192 1526 280 1591 culta
304 1524 422 1589 crebra
451 1545 525 1588 cum
555 1526 736 1612 agrestium
767 1538 880 1619 strage
902 1536 1058 1600 uastaret,
1088 1525 1309 1610 inusitatoque
1331 1525 1419 1590 malo

156 1634 324 1719 roregium
345 1629 554 1717 imploratum
579 1644 669 1695 esset
692 1633 862 1708 auxilium,
891 1632 976 1696 filius
1001 1642 1136 1718 epatre
1165 1626 1299 1694 extorsit
1320 1642 1355 1693 ut
1377 1630 1420 1695 ad

193 1762 268 1804 eum
297 1738 550 1825 opprimendum
577 1740 772 1815 mitteretur,
809 1760 850 1804 eo
884 1739 1016 1835 quidem
1049 1738 1196 1812 faciliusa
1231 1736 1318 1823 quod
1352 1758 1420 1801 non

193 1847 302 1913 dentis
326 1842 389 1910 sed
412 1844 490 1908 ferri
513 1845 653 1910 saeuitia
674 1848 710 1910 in
725 1858 813 1912 metu
829 1846 1056 1933 reponebatur.
1103 1843 1227 1909 Verum
1251 1844 1329 1908 dum
1352 1844 1421 1909 aeri

193 1953 304 2018 studio
327 1950 545 2016 interficiendi
568 1974 661 2016 suern
686 1974 801 2017 omnes
825 1964 902 2018 sunt
923 1955 1051 2027 intenti,
1076 1954 1224 2039 pertinax
1247 1974 1347 2017 casus
1369 1952 1420 2017 in·

193 2061 351 2127 minentis
378 2056 553 2122 molestiae
589 2058 741 2125 lanceam
770 2060 930 2147 petendae
961 2061 1051 2125 ferae
1081 2062 1187 2147 gratia
1214 2060 1353 2124 missam
1386 2060 1420 2123 in

158 2187 268 2231 aserim
294 2165 443 2238 detorsit,
465 2165 644 2251 etquidem
659 2187 733 2231 eam
749 2169 957 2253 potissimum
973 2168 1120 2231 dextram
1138 2166 1282 2231 nefariae
1307 2166 1420 2230 caedis

194 2276 334 2341 erimine
362 2270 465 2335 uoluit
493 2274 642 2359 aspergi,
677 2275 731 2337 cui
766 2274 867 2338 tutela
897 2272 954 2337 iiiii
985 2296 1006 2337 a
1032 2284 1125 2359 patre
1157 2270 1313 2337 mandata
1342 2283 1419 2343 erat.

195 2401 362 2468 quamque
386 2380 531 2445 Croesus
552 2379 767 2465 imprudentis
791 2380 960 2445 homicidii
984 2382 1145 2467 sanguine
1168 2379 1333 2453 uiolatam,
1361 2378 1420 2442 ho-

194 2488 325 2574 spitalis
349 2488 471 2551 ueritus
496 2486 588 2562 deos,
612 2489 792 2575 supplicem
816 2488 980 2552 sacrificio
1005 2488 1203 2573 expleuerat.

284 2594 338 2658 Ne
374 2594 480 2681 Cyrus
519 2594 651 2680 quidem
684 2597 833 2682 superior
862 2595 1003 2658 inuictae
1038 2595 1179 2659 fatorum
1213 2594 1464 2672 necessitatis5,

159 2702 371 2790 ”pannium
401 2713 628 2788 argumentum
659 2714 718 2767 est.
780 2703 880 2768 (luins
915 2715 1004 2767 ortus
1041 2701 1084 2766 ad
1118 2703 1289 2789 imperium
1324 2702 1421 2770 mrim

196 2811 301 2874 Asiae
316 2810 499 2894 spectantis
513 2819 681 2876 maternus
703 2833 786 2875 auus
802 2810 970 2900 Astyages
992 2810 1057 2874 duo
1071 2810 1286 2896 praenuntios
1302 2809 1422 2873 somnii

195 2919 321 2982 frustra
336 2915 499 2979 discutere
514 2919 693 3003 temptauit7
708 2917 898 2984 Mandanen
918 2918 1019 2983 liliam
1035 2939 1140 2986 suam.
1164 2916 1253 3004 qnod
1268 2917 1302 2979 iu
1316 2914 1422 3001 quiete

195 3023 330 3090 auderat
355 3024 487 3088 urinam
522 3024 593 3088 eius
630 3046 747 3090 omnes
774 3024 942 3090 Asiaticas
974 3035 1090 3112 gentes
1124 3023 1321 3098 inundasse,
1356 3047 1422 3089 non
1472 3023 1474 3026 ’

198 3219 222 3273 i.
241 3219 327 3286 alym
343 3216 609 3274 sirenarum
631 3220 742 3275 Corresr'
760 3223 843 3276 ePor.
860 3223 874 3292 ll
893 3223 1029 3274 estimanit
1045 3220 1078 3274 Γ.
1098 3219 1114 3289 li
1131 3223 1212 3290 terro]
1233 3238 1288 3287 per.
1300 3237 1422 3272 somnum

195 3289 229 3344 Γ.
241 3291 256 3358 ΙΙ
266 3287 294 3344 2
303 3293 426 3357 quiequid
436 3289 490 3358 (A.)
505 3291 517 3360 11
533 3294 686 3346 enitendum
697 3293 761 3348 ΑΕ.
772 3294 785 3362 ΙΙ
798 3290 824 3347 3.
843 3297 928 3359 petris
947 3291 983 3348 D.
999 3289 1011 3363 ΙΙ
1025 3290 1050 3346 4.
1061 3295 1184 3344 detentus
1202 3291 1237 3346 E.
1258 3294 1263 3362 Ι
1277 3289 1317 3344 tr.
1329 3294 1424 3344 duritia

194 3378 237 3430 pr.
258 3359 293 3413 Β.
313 3361 329 3430 ΙΙ
349 3359 391 3414 14.
410 3365 539 3415 emissam
557 3377 628 3414 corr.
644 3361 675 3416 A.
696 3363 709 3432 ΙΙ
734 3362 773 3418 15.
798 3368 938 3417 dexteram
956 3361 1228 3426 (aremuli-'rom
1251 3359 1320 3483 pii.
1344 3377 1424 3430 qnam

196 3448 277 3485 naso
295 3449 347 3499 que
365 3430 429 3487 ΕΓ.
448 3433 461 3505 ΙΙ
479 3435 639 3500 impudentis
659 3433 721 3488 DE
738 3440 763 3486 el
782 3451 827 3504 pr.
846 3433 937 3488 ABG.
954 3434 967 3503 ΙΙ
985 3435 1135 3500 hospitales
1154 3431 1215 3485 DE
1222 3431 1246 3485 Γ
1273 3444 1327 3482 orr.
1345 3433 1361 3500 {i
1382 3430 1422 3484 18.

196 3506 320 3571 expiauit
336 3519 406 3555 corr.
428 3506 457 3560 C.
471 3503 484 3574 ΙΙ
501 3504 541 3558 le.
564 3507 604 3557 Ne
623 3535 657 3544 —-
676 3504 743 3572 (el.)
768 3507 927 3572 spectantis]
948 3507 1011 3571 cyri
1030 3507 1176 3569 superioris
1195 3502 1226 3556 Γ.
1247 3499 1258 3572 ΙΙ
1279 3503 1334 3553 Nee
1353 3517 1423 3553 corr.

196 3573 315 3628 DTorr.
337 3573 399 3626 Via.
417 3575 455 3628 ad
471 3579 503 3637 ll,
525 3577 549 3636 1.
568 3574 674 3645 41121.
692 3581 812 3628 astiades
830 3575 956 3644 11111110
975 3603 1009 3613 -
1028 3571 1094 3640 (22.)
1117 3575 1227 3641 irrrstra]
1249 3575 1300 3624 duo
1319 3577 1424 3625 somnia

196 3650 306 3712 nepotis
325 3651 411 3698 ortum
430 3651 465 3698 ad
482 3650 621 3713 imperium
639 3651 726 3698 tocius
745 3663 832 3713 asyac
851 3648 1032 3715 significantia
1049 3647 1150 3697 trustra
1168 3643 1199 3698 Γ.
1218 3645 1231 3714 il
1250 3647 1317 3694 diros
1336 3643 1423 3699 BCD

198 3717 225 3771 Ε
243 3724 271 3769 et
287 3732 359 3771 corr.
377 3717 400 3769 A
420 3717 498 3770 terr.
517 3717 558 3784 ty.
576 3721 646 3780 Vin,
669 3715 709 3778 13.
728 3715 753 3771 2.
766 3715 779 3785 ΙΙ
797 3713 841 3770 22.
860 3719 1021 3768 mundanam
1040 3713 1067 3768 Ε
1086 3721 1111 3768 et
1129 3731 1199 3770 corr.
1220 3713 1248 3770 C.
1269 3711 1281 3785 Η
1320 3719 1371 3768 uod
1390 3746 1424 3755 -

197 3785 267 3852 123.)
283 3791 433 3842 inundasse
452 3805 501 3841 om.
519 3788 551 3843 Γ.
568 3790 582 3858 ΙΙ
597 3793 624 3842 in
643 3791 758 3857 quietern
772 3803 817 3857 pr.
836 3786 869 3840 A.
887 3791 955 3840 inter
973 3789 1088 3854 quietern
1107 3801 1177 3840 corr.
1201 3786 1233 3842 A.
1253 3733 1326 3858 [123.
1348 3791 1425 3840 urina

197 3857 286 3912 ABE
303 3863 331 3912 n
341 3875 388 3927 pr.
406 3858 435 3919 C,
456 3859 532 3913 Torr.

270 4035 297 4090 5.
317 4040 356 4090 Cf.
375 4040 474 4092 llerod.
492 4041 513 4097 1.
537 4035 594 4097 llll.
614 4053 672 4106 sqq.
690 4042 776 4090 lustin
793 4041 814 4098 1.
834 4035 860 4090 4.

269 4108 377 4160 ariam
398 4109 454 4161 eius
471 4138 506 4147 —
524 4107 675 4172 tamer)
709 4113 855 4176 Perpetem
880 4111 1002 4175 Kappins
1027 4113 1173 4161 abistiunm
1197 4111 1276 4164 uriae
1300 4115 1425 4164 detenuit.

198 4183 340 4237 ‘Viderat’
357 4183 450 4248 inquit,
470 4184 505 4232 ‘in
524 4184 611 4248 quiete
630 4185 782 4248 Cambyses
800 4186 865 4247 (nou
883 4183 995 4242 rrrinam,
1015 4185 1076 4246 sedi
1100 4183 1254 4235 Mandanen
1278 4185 1425 4235 inundasse

197 4255 278 4304 orins
302 4253 437 4303 Asiaticas
462 4254 576 4322 gentes'.
621 4255 729 4304 Rectius
757 4257 801 4320 qni
831 4255 958 4305 librorum
987 4255 1146 4319 scripturam
1177 4256 1321 4323 genuinam
1351 4257 1426 4318 putet

196 4325 299 4375 dixerit
316 4327 454 4375 auctorem
472 4339 557 4390 saepe
575 4326 742 4394 singularem
763 4327 904 4376 dictionem
929 4326 1109 4376 adfectantem·
1132 4327 1326 4376 intransitiuam
1349 4326 1424 4374 inum

197 4397 283 4446 dandi
300 4398 435 4446 notionem
454 4397 596 4462 posuisse:
620 4398 699 4448 docet
723 4398 794 4446 enlm
813 4397 967 4447 Priscianus
985 4397 1060 4452 vill.
1084 4393 1119 4447 se
1144 4399 1195 4446 iroc
1218 4399 1327 4446 uerbum
1346 4397 1426 4444 modo

198 4469 356 4517 absolutam
374 4469 453 4517 modo
473 4469 588 4518 actinam
608 4469 713 4518 habere
736 4469 974 4536 significationem.
1007 4481 1168 4533 quamquam
1192 4468 1219 4514 in
1243 4466 1356 4532 Vergilii
1387 4465 1425 4514 xl

199 4539 269 4588 Aen.
294 4533 349 4590 382
371 4541 460 4589 tuetur
484 4540 684 4596 scensaiinum.
707 4554 756 4589 sec
779 4536 909 4589 munt
930 4537 1056 4605 ampliss
1071 4536 1182 4603 sesses.
1205 4537 1249 4585 nbi
1267 4549 1361 4585 omues
1380 4550 1423 4583 co·

199 4611 278 4658 dices
298 4625 359 4658 enm
376 4610 449 4660 Mad.
467 4611 561 4674 procui
579 4611 659 4661 dubio
678 4612 750 4661 recte
769 4612 896 4660 exhibent
911 4609 1022 4676 somne,
1050 4610 1119 4674 qnod
1144 4609 1171 4658 et
1194 4607 1253 4672 ipse
1271 4605 1425 4656 Priscianus

198 4683 227 4730 in
248 4679 411 4746 quibusdam
429 4683 506 4733 codd.
524 4683 649 4746 repperit
685 4681 777 4750 Magis
795 4683 924 4750 ambigna
942 4683 1036 4732 eadem
1056 4681 1112 4731 iere
1131 4681 1215 4730 uerba
1236 4679 1297 4728 suni
1314 4677 1341 4726 X
1359 4677 1425 4729 Aen.

197 4747 248 4808 24.
266 4751 314 4800 ubi
330 4752 428 4804 nette.
447 4753 553 4820 quidem
570 4754 655 4805 habet
672 4747 700 4804 et'
716 4749 845 4805 inuadant
861 4751 987 4820 somnne
1002 4750 1114 4819 surae.
1141 4749 1252 4801 Seruius
1277 4763 1342 4802 uero
1366 4764 1426 4801 cum
