3409 5400
579 550 662 615 LlB.
686 546 743 627 Vl,
768 549 805 614 (i.
830 551 861 627 1,
885 556 914 625 t·
940 549 992 617 12.
1019 551 1070 619 13.
1371 554 1436 621 lbi

214 714 338 775 sororis
363 734 444 777 suae
470 711 580 785 hlium,
605 712 768 775 tribunum
799 710 951 785 militum,
982 734 1003 774 a
1032 711 1069 777 Ο.
1093 710 1199 775 l'letio
1221 718 1438 801 manipulario

213 820 312 882 milite
336 821 404 883 iare
429 840 563 884 caesum
588 819 824 905 pronuntiauit.
852 820 930 904 quia
954 838 1028 881 cum
1053 817 1093 880 de
1117 829 1229 905 stupro
1253 822 1439 906 conpellare

216 947 317 989 ausus
342 927 456 993 linerat.

304 1033 370 1095 Sed
396 1044 430 1096 at
453 1056 511 1096 cos
537 1054 677 1119 quoque.
702 1033 812 1118 quiin
836 1033 1037 1098 uindicanda
1061 1032 1218 1119 pudicitia
1234 1033 1354 1123 =dolore
1379 1036 1505 1101 suol3.

188 1160 275 1224 apro
300 1140 429 1224 publica
443 1140 517 1227 lege
533 1141 585 1203 usi
602 1148 686 1213 sant,
711 1140 843 1202 strictim
861 1160 1061 1224 percurram,
1085 1142 1303 1226 Sempronius
1323 1140 1441 1207 ltlusca

87 1282 93 1317 ι
218 1248 253 1310 Ο.
279 1245 417 1311 Galliam
443 1246 684 1333 deprehensum
709 1246 742 1308 in
771 1245 927 1309 atlultcrio
952 1246 1091 1332 flagellis
1117 1247 1246 1325 cecidit,
1276 1250 1312 1314 C.
1336 1249 1441 1314 Mem·

217 1355 302 1417 arias
327 1354 363 1418 la.
388 1354 560 1419 Octauiam
585 1352 731 1415 similiter
754 1351 995 1436 deprehensam
1018 1356 1129 1440 pernis
1152 1354 1308 1431 contradit,
1333 1356 1440 1421 Carbo

219 1460 366 1524 Attienus
396 1484 417 1525 a
445 1459 603 1535 Vibinum
639 1460 715 1522 itcm
745 1457 881 1523 Pontius
920 1482 950 1527 a.-
982 1460 1019 1528 P.
1059 1462 1215 1527 Cerennio
1246 1463 1442 1549 deprehensi

725 1582 937 1597 *—

221 1635 244 1689 1.
264 1655 281 1689 a
299 1640 326 1690 C.
342 1637 438 1705 Plotio]
459 1656 476 1688 a
495 1654 517 1689 c.
536 1639 619 1702 plutio
637 1633 669 1687 Α.
688 1653 720 1687 ac
740 1638 822 1701 plutio
844 1636 901 1691 CF.
921 1656 938 1689 a
956 1641 1043 1703 piaclo
1062 1637 1099 1691 D.
1122 1658 1139 1691 a
1157 1642 1258 1705 plantio
1276 1640 1312 1693 Ε.
1323 1639 1337 1708 ΙΙ
1349 1639 1375 1695 2.
1394 1644 1441 1693 mi·

221 1711 292 1759 litiae
310 1707 438 1762 Acus.
450 1708 463 1775 ΙΙ
476 1712 558 1761 ωηο
577 1706 608 1759 Α.
624 1707 636 1775 ΙΙ
651 1710 802 1772 conpellere
817 1708 894 1775 pazt
914 1715 939 1760 et
951 1725 997 1778 pr.
1015 1708 1044 1762 F.
1057 1711 1070 1777 tt
1082 1708 1107 1762 4.
1130 1712 1156 1775 s.
1183 1709 1216 1768 13
1237 1727 1287 1764 om.
1307 1712 1338 1765 Γ.
1356 1712 1369 1779 ΙΙ
1387 1716 1442 1763 irin·

221 1784 316 1831 dictam
338 1782 483 1844 pudiciciae
501 1778 535 1831 Ε.
554 1781 697 1829 iudicanda
715 1781 842 1843 praticitia
861 1778 891 1833 F.
905 1779 918 1848 ΙΙ
929 1780 954 1833 5.
973 1783 1077 1832 musica
1097 1781 1125 1836 0.
1150 1799 1230 1834 masa
1247 1783 1310 1838 Pur.
1330 1790 1356 1835 et
1373 1799 1442 1837 corr.

220 1850 251 1903 d.
272 1850 314 1917 Os.
333 1850 395 1902 la'u.
414 1848 503 1910 XLV,
527 1848 566 1909 13,
589 1842 630 1901 12.
646 1850 657 1915 ΙΙ
673 1847 698 1900 ti.
716 1853 814 1919 gethan
835 1849 870 1903 E.
892 1854 1001 1921 gellium
1019 1852 1082 1905 Pur.
1099 1853 1112 1921 ΙΙ
1129 1857 1353 1919 comprehensam
1371 1855 1406 1908 Ε.
1418 1856 1433 1925 ΙΙ

221 1924 341 1991 fregellis
360 1920 387 1973 F.
400 1920 413 1989 Η
425 1924 537 1973 caecidit
555 1920 617 1973 Por.
636 1919 649 1988 ΙΙ
668 1920 797 1973 memnias
816 1920 847 1975 A.
874 1924 994 1973 menalus
1015 1920 1044 1975 C.
1068 1926 1172 1975 meatus
1190 1925 1226 1977 E.
1245 1922 1257 1997 ΙΙ
1277 1926 1302 1980 i.
1323 1928 1444 1978 similiter

221 2006 268 2045 orn.
288 1992 322 2047 Ε.
338 1991 350 2060 ΙΙ
370 1996 591 2058 comprehensam
610 1990 647 2043 D.
665 1993 678 2061 ΙΙ
695 1994 796 2058 pernis]
823 1996 942 2057 protinus
961 1993 996 2046 D.
1019 1996 1114 2059 pernix
1131 1994 1165 2047 Ε.
1188 2002 1280 2050 neruis
1304 1996 1381 2049 Torr.
1392 1999 1405 2066 ΙΙ
1416 1996 1443 2050 Θ.

221 2069 331 2117 acienas
352 2063 380 2116 0.
399 2066 517 2116 atrienas
536 2063 573 2118 l).
593 2064 714 2115 actionus
735 2062 768 2115 Ε.
793 2067 918 2115 accianus
936 2063 962 2116 F
968 2063 1045 2118 Tere.
1065 2062 1077 2137 tl
1097 2068 1203 2117 bibiano
1225 2068 1343 2122 CDEF
1359 2075 1385 2120 et
1396 2083 1442 2135 pr.

221 2135 254 2187 A.
267 2138 371 2186 rriuieno
385 2134 446 2188 Pur.
460 2142 484 2187 et
495 2150 565 2188 corr.
578 2134 608 2188 d.
624 2131 636 2207 ΙΙ
652 2136 791 2201 Cerennio]
806 2137 894 2186 cernio
907 2134 1108 2191 Acarna.
1122 2139 1211 2188 seruio
1223 2139 1259 2192 Ε.
1276 2137 1310 2191 Vt
1321 2156 1369 2191 nos
1379 2139 1442 2192 Par.

726 2242 939 2255 -ηι-

224 2302 248 2347 et
268 2298 428 2347 scholiorum
449 2299 475 2347 in
495 2298 667 2347 Milonianam
692 2311 751 2345 cam
775 2298 834 2359 ipso
860 2298 965 2347 nominc
988 2298 1099 2357 coaluit,
1124 2301 1163 2349 ita
1186 2301 1216 2349 ut
1233 2300 1309 2349 tieret
1328 2301 1442 2356 Clusius.

223 2386 276 2431 ιμιο
297 2370 367 2418 tacto
387 2369 545 2417 altinonam
566 2369 675 2432 iusuper
687 2368 745 2415 Gaii
764 2382 926 2430 praenomen
946 2373 1167 2432 praeposuerunt.
1204 2372 1310 2420 Priores
1327 2372 1443 2420 editores

223 2442 294 2490 mate
319 2441 445 2489 luscium
471 2454 531 2489 erim
555 2440 771 2503 appellauerunt,
800 2454 859 2487 crim
883 2440 982 2490 lansius
1013 2442 1047 2488 sit
1072 2441 1232 2500 Quintiliano
1255 2445 1282 2491 et
1305 2443 1394 2491 Paridi
1417 2444 1444 2491 et

224 2514 387 2561 sclroliastae
406 2512 578 2561 Ciceroniana
598 2512 678 2575 atquc
697 2510 833 2559 euidenter
852 2507 931 2568 Γάϊος
946 2507 1057 2568 Λούσιος
1074 2512 1224 2565 Plutarcho.
1261 2514 1319 2563 Non
1337 2515 1376 2565 ita
1387 2528 1443 2563 cer·

225 2588 279 2632 tum
300 2583 389 2632 militis
408 2596 504 2631 nornen
523 2585 573 2639 est.
593 2598 671 2644 quem
691 2582 848 2630 Plutarchus
862 2581 1031 2640 'l'rchoaimm
1051 2583 1202 2643 Quintiliani
1221 2586 1345 2647 exempla
1360 2584 1443 2633 dran-

225 2670 284 2704 cum
304 2655 453 2718 proterunt.
473 2654 522 2704 sed
542 2654 580 2704 ita
599 2656 626 2702 ut
644 2654 775 2717 appareat
793 2654 817 2702 iu
843 2654 886 2703 his
909 2653 1026 2722 genitiao
1050 2667 1115 2703 casu
1134 2652 1246 2706 Arrunti
1264 2656 1348 2705 scribi
1367 2672 1444 2719 epor-

224 2731 290 2784 tere.
311 2741 372 2776 nam
392 2727 417 2774 in
437 2726 548 2776 scientiis
567 2726 618 2776 iltis
641 2726 671 2774 P.
696 2725 844 2774 Trebonius
870 2726 928 2775 siae
953 2726 1092 2775 Arruntius
1111 2727 1212 2778 dicitur.
1257 2729 1347 2777 Nostri
1364 2730 1444 2794 igitar

225 2800 331 2848 cedices
343 2797 454 2848 l’tutium
475 2798 582 2855 habent,
602 2811 678 2861 quem
698 2797 725 2846 ia
743 2797 856 2846 Plotium
876 2799 1028 2847 mutandam
1048 2811 1111 2846 esse
1134 2799 1232 2848 iudicat
1251 2800 1355 2848 Paridis
1374 2815 1444 2848 com·

224 2870 356 2932 pendium.
393 2869 465 2920 ldcm
485 2883 581 2918 nomeu
601 2867 626 2916 in
646 2868 724 2916 simili
743 2882 828 2916 carisa
847 2870 898 2917 hoc
916 2869 1003 2931 cupito
1021 2869 1048 2932 s.
1066 2863 1084 2918 9
1101 2870 1218 2932 positam
1238 2873 1305 2928 crat.
1329 2872 1397 2920 adeo
1417 2874 1445 2920 ut

224 2941 343 2990 nesciam
358 2955 391 2990 un
410 2942 480 2990 hunc
493 2940 650 3008 gregariam
662 2940 769 2988 militem
789 2955 847 2988 curn
867 2940 912 2988 illo
935 2941 1136 2990 adulescentulo
1153 2942 1301 2992 contuderit
1313 2943 1445 2992 Valeriae.

289 3009 384 3078 pernis
401 3008 529 3074 coadidit)
554 3012 666 3060 Pernam
692 3011 825 3060 hominum
850 3027 944 3060 coxam
970 3027 1048 3062 nemo
1072 3015 1192 3062 aeteram
1216 3014 1293 3069 dixit.
1319 3016 1444 3077 qrrantam

225 3083 344 3148 eqaidcm
365 3083 429 3136 scio.
448 3085 556 3146 practer
576 3081 685 3130 linaium
705 3097 749 3144 ap.
769 3081 839 3133 Fest„
859 3098 885 3145 p.
903 3077 956 3133 305
974 3083 1048 3132 hliilt.
1070 3081 1231 3150 suppernati
1249 3081 1372 3134 dicuntur·
1390 3081 1444 3148 qui·

225 3151 272 3204 bus
282 3151 388 3219 semino
405 3157 465 3202 siant
482 3150 587 3202 mceisu
605 3149 632 3202 in
651 3147 752 3202 modum
774 3151 911 3216 suillarum
924 3168 1077 3220 pernarum.
1114 3152 1217 3205 Ennius
1239 3152 1267 3204 ia
1292 3151 1444 3204 annalibus:

226 3222 276 3274 His
288 3237 389 3289 pernas
406 3218 521 3272 sucddit
537 3221 628 3290 iniqua
645 3219 769 3290 superbia
788 3221 878 3276 Poeni.
899 3241 950 3289 qao
969 3240 1047 3274 uersa
1062 3226 1162 3275 tianius
1182 3228 1227 3274 aut
1246 3227 1445 3274 interfectorum

226 3298 253 3344 et
272 3295 466 3342 uulneratorum
486 3293 704 3357 conquisitionem
724 3298 786 3356 post
805 3297 908 3343 ebidem
921 3299 1088 3344 Cannensem
1107 3296 1201 3358 attigit,
1222 3311 1303 3356 quam
1323 3295 1445 3357 exposuit

227 3366 283 3414 Lia.
303 3363 388 3420 xxa.
407 3360 455 3418 51.
481 3362 495 3413 l
522 3358 659 3429 (quosdam
684 3368 709 3412 et
726 3362 840 3414 iacentes
863 3364 938 3414 uiuos
960 3364 1070 3414 canocicis
1085 3362 1233 3428 seminibus
1250 3362 1446 3430 poplitibusque

226 3434 389 3486 inuenerunt.
415 3437 461 3482 ard
484 3434 557 3483 iilam
577 3435 735 3483 llannibalis
760 3450 826 3500 erga
851 3437 972 3498 captiuos
990 3437 1125 3482 Romanos
1145 3435 1341 3492 crudelitatem,
1365 3451 1446 3495 qrrrrm

130 3517 134 3524 ’
227 3506 350 3557 Valerius
368 3505 415 3563 IX,
433 3500 459 3562 2,
478 3509 532 3556 ext.
550 3499 568 3554 2
586 3506 687 3556 narrat.
729 3505 766 3553 lix
793 3507 843 3554 hoc
863 3506 936 3554 Festi
954 3506 1012 3552 loro
1033 3519 1085 3553 non
1104 3505 1314 3567 improbabiliter
1332 3506 1445 3570 colligas

227 3589 311 3627 coxas
330 3576 464 3626 hominum
482 3591 536 3626 nen
555 3575 661 3625 omnino
679 3589 779 3638 pernas
798 3576 884 3624 dictas
904 3588 976 3630 esse,
995 3577 1043 3624 sed
1063 3589 1111 3623 aas
1130 3579 1241 3636 tantam,
1260 3591 1330 3642 qrraa
1348 3578 1374 3626 in
1389 3593 1445 3625 rno-

228 3650 289 3698 dam
308 3647 445 3696 suillarum
466 3661 607 3710 pernarum
626 3647 798 3694 detruncatae
817 3647 907 3702 errent,
932 3660 1018 3706 coque
1036 3646 1121 3695 retorta
1142 3647 1277 3698 Valeriam
1296 3663 1399 3713 atroque
1418 3649 1444 3698 lr.

229 3721 245 3771 l.
255 3720 301 3769 illa
311 3718 490 3784 appellatione
501 3731 577 3766 sisaim
589 3729 652 3766 esse
662 3717 763 3780 opinor.
792 3715 843 3764 Sed
855 3731 907 3765 nea
917 3717 1003 3766 minor
1014 3716 1157 3766 ditilcattas
1170 3720 1213 3767 est
1224 3719 1250 3768 in
1260 3720 1445 3784 ablatiaoper·

227 3789 500 3850 nia'iasoleutissimo
513 3790 584 3853 apud
598 3788 712 3836 actiuum
726 3789 844 3839 aerbmu.
881 3788 976 3847 Quidni
990 3790 1059 3838 enim
1072 3789 1225 3838 Memmium
1238 3803 1337 3853 pernas
1355 3794 1445 3838 coatu-

228 3865 302 3914 disse
327 3862 440 3912 Octauio
459 3861 580 3925 scripsit.
606 3861 634 3908 ut
658 3859 746 3909 soleat
769 3861 877 3910 ueteres
897 3861 986 3921 loqrrit
1014 3861 1106 3920 Neque
1131 3865 1221 3908 tamen
1244 3864 1290 3909 arat
1307 3861 1388 3909 aliam
1406 3863 1445 3909 in·

229 3935 306 3986 rrenio
325 3933 528 3998 explicationem
549 3933 594 3982 aut
612 3931 776 3996 probabilem
796 3933 943 3994 desperata
960 3933 1045 3980 acrba
1057 3931 1216 3980 emendandi
1229 3933 1366 3990 rationem,
1385 3948 1446 3982 cam

227 4006 386 4069 praesertim
406 4005 439 4054 de
458 4005 554 4054 ruendo
573 4005 697 4054 librorum
717 4003 830 4069 cogitari
850 4002 894 4050 uix
913 4003 1000 4064 possit
1021 4002 1046 4050 ia
1065 4001 1215 4053 certissimo
1231 4003 1277 4052 itte
1297 4004 1400 4053 Paridis
1419 4008 1446 4053 et

229 4075 568 4142 Valerianorumcodicum
589 4073 729 4124 consensa.
767 4075 860 4134 ltaque
878 4073 965 4120 locum
984 4087 1043 4121 cam
1062 4073 1154 4136 lipsio
1172 4075 1199 4121 et
1216 4073 1344 4124 Torreaio
1362 4077 1446 4124 ambi·

229 4163 310 4215 girum
329 4148 458 4212 relinquo.
501 4147 566 4194 Nam
592 4151 618 4194 et
637 4147 704 4209 ‹pirod
729 4145 754 4192 iu
777 4144 895 4210 rralgatis
921 4144 1119 4206 exrunplarihas
1138 4145 1333 4204 circumfertur,
1357 4142 1447 4196 neruis

229 4214 354 4278 contudit,
374 4219 445 4268 omni
464 4231 546 4268 sensu
566 4219 640 4266 caret
659 4232 691 4266 ac
706 4215 893 4279 probabilitate
910 4229 998 4276 neque
1018 4215 1191 4263 recentiorum
1210 4216 1376 4266 librariorum
1385 4231 1446 4264 con·

229 4291 344 4340 tecturae
359 4287 457 4355 puppis
475 4291 503 4338 et
516 4285 639 4355 protinus
656 4283 774 4337 condidit
790 4287 880 4352 aliquo
898 4299 1009 4336 numero
1027 4286 1203 4337 satisfaciant.

298 4358 420 4411 Attienus
438 4375 455 4410 a
477 4357 596 4419 Vibieno)
620 4361 661 4408 ltu
681 4357 780 4421 scripsi
804 4359 872 4407 lracc
896 4358 1018 4414 nomina.
1043 4357 1155 4420 atteram
1174 4359 1246 4410 reete
1264 4360 1401 4407 seruatam
1420 4360 1446 4406 iu

229 4433 320 4482 codice
333 4433 463 4482 Beruensi
482 4435 508 4480 et
525 4432 552 4480 in
566 4431 668 4479 Paridis
682 4429 804 4492 epitome,
824 4430 937 4479 alteram
951 4429 1060 4493 propter
1071 4428 1194 4479 uitiosum
1207 4430 1446 4490 praenuntiationem

229 4505 390 4568 corruptam,
408 4500 514 4554 uiuieue
532 4503 558 4551 in
578 4501 681 4550 Paridis
700 4500 791 4550 codice
810 4501 949 4558 Vaticano.
968 4497 1071 4550 bibiena
1089 4500 1116 4548 in
1129 4500 1278 4547 Valerianis
1298 4499 1372 4548 tibris
1390 4516 1447 4550 ma·

227 4576 380 4639 nrrseriptis.
426 4575 518 4624 Dictus
553 4575 642 4622 utitem
674 4572 718 4622 est
744 4570 866 4622 Attienus
890 4574 925 4621 ab
948 4571 1035 4626 Attio.
1065 4569 1193 4619 Vibienus
1218 4585 1236 4617 a
1259 4570 1348 4627 Vibio.
1379 4573 1448 4620 sicat

228 4647 376 4704 Gallienus,
394 4646 533 4696 Vettianus
551 4643 608 4709 (vl.
628 4637 654 4700 ³.
672 4637 720 4706 3.).
740 4641 933 4701 Trebellianus.
951 4642 1107 4692 Aufidianus
1125 4655 1143 4688 a
1155 4640 1250 4697 Gallio.
1269 4641 1365 4697 Vettio.
1384 4643 1447 4694 Tre·

227 4720 317 4775 bellio.
337 4717 452 4770 Audite.
489 4711 770 4774 caucanam.
815 4714 930 4764 Dubiam
953 4727 1019 4764 uero
1042 4725 1141 4762 nomen
1164 4714 1207 4761 cst
1230 4713 1302 4772 qaod
1319 4715 1446 4776 seqnitur.

229 4791 316 4844 Cernit
340 4790 387 4842 aut
408 4789 541 4850 curanti,
566 4801 678 4852 querum
700 4786 764 4838 illud
783 4785 934 4841 Valerianis
952 4783 1097 4844 codicibus,
1120 4782 1174 4833 boc
1197 4783 1326 4836 Vabcaue
1344 4785 1448 4838 Paridis

1165 4871 1234 4938 30*
