3409 5400
367 529 410 598 50

366 691 543 766 latuerunt,
576 687 679 756 donec
702 697 816 756 nostra
845 696 950 752 aetate
980 684 1023 750 ab
1053 683 1183 773 Augelo
1211 683 1302 750 Maio
1330 681 1544 770 protraherent

368 800 403 864 in
425 797 542 863 lucem.
589 795 714 878 Quibus
739 794 936 883 diuulgatis,
965 813 1039 857 cum
1070 814 1156 857 nunc
1181 791 1312 857 demum
1335 804 1424 856 certa
1443 794 1517 856 ratio
1539 816 1544 855 r

368 906 425 972 uia
447 902 645 970 emendandi
667 903 764 968 huius
789 902 957 988 scriptoris
981 911 1118 973 constet,
1145 899 1211 966 dici
1231 901 1287 965 uis
1308 910 1416 986 potest
1436 911 1544 986 quanta

368 1014 522 1080 munierit
544 1013 594 1077 uir
618 1033 766 1077 summus
790 1022 939 1075 nostram
960 1009 1205 1094 futurorumque
1229 1007 1389 1073 editorum
1412 1010 1541 1097 gratiam

872 1311 1085 1328 un———-

396 1688 456 1759 DE
478 1688 600 1758 IVLIO
622 1687 797 1766 PARIDE,
821 1685 1005 1753 VALERII
1026 1685 1193 1751 MAXIMI
1214 1682 1544 1752 ABBREVIATORI

461 1869 687 1955 Epitomarum
719 1868 760 1932 ab
792 1867 881 1954 Aug.
912 1867 1002 1932 Maio
1033 1871 1067 1934 in
1096 1871 1219 1956 scriptt
1250 1876 1327 1932 uett.
1355 1886 1432 1931 nou.
1460 1865 1532 1930 coll.

371 1974 426 2052 lll,
450 1972 488 2038 Ρ.
513 1974 533 2039 3
558 1974 716 2038 editarum
742 1974 843 2040 altera
875 1997 892 2036 e
916 1974 1078 2040 Vaticano
1111 1973 1265 2056 codiee¹),
1295 1970 1528 2061 calligraphia,

375 2085 429 2158 ait,
447 2092 477 2144 et
492 2091 652 2144 uetustate
665 2081 835 2165 spectabili
851 2088 954 2158 (saec.
967 2081 1034 2157 X.),
1051 2083 1225 2168 descripta,
1241 2082 1276 2146 in
1289 2093 1401 2146 nostro
1417 2078 1544 2164 proposi

373 2188 451 2276 quia
474 2196 506 2250 et
523 2187 653 2274 integra
676 2197 726 2250 est
749 2195 780 2248 et
803 2184 846 2250 ad
869 2181 995 2249 Valerii
1018 2185 1159 2250 formam
1181 2188 1316 2270 propius
1338 2187 1475 2261 accedit,
1502 2209 1544 2271 pr.

373 2295 540 2362 stantioris
565 2293 728 2370 utilitatis,
753 2303 918 2357 auctorem
941 2289 1042 2356 habet
1062 2289 1178 2355 Iulium
1200 2289 1371 2364 Paridem,
1401 2305 1437 2352 ut
1463 2316 1544 2375 appa

374 2425 414 2467 ex
426 2398 565 2488 epistula
575 2400 770 2486 praemissa,
794 2421 893 2486 quam
905 2399 1066 2485 speciosis
1082 2398 1280 2484 magnisque
1294 2396 1409 2460 litteris
1433 2409 1544 2460 exarat

372 2509 482 2574 Maius
492 2507 561 2572 aeri
573 2505 780 2571 Incidendum
795 2508 930 2570 curauit.
954 2504 1067 2569 Verba
1079 2503 1237 2590 epistulae
1249 2502 1332 2568 hacc
1341 2514 1426 2577 sunt,
1438 2501 1544 2568 lVLll

372 2613 515 2678 PARIS.
539 2611 701 2676 LICINIO
716 2610 907 2676 GYRIACO
920 2609 1021 2676 SVO.
1037 2609 1257 2675 SALVTEM.
1285 2608 1544 2676 EXEMPLOR¹

375 2717 765 2799 CONQVISITIONEM.
809 2717 905 2783 CVM
927 2716 1093 2783 SCIREM
1114 2718 1225 2783 ESSE
1248 2718 1341 2784 NON
1355 2716 1498 2785 MINVS
1513 2717 1544 2782 I)

360 2822 654 2891 ‚PVTANTIBVS
692 2824 824 2905 QVAM
860 2823 1236 2890 DECLAMANTIBVS
1274 2822 1544 2891 Nucnssnnlr

374 2930 527 2999 DECEM
561 2929 744 2995 VALERII
780 2930 946 2997 MAXlMI
980 2930 1140 2997 LIBROS
1173 2930 1407 2997 DlCTORVM
1445 2930 1503 2995 ET
1531 2930 1544 2994 I

377 3034 562 3103 GTORVM
591 3036 951 3102 MEMORABILIVM.
1010 3039 1071 3105 AD
1102 3038 1236 3104 VNVM
1265 3037 1490 3104 VOLVMEN
1518 3038 1544 3101 E

377 3141 529 3208 TOMAE
566 3141 706 3207 OOEGI.
765 3142 891 3225 QVOD
934 3144 1019 3211 ΤΙΒΙ
1051 3144 1154 3211 MISI.
1215 3144 1276 3209 VT
1309 3146 1365 3211 ET
1397 3145 1544 3211 EAClLl

375 3246 616 3331 INVENIRES
640 3247 682 3312 Sl
711 3247 899 3331 QVANDO
930 3250 1039 3332 QVID
1072 3251 1353 3332 QVAERERES.
1405 3252 1464 3316 ET
1487 3252 1544 3317 AF

376 3354 556 3422 SEMPER
597 3353 806 3421 MATERIIS
844 3356 1061 3424 EXEMPLA
1102 3358 1424 3425 SVBIVNGERES.
1491 3359 1544 3424 EI]

375 3460 606 3530 EPISTVLA.
652 3460 806 3550 Sequitur
829 3462 916 3528 hanc
933 3464 1105 3551 epistulam
1129 3468 1271 3552 capitum
1288 3466 1396 3541 index,
1420 3487 1523 3553 quern

375 3572 411 3636 in
433 3570 593 3657 principio
605 3566 776 3635 Valeriani
800 3572 909 3657 operis
934 3571 1150 3648 exhibuimus
1173 3584 1205 3637 et
1226 3573 1345 3637 deinde
1364 3575 1544 3660 ipsaepito

375 3678 535 3762 inscripta
557 3676 663 3741 IVLII
685 3675 862 3743 PARIDIS
878 3678 1076 3746 EPITOMA
1091 3678 1245 3758 DECEM
1266 3678 1508 3747 LIBRORVM
1531 3680 1544 3726 I

377 3778 496 3845 LERII
518 3780 692 3848 MAXIMI.

466 3884 504 3951 in
528 3907 569 3951 ea
591 3892 819 3975 componenda
841 3906 954 3960 auctor
976 3894 1143 3962 breuitatis
1165 3897 1307 3963 maxime
1330 3896 1504 3962 studiosus
1528 3917 1544 3959 r

379 3990 426 4057 dit
448 3993 569 4069 omnia,
593 4016 676 4081 quae
700 3998 883 4085 simplicem
904 4004 1065 4068 factormn
1088 4003 1311 4092 dictorumque
1334 4004 1535 4069 relationem

379 4098 530 4165 cedentia
550 4120 679 4168 moram
701 4105 907 4191 imponerent
919 4107 1043 4185 lectori,
1066 4112 1231 4197 praeteriit
1251 4112 1384 4177 crebras
1396 4111 1544 4177 laudati<

380 4216 412 4270 et
433 4208 699 4294 uituperationes,
733 4212 850 4299 quibus
879 4216 1014 4281 nimium
1045 4238 1083 4283 se
1112 4218 1212 4285 iactat
1241 4216 1413 4297 Valerius,
1447 4230 1544 4285 contr

446 4470 470 4543 Ι)
490 4474 552 4529 Nro.
576 4472 661 4537 4229,
686 4478 789 4531 formae
814 4482 960 4547 quadratae
984 4484 1204 4547 membranaceo,
1234 4488 1305 4539 binis
1330 4487 1464 4541 columnis
1490 4471 1544 4539 exa

380 4544 552 4599 Continentur
569 4550 621 4599 hoc
638 4550 705 4601 libro
726 4552 888 4603 censorinus
907 4556 941 4604 de
960 4555 1003 4605 dita
1021 4556 1105 4606 natali
1130 4573 1191 4607 cum
1209 4558 1359 4627 fragmento
1379 4561 1536 4612 Censorino

379 4631 474 4683 peram
492 4620 618 4684 ascripto,
637 4620 787 4687 Praecepta
805 4624 871 4673 artis
889 4626 1011 4677 musicae
1023 4626 1137 4678 collecta
1155 4644 1190 4679 ex
1207 4627 1281 4682 Sex.
1294 4666 1302 4683 .
1315 4667 1344 4684 ..
1361 4630 1433 4700 Aug.
1448 4632 1486 4681 de
1498 4646 1544 4682 mu

381 4684 485 4749 Sermo,
503 4690 591 4741 Plauti
608 4689 754 4755 Aulularia,
772 4694 831 4745 Iulii
848 4696 954 4746 Paridis
973 4697 1088 4761 epitome
1106 4698 1207 4751 Valerii
1222 4702 1343 4764 Maximi,
1361 4702 1544 4767 Pomponiilt

382 4756 416 4808 do
435 4760 632 4829 chorographIa
649 4762 709 4815 libri
725 4766 789 4819 tres.
827 4766 885 4819 Vid.
905 4768 1353 4840 0.1ahnprolegg.aacansor.
1373 4790 1401 4841 p.
1418 4774 1524 4828 XVIII.
