3409 5400
593 460 675 529 LIB.
698 456 740 533 Il,
763 454 801 519 0.
826 454 858 526 7,
880 458 911 525 s.
936 450 967 511 7.
990 446 1022 510 8.
1351 424 1417 494 213

285 642 371 729 Age,
394 642 518 724 quanto
534 627 651 715 spiritu
665 628 817 708 putamus
840 630 937 674 usum
952 604 989 669 L.
1009 600 1176 681 Quintium
1193 579 1421 657 Cincinnatum
1430 580 1461 645 7.

196 757 390 819 dictatorem
421 762 462 806 eo
494 749 657 819 tempore,
689 745 755 811 quo
783 716 921 783 deuictis
945 704 1134 795 Aequiculis
1164 710 1195 763 et
1222 696 1421 781 subiugum

196 859 314 928 missis
341 852 381 917 h.
404 843 587 914 Minucium
615 830 823 898 consulatum
847 822 1011 909 deponere
1040 810 1165 897 coegit,
1194 802 1283 890 quod
1314 808 1423 862 castra

199 970 272 1033 eius
294 962 384 1026 idem
403 954 519 1019 hostes
543 933 765 1010 obsederant?
810 929 987 1015 Indignum
1011 921 1097 983 enirn
1123 912 1264 979 maximo
1286 902 1422 987 imperio

176 1068 342 1145 acredidit
364 1082 462 1151 quem
483 1077 553 1121 non
576 1069 639 1116 sua
660 1044 764 1108 uirtus
787 1036 848 1102 sed
876 1037 970 1099 fossa
993 1025 1178 1106 uallumque
1201 1024 1302 1079 tutum
1329 1026 1423 1094 prae·
1503 1032 1507 1039 ·

202 1181 339 1247 stiterat,
375 1170 492 1253 cuique
525 1156 746 1223 uerecundiae
784 1168 853 1213 non
887 1142 992 1205 fuerat
1026 1152 1120 1197 arma
1151 1126 1304 1189 Romana
1338 1120 1427 1177 metu

202 1280 331 1372 trepida
352 1274 476 1341 clausis
499 1268 603 1354 portis
618 1259 786 1328 contineri.
825 1252 915 1335 Ergo
936 1231 1199 1327 imperiosissimi
1221 1222 1283 1289 XII
1305 1222 1426 1289 fesceS,

205 1410 310 1481 penes
333 1404 417 1472 quos
441 1385 577 1443 senatus
602 1382 634 1434 et
657 1362 819 1453 equestris
836 1352 961 1419 ordinis
978 1358 1009 1409 et
1024 1344 1196 1408 uniuersae
1212 1330 1315 1418 plebis
1340 1344 1427 1389 sum·

205 1518 297 1567 mum
319 1493 422 1557 decus
445 1494 526 1555 erat,
549 1492 752 1565 quorumque
776 1475 856 1530 nutu
871 1458 1000 1522 Latium
1025 1472 1063 1513 ac
1087 1446 1182 1508 totius
1205 1436 1316 1502 Italiae
1339 1432 1428 1493 uires

170 1630 200 1675 ιο
209 1602 423 1691 regebantur,
458 1585 587 1654 contusi
616 1594 713 1666 atque
740 1572 837 1639 fracti
873 1559 1060 1629 dictatoriae
1089 1572 1125 1615 se
1154 1533 1431 1609 animaduersioni

209 1707 470 1780 substrauerunt
516 1691 566 1756 Ac
590 1711 631 1753 ne
653 1683 758 1749 inulta
780 1679 864 1745 foret
886 1671 981 1735 laesa
1004 1660 1110 1750 gloria
1131 1649 1291 1720 militarie,
1315 1570 1478 1706 consu(

210 1816 321 1885 delicti
343 1807 451 1875 omnis
480 1797 603 1864 uindex
632 1791 766 1879 punitus
795 1792 854 1846 est.
901 1775 978 1847 His,
1008 1778 1044 1831 ut
1064 1767 1111 1829 ita
1134 1759 1257 1827 dicam,
1285 1745 1433 1835 piaculis,

342 1910 473 1998 imperii
496 1902 601 1970 nostri
622 1907 734 1985 pater,
763 1891 819 1954 ubi
842 1884 952 1969 aliqua
975 1880 1128 1959 exparte
1152 1889 1172 1929 a
1195 1862 1257 1925 tuis
1282 1850 1434 1939 auspiciis

675 2012 798 2077 ntuum
816 1986 1060 2081 propitiabatur,
1083 1972 1237 2043 adfinium
1260 1974 1292 2025 et
1314 1976 1437 2044 cogna-

689 2108 827 2172 liliorum
856 2107 983 2177 strage,
1013 2079 1237 2172 ignominiosa
1266 2061 1438 2131 consulum

217 2240 410 2311 eiuratione.

307 2339 468 2411 Eiusdem
502 2328 626 2396 ordinis
660 2320 749 2409 quod
786 2311 942 2398 sequitur.
993 2294 1144 2382 Papirius
1179 2286 1329 2349 dictator,
1367 2288 1441 2334 curn
1450 2261 1482 2324 8.

972 2407 1091 2471 llianus
1121 2390 1277 2478 magister
1299 2378 1442 2465 equitum

220 2460 383 2527 aduersus
413 2439 586 2527 imperium
616 2433 686 2497 eius
711 2425 752 2505 Q.
775 2418 897 2485 Fabius
919 2413 972 2476 Ru

221 2561 400 2631 exercitum
426 2553 461 2615 in
489 2545 596 2611 aciem
624 2533 808 2602 eduxisset,
839 2532 1039 2609 quamquam
1067 2503 1150 2570 fusis
1180 2485 1381 2560 Samnitibus
1408 2480 1444 2542 in
1487 2530 1489 2537 ,

186 2681 334 2740 noastra
354 2660 506 2729 redierat,
528 2658 639 2714 tamen
661 2656 768 2724 neque
791 2632 908 2695 uirtute
933 2622 1003 2685 eius
1026 2631 1132 2699 neque
1157 2615 1316 2669 successu
1339 2601 1445 2671 neque
1509 2571 1513 2580 '

224 2776 393 2846 nobilitate
414 2772 523 2832 motus
546 2756 661 2841 uirgas
685 2741 830 2830 expediri
852 2749 992 2816 eumque
1020 2718 1137 2787 nudari
1159 2707 1264 2777 iussit.
1311 2700 1340 2764 0
1373 2712 1446 2778 spe-

225 2882 389 2954 ctaculum
412 2857 618 2936 admirabile!
653 2855 695 2918 Et
709 2847 883 2918 Rullianus
908 2848 939 2901 et
951 2830 1116 2920 magister
1133 2818 1274 2905 equitum
1300 2817 1332 2872 et
1345 2805 1448 2866 uictor

227 2996 340 3060 scissa
348 2992 441 3051 ueste
452 2970 657 3060 spoliatoque
669 2977 806 3043 corpore
816 2953 966 3016 lictorum
979 2961 1015 3003 se
1033 2927 1222 3000 uerberibus
1238 2907 1450 2984 lacerandum

227 3095 390 3191 praebuit,
403 3099 439 3153 ut
451 3088 488 3151 in
499 3082 571 3148 acie
584 3079 792 3157 exceptorum
804 3057 975 3122 uulnerum
990 3040 1125 3110 nodosis
1137 3031 1251 3098 ictibus
1269 3037 1383 3087 cruore
1398 3031 1449 3074 re·

191 3235 222 3282 te
231 3213 355 3275 nouato
370 3193 594 3263 uictoriarum,
613 3199 696 3270 quas
711 3168 810 3238 modo
823 3153 1089 3250 speciosissimas
1102 3151 1170 3207 crat
1182 3136 1331 3217 adeptus,
1343 3117 1451 3184 titulos

231 3313 451 3398 respergeret.
496 3290 656 3360 Precibus
685 3276 804 3348 deinde
833 3270 903 3335 suis
933 3261 1090 3326 exercitus
1120 3243 1328 3312 occasionem
1350 3221 1452 3288 Fabio

455 3727 462 3741 .
484 3688 513 3742 C.
525 3685 539 3753 ΙΙ
559 3677 600 3735 12.
619 3674 716 3729 dedictl
733 3667 770 3722 D.

434 3764 466 3833 .ΙΙ
478 3761 644 3818 liliorumque
661 3756 731 3797 corr.
750 3735 783 3790 Δ.
793 3733 808 3801 ΙΙ
822 3727 862 3816 il.
873 3727 937 3776 Eius

241 3843 304 3900 edd.
323 3845 367 3894 est
386 3834 490 3900 Tomi}
503 3825 544 3884 18.
562 3825 706 3875 aduersum
724 3808 759 3864 Β.
771 3808 786 3874 ΙΙ
802 3801 930 3856 eontanas
970 3858 995 3872 ..

242 3922 331 3971 mnus
348 3920 440 3973 aaron
457 3903 490 3958 Δ.
503 3899 517 3968 ΙΙ
530 3894 576 3950 22
593 3891 733 3972 rutilianus
751 3862 908 3931 ABDEI'.
928 3859 1066 3911 rublrenus

242 3985 405 4040 necandus
413 3973 491 4028 Torr.
500 3972 515 4040 ΙΙ
525 3963 570 4021 24.
577 3961 701 4029 praebuit
708 3969 758 4006 om.
766 3946 842 4000 Torr.
853 3938 868 4007 ll
878 3931 922 3988 25.
929 3932 1042 3994 adeptus
1051 3939 1080 3976 er

752 4039 964 4070 ‚,...-.--

248 4429 278 4491 2,
295 4427 322 4482 ll.
339 4427 372 4484 V,
392 4423 418 4481 l,
439 4418 451 4470 l
473 4415 553 4467 solito
571 4417 660 4460 errore
1262 4417 1267 4428 Ι

251 4505 323 4556 mine
340 4510 419 4548 usum
443 4503 508 4540 esse
531 4486 562 4544 Q.
586 4474 698 4529 Fabium
720 4479 774 4516 non
798 4458 885 4509 solum
909 4447 972 4500 fasti
997 4432 1135 4504 capitolini
1159 4421 1270 4492 (orutr
1307 4481 1312 4492 .
1407 4471 1413 4484 ι

252 4566 437 4626 demonstrent
453 4571 547 4612 uerum
564 4552 645 4603 etiem
663 4541 721 4591 cod.
739 4531 844 4587 Paridis
862 4523 1007 4573 Vaticanus
1024 4511 1053 4560 h.
1066 4507 1082 4556 l.
1096 4503 1122 4552 et
1134 4499 1165 4555 V,
1185 4489 1209 4549 l,
1232 4486 1254 4546 i,
1274 4491 1347 4530 curus
1361 4473 1470 4530 antique

253 4643 389 4708 scriptura
406 4635 451 4688 est
467 4615 613 4682 mu.
650 4612 716 4664 Aliis
732 4611 824 4657 umen
842 4598 870 4649 et
885 4593 938 4658 ipsi
956 4586 1031 4638 Liuio
1051 4569 1173 4644 (XXllll,
1191 4559 1217 4620 9,
1230 4555 1256 4616 S,
1274 4548 1362 4608 xxii,
1374 4536 1418 4602 26,
1431 4533 1469 4602 8.)

255 4710 410 4787 oppellelut
426 4703 529 4758 Rullus.
558 4693 598 4744 ct
616 4689 725 4753 interpr.
743 4679 777 4728 ad
796 4673 855 4728 Liu.
873 4662 944 4722 vni,
962 4653 1005 4715 29,
1024 4647 1050 4705 9.
