3409 5400
501 549 584 616 hIB.
606 549 675 627 IX,¹
689 548 725 614 O.
750 549 803 624 12,
826 547 897 614 Exi.
921 555 953 623 l.
974 549 1095 616 2-8.
1345 554 1408 618 727

171 713 240 778 diu
252 713 424 786 sollicitus,
447 709 623 797 aliquando
638 721 749 778 tamen
770 729 838 774 una
853 709 1016 786 sententia
1031 710 1145 783 uictor,
1168 731 1304 775 eausam
1320 731 1409 776 mor·

172 821 220 885 tis
249 818 408 908 gaudium
431 817 552 882 habuit.

109 1013 110 1016 Ἴ
274 923 500 990 Philemonem
524 934 631 986 nutem
656 923 706 986 uis
736 922 823 986 risus
851 921 1046 988 inmoderati
1074 922 1216 988 abstulit.
1268 922 1450 988 Paratasti.

174 1034 209 1096 ci
237 1033 322 1094 fieus
352 1039 450 1114 atque
472 1031 505 1092 in
529 1039 707 1112 conspectu
737 1029 863 1112 positas
893 1027 996 1092 asello
1027 1040 1256 1093 consumente
1273 1047 1409 1112 puerum

109 1205 110 1214 χ
140 1151 215 1207 aut
240 1136 333 1200 illum
362 1136 509 1222 abigeret
535 1134 731 1200 inclamauit.
787 1133 852 1212 Qui
881 1155 955 1197 cum
986 1135 1051 1198 iam
1076 1135 1232 1198 cernes-tis
1256 1130 1409 1198 omnibus

109 1305 110 1316 ,
175 1243 447 1328 superuenisset‚
482 1239 684 1320 Quoniam.
719 1240 836 1325 inquii,
873 1249 948 1302 ‘tam
980 1241 1092 1304 tardus
1117 1239 1221 1311 luisti,
1256 1239 1300 1302 da
1322 1257 1410 1300 nunc
1438 1293 1469 1319 ,,
1501 1295 1506 1303 ,
1563 1277 1568 1286 -

109 1409 111 1446 5
175 1371 310 1414 merum
339 1346 461 1414 asello'.
521 1346 570 1410 Ac
598 1347 744 1430 protinus
773 1345 989 1410 urbanitatem
1018 1346 1099 1408 dicti·
1124 1345 1238 1408 crebro
1266 1341 1411 1406 anhelitu
1481 1341 1485 1348 ’

109 1519 111 1554 y
176 1453 419 1518 cachinnorum
443 1465 649 1538 prosecutus,
673 1451 779 1514 senile
800 1461 909 1537 guttur
933 1450 1072 1514 salebris
1097 1451 1230 1534 spiritus
1247 1448 1408 1534 grauauit.

274 1561 317 1624 At
338 1559 516 1632 Pindarus,
539 1581 612 1622 cum
635 1559 668 1621 in
693 1557 869 1642 gymnasio
891 1577 992 1641 super
1016 1558 1176 1640 greruium
1206 1555 1314 1638 pueri,
1344 1559 1450 1637 quel,

109 1735 111 1764 ἶ
137 1669 281 1732 reunice
305 1664 538 1738 delectabatur,
563 1665 669 1748 capite
694 1662 800 1746 posito
830 1663 931 1746 quieti
960 1684 996 1724 se
1028 1661 1189 1732 dedisset,
1223 1681 1288 1722 tion
1316 1657 1408 1742 prius

109 1765 111 1770 ⁵
178 1773 372 1838 decessisse
401 1771 552 1856 cognitus
581 1779 631 1834 est
658 1790 757 1853 quarn
780 1767 1036 1855 gymnasiarcho
1064 1766 1216 1830 claudere
1244 1764 1311 1828 iam
1332 1783 1409 1828 eum
1504 1766 1507 1771 ’

177 1879 295 1942 locum
316 1877 446 1942 uolente
469 1877 689 1961 nequicquam
712 1875 916 1938 excitaretur.
968 1874 1028 1938 Oui
1057 1871 1190 1956 quidem
1214 1867 1409 1932 crediderim

180 1983 302 2048 eadem
325 1982 527 2066 benignitate
551 1981 686 2044 deorum
711 1991 742 2042 ct
765 1989 888 2054 tantrun
912 1980 1060 2062 poeticae
1088 1975 1264 2040 facundiae
1289 1985 1320 2036 et
1342 1982 1408 2036 tam

109 2165 110 2182 χ
180 2088 350 2176 placidum
374 2088 458 2150 uitae
483 2087 580 2152 tinem
605 2085 800 2150 attributum.

145 2218 172 2260 re
275 2193 368 2258 Sicut
384 2191 583 2256 Anacreonti
601 2201 742 2278 quoquc,
767 2169 863 2274 quem
883 2189 1036 2252 usitatum
1053 2188 1217 2252 humanae
1233 2187 1319 2249 uitae
1337 2189 1451 2252 mo·8.

183 2301 264 2364 dum
293 2317 561 2384 supergressum,
597 2297 675 2360 dum
707 2315 830 2380 passae
861 2315 945 2358 uuae
975 2317 1074 2378 succo
1103 2305 1216 2356 tenues
1246 2299 1279 2351 et
1307 2286 1409 2350 exiles

185 2475 210 2532 3.
231 2479 410 2541 philomenem
430 2473 465 2527 Ε.
476 2473 490 2542 ΙΙ
502 2476 590 2524 autem
610 2489 659 2525 om.
681 2471 709 2525 0.
721 2471 735 2538 ΙΙ
748 2470 772 2524 7.
792 2473 909 2522 hanelitu
928 2466 988 2520 Ac.
1000 2467 1014 2533 ΙΙ
1026 2467 1051 2518 8.
1074 2468 1261 2517 chacinnorum
1276 2477 1322 2530 pr.
1339 2460 1373 2513 A.
1385 2461 1400 2530 ΙΙ

186 2549 245 2600 seui
264 2549 362 2616 iegitur
373 2560 420 2614 pr.
439 2542 470 2596 A.
489 2547 575 2594 sutile
593 2547 673 2610 gutur
690 2540 725 2594 E.
737 2543 751 2610 Η
763 2541 953 2608 praegrauauit
973 2537 1049 2588 Torr.
1061 2535 1075 2600 ΙΙ
1088 2535 1113 2589 9.
1133 2539 1171 2586 rie
1190 2533 1226 2585 D.
1239 2533 1252 2599 ΙΙ
1270 2531 1313 2584 io.
1332 2532 1410 2582 unico

185 2617 221 2672 Ε.
242 2617 254 2686 ΙΙ
274 2633 304 2669 se
323 2617 404 2684 quieti
427 2613 461 2666 Ε.
478 2615 491 2682 ΙΙ
509 2613 551 2666 ii.
570 2612 805 2681 [gymnasiarcho]
824 2609 857 2662 A.
881 2609 1094 2678 gymnasiarcha
1120 2604 1196 2658 Terr.
1225 2600 1288 2661 Vel.
1304 2599 1342 2652 ad
1357 2599 1409 2660 ix,

189 2687 231 2746 10,
249 2693 300 2741 rai.
318 2685 343 2741 2.
354 2685 369 2753 ΙΙ
384 2681 423 2739 it.
443 2684 562 2751 uiolenta
580 2682 767 2750 nequicquam]
780 2679 812 2734 A.
824 2680 837 2747 ΙΙ
850 2679 967 2745 qnlidem
984 2706 1018 2714 -
1029 2673 1098 2742 (il.)
1112 2673 1219 2741 endem]
1233 2677 1266 2724 be
1286 2675 1292 2687 ⁸
1315 2671 1410 2737 uita[te

187 2788 221 2797 —
240 2758 307 2825 (14.)
326 2755 490 2822 attributum]
510 2753 541 2807 A.
554 2752 567 2820 ΙΙ
581 2752 621 2807 15.
640 2757 827 2806 anacreontem
845 2746 903 2810 (red
920 2747 1022 2799 litterae
1035 2764 1077 2797 cm
1088 2748 1117 2798 ia
1133 2752 1240 2799 roraret
1252 2741 1287 2796 D.
1329 2756 1409 2805 quern

188 2830 325 2895 usitatum]
345 2826 384 2879 ric
403 2824 433 2879 Γ.
454 2842 530 2891 quem
545 2828 586 2876 nis
600 2827 714 2875 stantum
730 2838 774 2889 pr.
787 2819 818 2872 A.
838 2836 916 2883 quem
932 2820 974 2869 bis
993 2822 1095 2868 tantum
1109 2816 1135 2869 ll
1153 2821 1260 2867 eteorr.
1279 2811 1310 2864 A.
1329 2826 1410 2875 quem

188 2905 229 2953 bis
247 2900 429 2952 tantammodo
448 2894 475 2949 C.
495 2898 618 2959 quamuis
637 2898 739 2945 tautum
759 2890 817 2952 (aed
835 2890 958 2953 quamuis
978 2888 1006 2939 ia
1024 2895 1131 2949 resurr)
1149 2884 1186 2939 D.
1211 2885 1334 2951 quamuis
1354 2885 1410 2944 eia:

189 2976 242 3023 tum
264 2969 341 3023 Terr.
352 2968 366 3035 ΙΙ
377 2971 484 3019 modum
503 2982 552 3019 em.
574 2963 635 3019 CD.
651 2964 662 3027 ΙΙ
681 2960 719 3015 iti.
740 2975 920 3031 supergresso
942 2956 1018 3011 Terr.
1034 2956 1046 3027 ΙΙ
1067 2956 1139 3023 dum]
1159 2978 1174 3006 a
1187 2977 1203 3005 a
1216 2976 1231 3006 a
1248 2952 1281 3007 A.
1298 2969 1349 3004 era.
1364 2965 1409 3019 pr.

189 3040 225 3096 D.
243 3059 322 3105 quem
343 3038 420 3093 Terr.
437 3038 448 3105 ΙΙ
465 3036 576 3103 passae]
592 3042 655 3103 pori
673 3050 742 3085 uuae
764 3030 839 3084 Torr.
859 3045 944 3095 passo
963 3027 999 3081 D.
1014 3027 1027 3097 ΙΙ
1042 3044 1108 3081 suco
1126 3024 1149 3076 A
1155 3024 1190 3077 ll.

190 3200 359 3268 designantia
388 3198 581 3247 usitatissimus
609 3198 659 3247 ast.
698 3195 755 3244 l'id.
785 3206 853 3257 qliae
887 3190 1013 3239 ednoiaui
1043 3189 1077 3235 ad
1109 3186 1146 3243 V,
1168 3181 1198 3240 d.
1229 3184 1282 3262 ext.
1306 3177 1338 3240 ⁵.
1365 3181 1411 3231 ubl

191 3262 619 3399 mittitrtittitii
632 3246 1249 3381 it·tlh2“inssistiillitati?
1263 3255 1411 3370 tnt‘tt

192 3427 268 3475 qnam
289 3410 315 3459 in
333 3409 385 3457 hoe
403 3406 534 3467 exemplo.
572 3402 730 3453 Demittendi
746 3402 857 3449 uerbum
876 3400 914 3448 ita
931 3414 991 3446 cnm
1011 3397 1128 3445 ablaiiuo
1147 3392 1297 3453 composuit
1309 3390 1410 3439 Colum.

192 3484 249 3539 xil,
267 3476 292 3530 8.
321 3478 396 3527 i’aris
415 3476 536 3526 nimirum
556 3474 623 3523 haee
642 3486 693 3523 non
716 3470 801 3521 semei
820 3484 869 3531 pro
887 3468 996 3517 arbitrio
1019 3481 1069 3515 suo
1094 3464 1128 3512 ad
1149 3462 1288 3527 uulgarem
1307 3458 1411 3509 dicendi

192 3566 309 3605 normam
328 3546 537 3599 transformanti.

260 3616 285 3673 ti.
305 3620 344 3670 Ci.
364 3618 472 3669 Lucian.
492 3617 609 3665 macrob.
627 3606 671 3663 25.
697 3609 818 3673 Appulei.
837 3608 920 3659 florid.
941 3602 982 3657 itt.
1001 3604 1074 3654 Suid.
1094 3620 1118 3652 u.
1138 3596 1276 3670 Φιλήμων.

260 3688 373 3743 reatris
389 3685 499 3754 spiritur
515 3682 651 3751 prouenit)
675 3683 702 3733 lu
728 3681 845 3747 uolgatis
869 3678 999 3739 exemplis
1018 3677 1156 3735 hueusque
1174 3670 1316 3737 legebatur
1329 3680 1410 3735 pree·

192 3761 322 3831 procesit,
340 3761 408 3825 qnod
428 3758 520 3809 nescio
538 3772 572 3809 an
591 3756 617 3805 in
630 3754 702 3803 nulio
715 3753 783 3801 libro
795 3749 976 3811 manuscripto
994 3743 1152 3800 inueniatur,
1172 3740 1320 3791 sententiae
1339 3740 1412 3790 certe

196 3834 335 3901 repugnem
354 3844 440 3892 neque
460 3830 529 3879 autre
548 3840 612 3879 esse
631 3827 732 3889 potest.
759 3824 787 3871 ut
804 3820 964 3885 opinabatur
982 3815 1111 3878 Kappius‚
1135 3813 1222 3861 ‘modo
1241 3809 1412 3859 concitatiore

196 3908 269 3958 ruodo
287 3903 442 3955 remissiore
460 3897 699 3963 spiritui’bilemou
717 3894 809 3961 guttur
828 3890 906 3940 nimis
916 3886 1057 3956 grauauit'.
1085 3883 1229 3931 Turranius
1242 3880 1412 3930 manifestam

198 3978 369 4029 coniecturam
392 3970 491 4021 codicis
516 3966 655 4021 barberini
677 3958 779 4015 santra·
801 3958 899 4027 spirita
918 3954 1041 4024 priuauit
1048 3953 1156 4003 iniuria
1173 3951 1299 4015 praefert.
1343 3950 1412 4001 Nam

198 4051 253 4099 iicet
272 4058 398 4109 perquam
418 4042 539 4091 contorta
558 4040 584 4087 et
602 4035 771 4087 obscurarit
789 4031 883 4084 oratio.
902 4031 992 4077 tamen
1010 4027 1137 4075 librorum
1149 4023 1281 4085 scriptura
1292 4022 1362 4071 bene
1380 4033 1412 4069 se

198 4121 282 4170 babet.
318 4114 455 4165 Sententia
473 4114 528 4165 est,
548 4123 631 4159 senex
650 4107 730 4157 nimio
750 4104 804 4154 risu
823 4102 914 4169 guttur
932 4100 1001 4147 adeo
1023 4096 1144 4147 onerauit
1167 4095 1196 4143 et
1212 4097 1349 4155 tamquam
1367 4103 1412 4139 sa·

198 4190 273 4241 lebria
291 4184 419 4248 impleuit.
439 4184 466 4232 ut
484 4182 510 4231 in
528 4181 561 4229 lis
580 4179 704 4229 haereret
722 4174 832 4238 spiritns
851 4172 879 4221 et
897 4168 1037 4233 respiratio
1055 4166 1234 4228 impediretur.

263 4256 288 4309 i.
307 4254 346 4306 ct.
365 4253 438 4304 Suid.
458 4249 591 4301 milirdo

263 4326 288 4381 8.
307 4326 345 4377 ci.
364 4326 429 4377 Piiu.
449 4322 508 4381 vii,
528 4319 559 4377 i.
584 4265 644 4383 llll
656 4312 700 4368 tt.
727 4315 800 4365 idem
824 4311 949 4377 Sophocli
972 4308 1105 4359 accidisse
1127 4306 1207 4355 tradit
1228 4302 1339 4351 Lueiao.
1356 4313 1412 4351 ma·

200 4395 336 4534 mb'qussrhr
354 4463 478 4517 matra
495 4461 622 4512 tamenne
646 4455 717 4507 altae
742 4450 856 4517 nodam)
885 4452 1002 4518 Vulgata
1026 4448 1151 4511 exempla
1173 4443 1242 4493 mira
1264 4436 1415 4492 constantia

201 4543 331 4604 hueusque
356 4536 499 4587 sernarunl
523 4533 605 4581 uerba
629 4544 647 4579 a
670 4526 765 4593 Pighio
788 4541 803 4576 e
828 4524 919 4573 codiee
944 4520 1126 4571 Wiucheiiano
1150 4513 1270 4578 pessime
1293 4510 1320 4558 in
1343 4508 1414 4559 huuc

202 4612 300 4663 molum
320 4607 476 4663 constituta,
501 4597 619 4668 quemme
641 4601 736 4648 atatam
759 4594 886 4646 tenuare
908 4590 981 4643 siim
1003 4586 1105 4639 nedem
1130 4593 1314 4649 superenne:
1341 4590 1415 4643 mem

193 4672 261 4733 'cane
280 4690 379 4745 emere
401 4688 478 4727 rucco
502 4677 590 4723 tenses
608 4694 641 4705 -·
661 4664 787 4732 reliquiar
805 4664 951 4732 sonarem.
996 4660 1025 4707 ln
1053 4657 1149 4720 quibus
1177 4654 1263 4703 iocum
1285 4662 1339 4698 non
1365 4648 1414 4697 tra·

203 4754 243 4807 tet
258 4750 320 4799 iilud
340 4744 467 4821 mereata
486 4742 556 4811 quod
576 4742 650 4790 assei
669 4737 776 4802 aliquid,
795 4738 819 4786 sl
838 4736 864 4785 in
883 4729 1052 4800 praecedeuti
1066 4724 1193 4793 ,exemplo
1212 4722 1334 4774 valeam
1351 4716 1414 4767 rn-
