3409 5400
325 533 369 598 70

324 695 371 759 ita
392 695 572 758 institutam
595 703 630 756 ut
652 713 670 754 e
693 691 819 756 Valerii
841 692 978 757 Maximi
1000 689 1148 755 historiis
1172 700 1204 752 et
1226 688 1267 753 A.
1280 688 1375 755 Gellii
1398 691 1526 755 noctibus

326 802 442 868 Atticis
472 801 604 865 alternis
632 801 760 864 uarient
783 810 950 884 excerpta,
981 820 1118 885 quornm
1146 785 1271 871 tamen,
1302 798 1446 882 quamuis
1470 819 1529 861 non

325 931 432 997 pauca
462 906 588 972 Valerii
618 907 754 972 Maximi
783 906 1036 993 amplectantur,
1073 905 1251 970 auctoritas
1278 905 1314 970 in
1347 903 1529 969 restituendo

323 1016 387 1081 hoc
411 1015 570 1100 scriptore
602 1025 758 1100 quantum
784 1015 895 1079 ualeat
917 1037 958 1078 ex
980 1014 1033 1088 iis,
1065 1035 1149 1100 quae
1171 1011 1217 1076 M.
1240 1011 1391 1076 Hertzius
1417 1035 1530 1077 meeum

324 1123 589 1196 communicauit,
620 1111 687 1185 non
711 1123 792 1187 satIs
817 1132 960 1196 constat,
996 1121 1158 1206 insignior
1188 1119 1309 1184 utilitas
1345 1131 1428 1182 certe
1453 1119 1533 1184 nulla

323 1231 454 1318 prodiit.
500 1227 704 1314 Magnopere
729 1251 806 1293 uero
837 1229 902 1293 alio
926 1226 1121 1312 compendio
1146 1225 1275 1290 adiutus
1303 1247 1390 1299 sum,
1417 1225 1532 1311 quode

325 1334 439 1399 codice
465 1333 615 1397 Gudiano
640 1356 671 1398 n.
699 1336 760 1400 led
790 1341 856 1420 (ap.
881 1334 989 1398 Ebert.
1014 1331 1110 1395 catal.
1134 1330 1210 1398 bibl
1235 1331 1340 1396 Guelf.
1364 1356 1396 1398 n.
1426 1333 1484 1397 303
1506 1343 1535 1393 et

325 1443 404 1518 388)
433 1440 639 1525 desumptum
669 1453 699 1505 et
731 1442 839 1506 littera
873 1440 907 1505 Γ
928 1450 1074 1504 notatum
1109 1440 1144 1502 iu
1181 1441 1338 1504 uarietate
1368 1441 1534 1525 scripturae

324 1550 487 1635 integrum
512 1546 657 1612 adhibui.
703 1548 900 1634 Excerptum
924 1548 1011 1610 enlm
1041 1545 1164 1610 elibro
1196 1568 1262 1610 non
1290 1548 1421 1611 infimae
1447 1559 1536 1610 notae

262 1678 267 1688 ·
323 1654 464 1720 necdum
486 1651 618 1719 foedato
641 1655 944 1742 interpolationibus
968 1653 1128 1740 falsisque
1148 1655 1365 1720 recentiorum
1379 1653 1539 1718 hominum

323 1762 530 1835 coniecturis
554 1783 628 1826 eum
652 1763 862 1828 abbreuiator
884 1783 951 1826 non
981 1764 1084 1826 nimia
1113 1783 1271 1826 resecans
1294 1761 1420 1826 Valerii
1444 1759 1540 1824 uerba

323 1869 514 1956 plerumque
538 1869 712 1943 retinuerit,
737 1870 815 1934 boni
839 1868 963 1934 codicis
986 1869 1093 1932 uicem
1116 1868 1249 1932 obtinet.
1294 1867 1450 1954 Reliquae
1476 1868 1540 1952 epi·

323 1987 430 2041 tomae
444 1997 465 2040 a
475 1995 528 2039 me
542 1986 598 2039 aut
609 1975 651 2039 ab
664 1975 738 2040 aliis
750 1978 928 2062 inspectae,
942 1976 1061 2062 quippe
1074 1995 1157 2062 quae
1171 1997 1238 2038 non
1249 1974 1334 2039 ultra
1344 1995 1432 2040 saec.
1453 1971 1542 2038 XIIII

322 2081 488 2156 recedant,
513 2083 646 2147 omnino
670 2082 789 2147 mdlius
803 2083 897 2168 pretii
921 2095 1007 2146 sunt.
1053 2083 1110 2146 Sic
1132 2081 1219 2156 illae,
1243 2103 1327 2169 quas
1339 2081 1543 2169 Ang.Maius

323 2190 465 2276 repperit
487 2190 522 2254 in
545 2188 618 2252 eod.
642 2187 718 2254 Vat.
747 2211 780 2254 n.
812 2189 899 2254 5817
931 2202 964 2252 et
990 2190 1025 2253 in
1055 2188 1207 2254 Ottobon.
1235 2211 1268 2252 n.
1299 2190 1400 2262 1876,
1428 2209 1544 2274 paruu-

322 2297 454 2382 lumque
483 2297 645 2380 epitomae
676 2297 916 2383 fragmentum,
955 2295 1043 2382 quod
1071 2306 1122 2358 est
1156 2295 1191 2358 iu
1219 2295 1293 2359 cod.
1322 2295 1485 2360 Guelferb.
1513 2317 1544 2360 n.

323 2403 400 2476 894,
423 2403 615 2488 inscriptum
637 2403 691 2466 Ec
712 2403 804 2466 libris
832 2404 952 2466 Valerii
974 2403 1112 2466 Maaimi
1133 2402 1324 2465 mirabilium
1345 2403 1498 2467 motorum
1519 2409 1549 2464 et

313 2509 477 2592 factorum
489 2513 523 2588 ¹),
547 2531 687 2595 quocum
712 2511 879 2575 artissime
903 2531 988 2574 nexu
1011 2508 1188 2574 cohaerere
1203 2509 1332 2572 uidetur
1348 2509 1437 2574 aliud
1460 2531 1549 2574 eom·

326 2615 481 2702 pendium
505 2615 623 2680 eodem
645 2617 744 2682 modo
761 2617 922 2704 incipiens
945 2639 998 2684 uu.
1017 2617 1158 2699 Sabpicio
1181 2617 1335 2680 medati
1351 2619 1435 2680 iuter
1449 2619 1553 2680 socri·

317 2724 479 2805 fiecadam
501 2726 610 2806 lepras
632 2746 713 2807 apae
735 2727 772 2789 de
783 2727 885 2807 capite
897 2738 957 2790 etc.
970 2726 1005 2789 in
1022 2724 1136 2788 codice
1156 2722 1553 2789 n.XGIIIIbIbliotl1ecae

326 2830 466 2893 ciuitatis
489 2827 685 2916 Lipsiensis,
709 2855 799 2898 saec.
818 2832 897 2897 XIII
920 2844 951 2895 et
973 2829 1065 2895 XIIII
1087 2843 1232 2903 exarato,
1257 2852 1354 2918 quem
1377 2831 1556 2915 descripsit

324 2934 500 3005 Naumann
524 2937 558 3001 in
581 2937 732 3026 catalogo
759 2940 840 3003 eius·
852 2936 998 3003 biblioth.
1011 2959 1043 3023 p.
1056 2938 1109 3011 29,
1132 2938 1205 3022 ipse
1229 2959 1296 3001 non
1317 2937 1397 3002 uidi.
1436 2937 1556 3023 Neque

324 3042 392 3109 alia
413 3044 497 3107 ratio
522 3054 572 3107 est
600 3044 752 3132 florilegii
782 3047 817 3110 in
840 3045 915 3113 cod.
937 3043 1046 3109 Vatic.
1071 3044 1174 3118 5114,
1203 3044 1260 3108 ubi
1291 3055 1445 3130 excerpta
1476 3046 1555 3108 fiunt

324 3172 342 3213 e
366 3147 511 3214 Valerio.
559 3148 657 3229 Quod
681 3152 767 3217 enim
791 3152 901 3217 Maius
925 3152 1041 3238 (praef.
1064 3174 1097 3238 p.
1120 3149 1245 3231 XXIII)
1274 3174 1315 3215 ex
1341 3148 1405 3216 hoc
1439 3151 1555 3215 codice

322 3256 480 3323 Ineditam
508 3256 604 3321 huius
636 3259 804 3344 scriptoris
834 3258 1027 3344 particulam
1051 3260 1179 3323 eruisse
1210 3258 1274 3322 sibi
1296 3259 1389 3323 tusus
1414 3269 1486 3329 est,
1520 3280 1555 3322 ea

323 3365 450 3451 integro
474 3362 552 3427 olim
575 3384 674 3449 opere
698 3363 917 3450 desumptam,
939 3364 1069 3429 fallitur.
1115 3364 1202 3429 Nam
1224 3386 1278 3429 uu.
1294 3367 1345 3429 sic
1366 3366 1414 3428 dii
1438 3367 1555 3447 spreti:

322 3472 449 3537 monitis
465 3470 706 3545 eecmdescuat,
726 3474 774 3535 sie
791 3474 927 3535 lamera
941 3474 1075 3536 consuta
1093 3474 1295 3553 castipantar,
1321 3472 1376 3537 abi
1397 3492 1434 3535 se
1460 3475 1554 3535 caele·

322 3578 423 3643 stibus
437 3578 632 3661 praesentat,
654 3600 738 3665 quae
758 3578 803 3643 ibi
821 3579 985 3664 excipiunt
1003 3578 1039 3643 L.
1063 3578 1147 3643 Iunii
1168 3578 1350 3664 exemplum
1372 3578 1411 3658 (I,
1426 3580 1461 3653 4,
1478 3580 1512 3653 3,
1531 3582 1554 3643 ir

320 3684 443 3749 lacuna
463 3684 538 3749 libri
561 3686 657 3772 primi
681 3684 832 3772 suppleta
855 3683 1037 3765 eParide),
1061 3708 1129 3749 non
1152 3684 1379 3751 desiderantur
1402 3686 1440 3749 in
1466 3686 1554 3751 libri:

322 3792 455 3865 nostris,
479 3804 513 3855 ut
536 3793 687 3877 opinatur
710 3794 760 3857 nir
777 3792 904 3867 doctus,
928 3792 988 3857 sed
1009 3791 1161 3878 leguntur
1183 3792 1281 3877 paulo
1305 3804 1382 3879 post
1404 3792 1433 3865 I,
1460 3793 1494 3865 u,
1526 3792 1544 3856 l

323 3895 378 3963 fin.
403 3906 434 3959 et
456 3896 556 3961 multo
580 3898 713 3985 quidem
737 3901 915 3963 correctius
937 3900 973 3963 in
996 3900 1127 3983 optImis
1159 3899 1342 3987 quibusque
1372 3898 1553 3964 codicibus

235 4188 242 4205 ·
322 4132 348 4179 et
371 4124 466 4193 nqeue
490 4125 567 4181 libris
590 4134 720 4199 meapte
765 4132 856 4183 Codex
880 4131 949 4183 alter
973 4131 1119 4182 Vaticanus
1144 4146 1170 4181 n.
1196 4126 1281 4190 3307,
1306 4133 1371 4183 Item
1395 4146 1479 4183 saec.
1507 4132 1552 4181 XI

322 4200 544 4251 membranaceus
564 4202 607 4251 est
625 4202 712 4252 forma
730 4202 903 4255 duodenaria.

389 4268 413 4335 Ι)
432 4270 870 4341 Incipiluu.8e1pitioaaccrdoti
892 4272 961 4325 iuter
977 4268 1180 4341 aamficandsm
1205 4272 1296 4341 lapsas
1320 4290 1388 4342 epea
1413 4272 1451 4325 de
1479 4275 1551 4341 cupi

321 4338 502 4395 maana
520 4340 633 4397 chanlit-
672 4346 711 4397 CI.
731 4346 790 4397 Vel.
814 4346 834 4405 1,
863 4342 887 4404 1,
910 4342 938 4396 4.
973 4344 1126 4410 Sequuntur
1149 4346 1246 4397 deiude
1271 4348 1412 4397 decurtata
1439 4347 1548 4397 eiusde

323 4415 418 4481 cepitis
438 4416 563 4479 exempla
580 4411 606 4475 5.
627 4410 668 4475 13,
688 4419 741 4469 ext.
759 4411 785 4468 3.
815 4433 873 4483 cap.
894 4418 917 4467 V
936 4418 970 4469 de
988 4418 1121 4467 ominibus
1139 4412 1173 4475 2,
1196 4412 1222 4476 3,
1241 4412 1268 4469 a
1296 4434 1355 4481 cap.
1375 4419 1413 4467 vl
1443 4420 1482 4467 de
1510 4434 1552 4481 pr·

323 4486 401 4554 digitu
421 4484 474 4536 ext.
492 4480 518 4542 2
538 4480 570 4541 ὃς
589 4488 658 4536 tum:
678 4486 732 4545 Qui
751 4484 787 4538 ed
799 4492 954 4539 eeaecmem
970 4484 1065 4538 celita
1074 4493 1255 4555 peremerant
1271 4485 1348 4555 dieat
1364 4485 1493 4539 iudicati
1513 4502 1550 4537 ea

317 4554 413 4622 puniri
431 4570 526 4623 eraque
539 4570 593 4623 pro
606 4572 678 4625 pena
696 4556 725 4608 ia
737 4558 853 4610 moriem
863 4557 944 4625 serre
961 4556 1029 4610 iussi
1045 4563 1107 4609 sest
1123 4556 1227 4609 concillo
1241 4558 1374 4626 potamio
1394 4556 1551 4610 censoribe

321 4623 412 4679 Auara
430 4641 568 4693 unquam
586 4624 672 4679 deerit
688 4643 770 4683 cauea
787 4628 911 4697 sapaudi.
932 4644 1002 4697 quse
1026 4632 1160 4693 pertinent
1177 4633 1213 4681 ad
1231 4632 1292 4683 vat.
1310 4632 1343 4690 11,
1362 4626 1389 4688 a
1415 4628 1442 4682 Ι.
1485 4632 1551 4680 Inte

321 4698 427 4761 poeltas
446 4700 541 4749 deinde
558 4699 673 4766 glossas
692 4703 824 4767 quasdam
844 4704 881 4753 ‘in
899 4703 1032 4753 canticum
1048 4702 1163 4752 Mil-iam·
1188 4704 1244 4754 alia
1268 4703 1406 4767 exeipitmt
1435 4717 1551 4766 exemp

322 4770 562 4833 excerptaeval.
580 4770 625 4831 111,
644 4766 670 4823 4.
707 4773 754 4833 IX,
779 4768 865 4837 lm.
903 4768 1112 4835 1X‚1‚ext3.
1148 4774 1215 4833 vm.
1236 4769 1278 4834 13,
1304 4776 1356 4827 ext
1381 4770 1396 4825 1
1418 4770 1504 4825 eta.
1527 4788 1551 4823 e·
