3409 5400
496 504 578 575 LIB.
601 502 643 581 11,
667 504 704 571 0.
727 506 759 584 e,
781 516 814 585 ς.
839 508 974 577 lli-G.
1000 512 1030 585 7,
1054 518 1083 587 ς.
1108 512 1139 579 3.
1353 516 1418 585 209

189 666 278 751 turpi
313 674 412 751 atque
445 664 673 731 erubescenda
705 670 836 733 sentina
864 670 1077 733 uacuefactus
1107 674 1265 737 exercitus
1295 686 1419 757 noster,

190 773 250 856 qui
272 771 373 856 paulo
397 782 472 835 ante
487 782 576 836 metu
598 775 714 837 mortis
729 774 870 838 deformi
894 796 930 838 se
947 774 1089 839 foederis
1105 776 1434 854 ietu'maculauerau,

190 888 305 941 erecta
325 888 358 941 et
378 890 526 943 recreata
548 880 663 943 uirtute
688 899 797 945 acrem
823 879 914 945 illam
943 892 974 944 et
998 883 1183 948 animosam
1205 882 1418 952 Numantiam
1439 863 1472 943 lt.

190 984 357 1049 incendiis
385 996 535 1050 exustam
566 986 737 1073 ruinisque
765 998 962 1072 prostratam
992 987 1064 1051 solo
1094 991 1256 1075 aequauit.
1306 990 1419 1078 Itaque

169 1090 367 1177 sneglcctae
396 1090 591 1177 disciplinae
619 1092 768 1157 militaris
797 1093 951 1161 indicium
974 1093 1121 1159 Mancini
1142 1096 1339 1162 miserabilis
1362 1099 1419 1162 de·

193 1196 288 1273 ditio,
310 1212 463 1265 seruatae
485 1220 613 1264 merces
635 1200 903 1284 speciosissimus
919 1200 1086 1285 Scipionis
1102 1202 1284 1287 triumphus
1310 1206 1419 1268 extitit.

284 1303 365 1369 llius
400 1316 525 1371 sectam
552 1304 702 1369 Metellus
737 1316 887 1380 secutus,
925 1328 1000 1370 cum
1037 1310 1211 1373 exercitum
1244 1312 1278 1374 in
1306 1310 1459 1377 Africa2.

193 1408 388 1497 Iugurthino
410 1411 495 1477 bello
519 1413 622 1476 nimia
644 1412 702 1497 Sp.
727 1410 839 1475 Albini
861 1410 1062 1497 indulgentia
1093 1426 1279 1501 corruptum
1302 1418 1419 1484 consul
1487 1402 1489 1408 ,

195 1518 399 1604 accepisset,
434 1518 585 1583 omnibus
618 1518 748 1603 imperii
781 1518 893 1581 neruis
929 1517 971 1580 ad
1003 1520 1227 1585 reuocandam
1260 1524 1418 1606 pristinae

158 1640 186 1681 ιο
194 1624 402 1709 disciplinam
417 1624 552 1689 militiae
569 1624 704 1688 conisus
721 1634 781 1687 cst.
817 1622 888 1686 Nec
902 1624 1052 1711 singulas
1069 1634 1179 1710 partes
1194 1626 1418 1711 adprehendit,

194 1730 256 1795 sed
282 1742 380 1796 totam
408 1731 561 1795 continuo
589 1732 625 1795 iu
652 1752 749 1795 suum
773 1740 893 1795 statum
915 1730 1052 1819 redegit..
1099 1730 1252 1796 Protinus
1276 1754 1419 1819 namque

194 1838 280 1904 lixas
313 1860 332 1900 e
367 1839 485 1903 castris
519 1836 686 1902 submouit
718 1837 893 1922 cibumque
929 1848 1055 1903 coctum
1093 1838 1244 1904 uenalem
1279 1840 1420 1924 proponi

194 1945 306 2008 uetuit
343 1943 381 2008 In
404 1946 537 2031 agmine
553 1937 718 2007 neminem
740 1944 879 2007 militum
902 1944 1080 2009 ministerio
1105 1967 1278 2011 seruorum
1292 1947 1418 2011 iumen-

196 2063 382 2137 torumque,
405 2061 441 2112 ut
463 2071 555 2113 arma
578 2072 641 2113 sua
664 2061 696 2112 ct
718 2048 874 2113 alimenta
895 2050 959 2135 ipsi
982 2051 1120 2125 ferrent,
1143 2054 1188 2115 uti
1212 2074 1334 2137 passus
1359 2066 1418 2117 est.

161 2176 187 2219 u
197 2156 387 2221 Castrorum
410 2154 550 2219 subinde
572 2156 849 2219 locummutauit.
895 2154 1039 2231 Eadem,
1070 2168 1238 2243 tamquam
1260 2157 1420 2243 Iugurtha

196 2284 327 2349 semper
356 2261 505 2335 adesset,
540 2260 627 2325 uallo
662 2262 820 2347 fossaque
856 2261 1024 2345 aptissimo
1059 2264 1166 2327 cinxit.
1222 2260 1309 2341 Quid
1338 2282 1474 2359 crgo!

196 2371 343 2433 restituta
371 2369 587 2442 continentia,
617 2367 696 2453 quid
724 2368 861 2452 repetita
887 2366 1049 2431 industria
1076 2364 1237 2451 proiecit?
1278 2366 1418 2430 Crebrae

196 2476 321 2540 scilieet
349 2475 505 2541 uictorias
530 2485 562 2537 et
588 2473 690 2539 multu
719 2472 879 2558 trophaea
906 2466 1031 2558 peperit
1062 2494 1101 2535 ex
1124 2493 1163 2533 oo
1186 2470 1297 2547 hoste,
1327 2473 1419 2537 cuius

196 2596 325 2668 tergum
360 2581 423 2645 sub
458 2580 632 2645 ambitioso
667 2583 864 2665 imperatore
899 2580 1049 2643 Romano
1084 2578 1176 2642 militi
1209 2578 1320 2643 uidem
1353 2600 1419 2643 non

159 2688 388 2776 recontigerat.
422 2699 426 2706 '

283 2793 376 2858 Bene
399 2798 498 2860 etiam
521 2793 567 2858 illi
586 2794 778 2880 disciplinae
801 2793 930 2857 militari
953 2792 1135 2871 adsuerunt,
1161 2796 1215 2882 qui
1238 2795 1419 2860 necessitu·
1430 2787 1460 2854 3·

196 2901 308 2966 dinum
351 2901 515 2988 perruptis
556 2900 697 2965 uinculis
733 2901 889 2965 ultionem
924 2898 1166 2986 uindictamque
1201 2901 1312 2968 laesae
1346 2925 1419 2968 cum

195 3011 382 3096 ignominia
403 3010 562 3072 domuum
585 3027 720 3072 suarum
744 3007 876 3092 exigere
899 3027 966 3068 non
991 3004 1227 3072 dubitauerunt
1273 3009 1358 3073 Nam
1381 3009 1419 3071 P.
1451 3075 1454 3082 ,

196 3115 349 3198 Rupilius
372 3109 489 3180 consul
511 3133 545 3176 eo
569 3113 657 3188 bello,
687 3115 768 3195 quod
796 3114 830 3177 iu
853 3114 966 3178 Sicilia
994 3133 1064 3178 cum
1076 3113 1232 3197 supitiuia
1251 3117 1357 3198 pessit,
1383 3115 1420 3188 Q.

198 3291 222 3344 l.
241 3295 336 3342 noster
359 3295 491 3344 exercitus
512 3289 589 3341 Torr-
606 3288 620 3356 ΙΙ
637 3286 663 3343 3.
687 3295 778 3343 erecte
801 3294 898 3342 uirtute
921 3293 1096 3356 recreataque
1123 3288 1199 3342 Torr.
1217 3289 1231 3357 ΙΙ
1248 3287 1273 3341 5.
1297 3292 1422 3340 manicini

193 3378 238 3430 pr.
257 3361 291 3414 Δ.
303 3362 317 3427 ΙΙ
329 3359 354 3412 8.
371 3365 505 3432 iugurtiuo
521 3361 554 3414 Δ.
568 3358 581 3430 ΙΙ
597 3364 676 3412 bellio
693 3360 731 3416 D.
742 3362 757 3430 ΙΙ
772 3360 811 3415 to.
830 3364 941 3412 militiae
960 3364 1127 3426 disciplinam
1149 3358 1180 3411 Γ.
1195 3360 1207 3428 ΙΙ
1222 3356 1331 3410 crinixus
1349 3358 1384 3410 Ε.
1396 3357 1409 3424 ΙΙ

196 3449 230 3484 ne
248 3432 286 3486 Ε.
298 3432 313 3499 ΙΙ
328 3428 368 3487 il.
385 3435 475 3501 suum}
492 3435 670 3500 portatorium
692 3431 769 3484 Torr.
787 3447 837 3482 suo
855 3432 891 3484 Ε.
906 3427 918 3501 ΙΙ
935 3429 974 3484 14.
989 3437 1016 3482 et
1035 3431 1171 3494 alimenta]
1191 3435 1255 3496 post
1271 3431 1371 3479 terrent
1389 3426 1420 3480 Γ.

208 3501 282 3572 illd.
300 3505 448 3570 tamquam]
468 3521 501 3554 ao
519 3501 582 3574 uu
598 3501 637 3555 18.
656 3506 770 3567 tropaea
787 3516 856 3554 coru.
875 3501 987 3569 A·ll2l·
1007 3496 1203 3563 Beue—(23.)
1214 3501 1283 3548 Nam
1292 3515 1340 3550 orn.
1353 3496 1380 3550 Γ
1378 3497 1411 3564 ,ΙΙ

194 3573 241 3631 2⁴3.
260 3577 330 3626 Nam
349 3605 385 3614 -
402 3577 495 3627 consui
514 3573 542 3624 ἐπ
560 3589 643 3640 usurp.
660 3571 692 3624 Α.
707 3575 720 3639 ΙΙ
735 3574 764 3623 P.
783 3573 915 3639 Rupilius]
936 3591 959 3625 c.
979 3575 1051 3622 cotta
1068 3569 1097 3620 ia
1114 3567 1255 3620 rasaraE.
1272 3585 1300 3632 p.
1319 3571 1422 3619 rutilius

196 3641 358 3706 BCDW)
382 3651 409 3697 et
430 3659 521 3712 taurea
544 3640 670 3714 ,41114
689 3643 812 3693 eobello
835 3671 871 3680 -
890 3644 929 3710 (p.
947 3639 1009 3702 2l0,
1028 3637 1066 3704 3.)
1092 3642 1120 3688 C.
1139 3641 1217 3692 Cotta
1237 3653 1286 3689 om.
1305 3635 1424 3692 BCEF

196 3725 224 3769 et
235 3733 283 3786 pr.
300 3715 368 3768 Au.

271 3873 298 3931 2.
317 3879 357 3929 ct.
371 3877 439 3929 Sati.
453 3877 511 3944 lag.
529 3869 659 3926 stetin
677 3873 769 3927 litent.
782 3877 859 3924 strat.
878 3873 935 3932 llll,
950 3868 973 3930 l,
987 3867 1012 3924 2.
1032 3871 1160 3936 Polyacn.
1172 3869 1240 3950 Vlll,
1253 3867 1294 3923 itt.
1312 3872 1421 3938 uunop.

270 4015 296 4071 ³.
315 4018 345 4070 P.
363 4017 498 4088 Rupilias)
515 4019 545 4070 P.
562 4018 695 4083 Rupilium
713 4033 774 4069 oum
793 4017 930 4066 consulem
943 4015 1105 4080 appellatum
1119 4013 1211 4073 titisse,
1232 4016 1275 4080 qui
1293 4015 1319 4065 in
1332 4016 1424 4066 Sicilia

199 4093 294 4142 contra
311 4091 441 4158 tingitiuos
457 4091 560 4141 bellurn
577 4090 673 4157 gessit,
692 4090 797 4140 constat
816 4103 831 4138 e
850 4089 928 4137 tastis
948 4087 1112 4150 Capitolinis.
1149 4087 1187 4136 Cf.
1207 4087 1279 4139 Gnrt.
1297 4089 1376 4140 inser.
1396 4105 1421 4151 p.

198 4159 262 4214 ΞΜ.
289 4161 356 4210 urst
378 4161 485 4230 collega
509 4162 538 4212 Ρ.
563 4161 668 4224 Popillii
691 4161 820 4210 Laenatis
839 4175 864 4210 a.
891 4175 916 4210 u.
935 4174 957 4212 c.
976 4153 1038 4208 622.
1075 4157 1128 4206 Sed
1147 4157 1247 4207 librarii
1265 4173 1317 4208 non
1336 4159 1423 4207 solum

199 4235 226 4283 ia
244 4233 347 4283 Valerii
365 4232 434 4296 (llll,
453 4231 480 4291 l,
501 4230 524 4282 1.
544 4233 588 4290 Vl,
607 4227 632 4288 il,
652 4228 678 4282 8.
697 4231 744 4289 IX,
765 4227 806 4286 12,
825 4230 878 4281 eat.
900 4227 943 4294 l.),
963 4244 1055 4278 uerum
1075 4229 1154 4278 eiiam
1174 4229 1200 4277 in
1219 4228 1331 4285 Paridis,
1351 4229 1424 4276 Cice·

200 4305 284 4358 renis,
302 4303 380 4360 Liuii,
399 4303 511 4353 aliorum
530 4303 666 4352 codicibus
685 4302 840 4350 constanter
857 4301 913 4350 lere
931 4301 1018 4350 notius
1037 4299 1125 4349 Rutilii
1143 4313 1239 4348 nomon
1257 4299 1344 4347 minus
1362 4298 1423 4344 trito

200 4374 404 4423 substituerunt.
447 4373 516 4423 Nam
539 4375 567 4423 ln
590 4373 733 4436 Nepotiani
758 4373 885 4434 epitome,
915 4386 984 4436 quac
1008 4373 1080 4420 recto
1098 4369 1230 4432 Rupilium
1249 4381 1317 4416 nunc
1335 4367 1423 4420 tradit,

201 4446 331 4494 editorem
348 4444 431 4494 tacite
449 4446 550 4494 codicis
567 4445 693 4493 mendum
712 4443 857 4491 sustulisse
876 4443 1005 4504 suspicor.
1042 4441 1098 4490 iam
1111 4443 1240 4488 bonorum
1261 4437 1384 4486 librorum
1398 4435 1425 4484 ct

200 4517 294 4578 procul
312 4516 393 4565 dubio
410 4516 493 4565 etiarn
504 4514 648 4566 tiernensis
667 4513 730 4562 ante
748 4529 828 4581 quam
841 4513 876 4561 ab
895 4513 1066 4561 emendatore
1078 4507 1282 4570 interpolaretur
1294 4506 1426 4567 scriptura

201 4589 261 4635 Μ
278 4587 364 4644 hm,
392 4583 461 4636 Nm
480 4600 509 4652 p.
533 4583 640 4636 rutilias
656 4597 727 4640 conr.
747 4581 922 4650 peantium
938 4579 1026 4649 filium
1046 4576 1213 4648 pecuniolam
1230 4573 1355 4640 ranem
1372 4571 1426 4624 sibi

200 4655 326 4707 must.
362 4657 506 4706 Exciderat
522 4658 602 4724 igitur
619 4657 646 4706 ln
668 4657 832 4720 archetypo,
857 4655 926 4718 quod
952 4667 985 4701 cx
1009 4655 1120 4714 utroquo
1146 4648 1244 4698 Valerii
1269 4647 1424 4708 compendio

201 4729 313 4794 pianum
332 4728 369 4790 tit,
388 4729 469 4778 huius
487 4728 603 4793 exempti
621 4727 708 4778 extus
720 4727 886 4790 proximique
904 4724 1004 4774 initium
1017 4721 1190 4789 neglegentia
1203 4719 1303 4768 uelocis
1315 4717 1425 4784 librarii,

1195 4805 1235 4870 14
