3409 5400
525 496 607 577 ΜΒ.
632 506 676 587 v,
700 506 737 575 ο.
761 510 793 587 a,
815 510 888 578 lixi.
911 518 942 589 s.
965 509 1064 579 244.
1340 520 1406 589 tue

79 712 81 751 :
182 690 345 755 persuasu
367 670 462 757 regni
484 670 583 737 modo
598 670 764 737 liberalius
781 681 908 748 auctus,
929 674 1123 739 memoriam
1139 675 1240 741 incliti
1261 682 1405 749 muneris

182 776 227 841 ad
249 775 396 841 ultimum
418 778 505 841 uitae
529 778 638 853 linem,
660 777 764 867 longa
778 779 876 845 etiam
892 803 913 845 a
928 780 981 845 dis
996 779 1223 846 inmortalibus
1239 794 1407 853 senectute

183 882 335 957 donatus,
359 884 628 951 constantissima
650 884 714 949 fide
738 886 902 970 perduxit,
930 886 1016 951 adeo
1043 897 1079 949 nt
1106 907 1185 950 eum
1209 910 1278 953 nou
1299 889 1407 957 solum

181 989 297 1053 Africa
325 988 386 1053 sed
416 991 514 1055 etiam
546 1002 682 1055 cunctae
712 1002 828 1079 gentes
861 994 982 1057 scirent
1010 992 1200 1058 amiciorem
1235 994 1407 1063 Corneliae

79 1152 80 1163 ,
152 1096 328 1163 ssamiliae
366 1106 464 1181 atque
494 1096 568 1161 urbi
597 1096 770 1165 Romanae
807 1120 906 1184 quam
921 1146 925 1155 .
938 1098 1076 1164 sibimet
1102 1106 1122 1175 i
1150 1102 1180 1164 si
1216 1122 1405 1186 superesse.

80 1288 81 1291 Ἴ
180 1201 248 1276 lile,
272 1222 347 1267 oum
371 1202 467 1289 graui
481 1201 805 1290 Karthaginiensium
822 1203 907 1268 beiio
931 1216 1131 1290 premeretur
1151 1227 1191 1270 ac
1211 1206 1268 1271 uix
1287 1206 1406 1273 tutelae

79 1366 80 1401 ᾗ
181 1308 310 1393 imperii
341 1308 392 1373 sui
423 1310 602 1383 sufficeret,
638 1319 748 1375 tamon
776 1311 927 1396 Scipioni
954 1311 1155 1386 Aemiliano,
1190 1312 1268 1398 quia
1299 1335 1405 1398 nepos

79 1472 84 1509 ἴ
182 1414 331 1479 Africani
360 1424 444 1489 erat,
477 1415 599 1481 bonam
626 1437 850 1503 magnamque
885 1429 1010 1502 partem
1041 1416 1207 1481 Numidici
1234 1421 1405 1493 exercitus,

181 1540 281 1607 quam
303 1520 438 1585 Lucullo
463 1520 607 1597 consuli,
634 1544 656 1585 a
679 1544 743 1607 quo
768 1522 811 1587 ad
835 1523 957 1587 arraiiia
981 1522 1123 1607 peteuda
1143 1522 1267 1587 niseus
1289 1524 1405 1599 marat,

142 1650 169 1696 to
179 1630 213 1691 in
226 1626 423 1712 Hispaniam
445 1628 588 1703 duceret,
611 1630 857 1715 promptissima
878 1640 987 1694 mente
1011 1627 1152 1705 tradidit,
1175 1631 1405 1717 praesentique

79 1794 81 1831 ¹
184 1800 207 1855 l.
227 1804 370 1871 persuasu]
396 1821 495 1869 persua
515 1822 559 1874 pr.
583 1804 615 1859 A.
640 1810 754 1872 parnasi,
771 1824 841 1861 corr.
866 1807 905 1862 A,
934 1804 1011 1859 Torr.
1034 1806 1124 1871 persei
1143 1800 1171 1858 P.
1191 1806 1206 1876 ll
1224 1808 1316 1875 regnis
1335 1800 1367 1856 Γ.
1378 1804 1393 1873 ΙΙ

79 1902 81 1921 ·
181 1878 261 1927 modo
279 1892 327 1928 em.
348 1874 379 1927 Γ.
393 1874 406 1947 ΙΙ
421 1878 529 1928 liberius
548 1876 756 1947 AGDiiKapp.
776 1882 884 1931 uberius
903 1875 932 1929 p,
952 1878 1097 1929 irlrsrallter
1114 1872 1223 1931 I'Torr.
1235 1876 1249 1945 ΙΙ
1265 1880 1342 1926 actus
1357 1890 1402 1944 pr.

80 2008 81 2013 ¹
181 1946 213 1997 A.
224 1946 238 2014 ΙΙ
250 1948 378 1998 memoria
395 1946 426 2001 A.
439 1948 452 2013 ΙΙ
464 1950 555 2014 inclyti
574 1963 643 2002 corr.
661 1949 693 2003 A.
705 1949 755 2016 112.
775 1954 818 2002 ion
841 1968 859 2001 a
875 1980 911 1991 -
936 1944 987 2013 (3.)
1010 1951 1124 1999 donatus
1148 1963 1198 2005 ora.
1217 1946 1248 2001 Γ.
1265 1946 1279 2015 ΙΙ
1296 1944 1322 2000 3.
1341 1962 1401 1999 eum

79 2018 80 2027 ’
181 2016 390 2085 om.pr.E.lll.
404 2021 567 2071 amictiorem
580 2018 611 2073 A.
631 2023 808 2073 utnicioiorem
855 2014 1302 2087 EF.115.si]ipsti'eeeorr.A,
1323 2015 1400 2072 Terr.

181 2091 233 2153 ipsi
257 2092 282 2141 si
300 2088 337 2141 D.
354 2090 368 2158 ΙΙ
385 2090 542 2156 superesse]
571 2089 611 2141 ric
634 2089 667 2141 A.
694 2094 852 2156 superesset
872 2088 996 2144 GDEF.
1025 2104 1133 2155 semper
1150 2103 1215 2143 esse
1232 2088 1265 2143 Γ.
1294 2105 1402 2153 semper

182 2162 266 2211 irrisae
288 2158 364 2213 Torr.
376 2158 389 2229 ΙΙ
401 2158 427 2215 ti.
446 2163 516 2213 bello
536 2163 754 2229 cartaginentium
774 2160 805 2213 F.
817 2160 831 2227 Η
848 2160 872 2213 i.
892 2164 934 2213 sui
952 2163 1056 2224 imperii
1073 2158 1132 2227 Fi
1151 2163 1271 2225 scipione
1290 2157 1326 2212 D.
1340 2157 1352 2226 ΙΙ
1367 2162 1402 2211 de

181 2232 323 2283 tremiliaco
343 2230 402 2297 (sed
419 2234 452 2283 de
466 2230 574 2299 punctis
590 2234 684 2297 noim.)
702 2231 735 2284 A,
753 2234 795 2283 die
813 2234 958 2284 aemiliano
976 2228 1004 2284 0.
1022 2230 1078 2299 118.
1096 2233 1218 2284 airmano
1235 2228 1358 2284 Aonii
1374 2231 1387 2299 ΙΙ

181 2299 206 2359 ii.
226 2303 317 2370 quam]
339 2319 408 2371 quae
425 2301 457 2355 A.
478 2306 506 2353 ut
522 2300 560 2356 D.
580 2318 657 2369 quem
680 2301 756 2355 Torr.

181 2464 320 2513 exaratum
338 2464 364 2513 in
384 2478 416 2514 eo
435 2464 516 2513 iuerit
532 2466 557 2513 ri
568 2477 671 2531 persae
688 2463 775 2530 repsi,
797 2464 959 2533 intellegitur
976 2462 1111 2513 excidisse
1128 2462 1246 2511 ultimam
1265 2460 1401 2526 syllabam

182 2535 256 2585 uocis
273 2548 419 2601 perram,
444 2535 522 2599 idque
541 2536 640 2585 iamin
658 2537 807 2601 archetypo
826 2536 917 2587 codice
935 2535 1035 2584 mium
1058 2546 1124 2583 esse
1141 2532 1306 2583 demonstrat
1322 2546 1400 2596 prae·

181 2607 291 2668 postera
315 2607 510 2656 abbreuiaioris
534 2606 735 2671 Guelierbytani
759 2608 911 2657 emendatio
933 2610 959 2656 et
977 2602 1069 2671 persei
1091 2601 1181 2669 repsi,
1209 2603 1270 2653 orta
1297 2617 1332 2653 es
1353 2603 1400 2653 iiio

176 2690 276 2742 persae
298 2676 380 2742 repsi.
426 2677 466 2726 Ab
492 2679 584 2727 eodem
610 2678 797 2729 subrentatore
819 2681 883 2742 post
906 2676 1040 2741 Scipionis
1063 2689 1161 2726 nomen
1182 2674 1317 2724 inculcata
1338 2673 1401 2724 suut

181 2749 258 2803 llaec.
278 2751 303 2798 ci
314 2745 490 2799 Romanorum
506 2746 632 2805 amidae.
652 2750 821 2814 qusoaiieua
839 2765 857 2798 a
874 2748 984 2810 reliquis
1003 2747 1148 2804 codicibus,
1166 2747 1216 2796 sed
1235 2761 1252 2793 a
1268 2745 1364 2812 Pighio
1382 2759 1399 2794 e

180 2819 334 2868 Caeciliano
353 2821 469 2882 recepta,
489 2823 644 2869 manserunt
662 2821 741 2869 etiam
760 2821 787 2869 ln
800 2819 965 2870 Turraniana
977 2817 1109 2880 exemplo.
1145 2817 1246 2868 Mansit
1259 2816 1322 2868 item
1333 2815 1398 2865 iliud

177 2887 288 2955 percari
309 2889 396 2956 requi,
421 2891 491 2956 quod
516 2893 551 2940 ab
570 2893 741 2943 emendatore
762 2891 822 2940 iibri
839 2889 986 2941 tiernensis
1004 2890 1150 2952 protectum
1168 2888 1332 2951 probauerat
1349 2887 1398 2936 Co·

182 2962 262 3018 ierus,
282 2977 341 3010 cum
360 2963 459 3021 tamen,
478 2963 506 3010 ut
525 2963 670 3012 concedam
683 2962 790 3012 Valerio
808 2963 930 3012 insolens
947 2962 975 3010 et
991 2959 1114 3012 interiore
1133 2960 1240 3009 demum
1256 2972 1327 3008 aeuo
1343 2956 1398 3006 usl-

181 3033 262 3080 tatum
282 3033 453 3088 uocabulum,
477 3032 669 3084 alienissimum
694 3035 729 3082 sit
753 3048 771 3083 a
794 3034 932 3097 proposito
955 3031 1084 3089 auctoris,
1112 3029 1243 3081 beneficia
1264 3027 1398 3090 Scipionis

180 3103 304 3152 laudibus
316 3103 476 3159 extollentis,
494 3104 659 3154 Masinissae
672 3105 807 3154 rittstatum
826 3119 938 3173 regnum
957 3103 1083 3152 donatum
1100 3114 1165 3150 esse
1177 3099 1237 3149 dici.
1274 3098 1325 3148 stit
1342 3099 1398 3147 alia

180 3175 350 3235 temptarunt,
364 3170 507 3238 perempti.
525 3173 661 3238 palari,
683 3176 835 3226 Perizonius
857 3189 886 3241 p.
904 3187 927 3224 r.
944 3170 1046 3239 (prepeti
1062 3167 1185 3229 soem)
1201 3167 1288 3226 im,
1312 3169 1398 3218 donec

181 3244 302 3306 ilappius
325 3243 482 3309 genuinam,
513 3247 541 3292 ut
566 3245 629 3295 mihi
652 3246 757 3310 quidem
775 3247 894 3303 uidetur,
923 3245 1082 3307 scripturam
1110 3240 1225 3303 recepit,
1252 3252 1307 3299 qus
1324 3241 1398 3288 recto

182 3316 234 3363 iam
254 3313 436 3375 explicauerat
453 3313 597 3364 'sorrenius
616 3317 762 3383 significari
779 3316 932 3378 Scipionem
949 3329 1002 3364 non
1021 3314 1109 3362 solum
1126 3311 1263 3361 auctorem
1281 3307 1398 3358 muneris

181 3386 252 3434 illins
271 3383 402 3440 extitisse,
422 3397 513 3432 uerum
531 3387 612 3434 etiam
631 3387 658 3434 in
676 3389 772 3436 senatu
791 3399 942 3436 strasorem.

252 3451 389 3504 liberalius
405 3456 507 3513 ascias)
531 3451 665 3513 Libertas,
690 3458 758 3520 quod
778 3457 886 3506 codices
910 3452 1083 3515 mantiscripti
1106 3451 1207 3500 tantum
1226 3461 1282 3497 nou
1303 3460 1398 3496 omnes

181 3525 367 3576 circumierunt
385 3527 412 3574 et
429 3525 571 3583 editiones,
591 3527 635 3575 ubi
654 3527 715 3576 sola
733 3525 901 3576 liberalitatis
919 3527 946 3572 et
963 3521 1158 3571 munificentiae
1176 3518 1310 3568 denotatio
1328 3517 1399 3567 desi·

182 3600 299 3652 deretur,
318 3596 380 3645 t'erri
398 3610 451 3646 rron
470 3597 566 3659 potest.
602 3597 697 3658 Neque
715 3597 795 3646 etiam
814 3597 840 3644 ln
859 3594 904 3644 illo
923 3592 1034 3660 Vergilii
1051 3606 1118 3658 geor
1138 3590 1186 3647 .1,
1206 3583 1267 3644 128,
1290 3600 1399 3706 Ἢ

182 3666 257 3719 telius
275 3665 370 3717 Omnia
388 3662 497 3716 literius
513 3665 583 3717 naue
596 3670 721 3734 poscente
733 3662 850 3732 serebat,
870 3665 940 3713 idem
959 3661 1095 3731 siguificat
1150 3657 1222 3710 crisa
1239 3660 1319 3722 nique
1351 3653 1358 3666 '

182 3737 274 3796 relies,
292 3735 403 3803 turpise.
422 3741 451 3788 nt
469 3738 604 3788 existimat
622 3737 811 3792 Foreellinins,
837 3737 886 3785 sed
904 3735 1002 3784 dictum
1020 3734 1064 3782 est
1080 3729 1217 3781 delibera
1233 3728 1401 3778 etlnooaeta

182 3814 269 3860 terrae
289 3809 433 3861 uoluntate.
469 3810 561 3874 itaque
580 3809 687 3864 omniuo
705 3809 752 3856 aut
768 3803 875 3857 adaias
895 3805 1039 3872 legendum
1059 3804 1115 3859 est,
1139 3802 1210 3880 quod
1233 3799 1401 3850 coniecerunt

182 3881 306 3932 librarius
325 3880 424 3932 codicis
444 3880 645 3945 Guelferbytaui
664 3877 774 3928 alterius
793 3880 820 3928 et
837 3877 1001 3933 Perizonius,
1020 3875 1067 3924 aut
1083 3868 1229 3930 ὶίὸεναὶω,
1247 3870 1318 3935 quod
1335 3869 1401 3920 miili

183 3952 297 4002 similius
314 3951 372 4000 ueri
391 3951 503 4000 uidetur.
538 3951 705 4015 Saepissime
723 3947 793 4000 enlm
812 3949 838 3998 in
857 3949 900 3998 his
918 3946 993 3996 libris
1004 3946 1181 4009 amhetypum
1198 3940 1349 4004 exemplum
1366 3954 1401 3990 eo

183 4023 356 4086 deprmratum
375 4024 442 4078 erat,
462 4024 531 4086 qnod
550 4023 651 4088 aliquot
668 4021 771 4078 litterae
790 4021 817 4068 ln
834 4019 931 4069 urediis
949 4017 1040 4067 uerbis
1056 4013 1251 4066 interciderant.

253 4107 330 4160 quest
347 4089 451 4142 sibimet
468 4095 484 4155 †
503 4091 529 4144 si
545 4097 700 4160 superesse.)
718 4091 853 4142 iiditiones
872 4089 935 4138 ante
946 4088 975 4136 Pi
996 4087 1068 4136 hium
1080 4085 1200 4136 amissae
1210 4079 1403 4150 qamddinet

182 4178 284 4230 semper
293 4160 400 4228 faisse,
420 4161 532 4230 Pighius
550 4179 627 4231 quom
648 4159 753 4213 sibimet
774 4158 827 4227 ipsi
844 4171 947 4226 semper
982 4155 1060 4207 sisse.
1100 4160 1176 4217 Quae
1193 4155 1298 4208 retenta
1314 4155 1343 4204 ia
1359 4167 1401 4203 rs-

183 4235 343 4286 eentioribus
362 4233 522 4284 editionibus
537 4249 589 4284 non
608 4235 708 4284 habent
726 4248 779 4295 quo
797 4229 943 4287 oileudaui,
962 4229 987 4279 si
1004 4228 1165 4278 sententiam
1182 4225 1359 4289 spectaueris,
1377 4223 1403 4271 si

182 4307 237 4358 ueri
258 4304 456 4354 similitudinem
476 4306 678 4362 emendationis,
696 4319 750 4354 non
774 4301 956 4359 satisfaciunt,
981 4313 1041 4348 eum
1058 4298 1163 4348 interim
1179 4310 1215 4346 ne
1231 4294 1403 4372 intellegatur

183 4378 287 4443 quidem
300 4387 433 4438 praesens
452 4379 558 4439 tempus
569 4382 681 4442 (seraper
695 4379 767 4434 eser)¹
778 4375 805 4424 in
817 4373 870 4422 hoc
881 4385 961 4427 nexu,
975 4365 1112 4436 perducit,
1131 4363 1198 4417 adro
1215 4365 1403 4415 sc-secest

182 4449 247 4498 Mihi
265 4447 373 4509 quidem
398 4461 451 4507 quo
470 4447 567 4496 diutius
590 4447 730 4496 considero
749 4443 848 4498 Valerii
872 4441 976 4493 dicendi
997 4439 1231 4493 consuetudinem,
1254 4448 1289 4484 eo
1311 4432 1403 4514 magis

183 4519 309 4583 probatur
329 4515 452 4567 Torreuii
476 4517 609 4580 suspicio,
634 4518 701 4566 iuter
726 4516 795 4566 alias
819 4515 974 4564 reluctanter
995 4511 1115 4576 prolata,
1143 4507 1249 4558 duobus
1272 4503 1404 4567 suppletis

183 4589 275 4639 litteris
289 4587 460 4638 scribendum
474 4601 537 4638 esse
549 4602 625 4654 mam
637 4583 740 4637 adimet
751 4581 803 4650 ipsi
813 4599 959 4650 saperem
973 4595 1060 4644 eoque
1071 4576 1218 4646 significari
1228 4572 1405 4624 Masinissam

183 4673 274 4728 regem
293 4660 327 4710 ad
350 4657 454 4708 unum
477 4659 594 4710 aetatem
617 4657 778 4721 produxisse
801 4658 883 4706 uitam
906 4657 934 4705 et
952 4654 1029 4719 quast
1047 4647 1220 4712 supersisam
1242 4657 1321 4728 estivi
1339 4643 1404 4692 ΜΙ-

184 4731 280 4784 ciorem
305 4730 364 4782 urbi
384 4729 524 4784 Romanae
543 4729 734 4794 Corneliaeque
757 4727 876 4780 familiae
899 4740 980 4791 quam
1003 4723 1110 4774 sibimet
1131 4719 1193 4784 ipsi.
1233 4715 1309 4768 'i'alts
1332 4713 1406 4768 certe
