<?xml version="1.0" encoding="UTF-8"?>
<!DOCTYPE html PUBLIC "-//W3C//DTD XHTML 1.0 Transitional//EN"
    "http://www.w3.org/TR/xhtml1/DTD/xhtml1-transitional.dtd">
<html xmlns="http://www.w3.org/1999/xhtml" xml:lang="en" lang="en">
 <head>
  <title>
</title>
<meta http-equiv="Content-Type" content="text/html;charset=utf-8" />
  <meta name='ocr-system' content='tesseract 3.04.00' />
  <meta name='ocr-capabilities' content='ocr_page ocr_carea ocr_par ocr_line ocrx_word'/>
</head>
<body>
  <div class='ocr_page' id='page_1' title='image "./valerimaximifac00parigoog_0127.png"; bbox 0 0 3409 5400; ppageno 0'>
   <div class='ocr_carea' id='block_1_1' title="bbox 285 486 1190 559">
    <p class='ocr_par' dir='ltr' id='par_1_1' title="bbox 285 486 1190 559">
     <span class='ocr_line' id='line_1_1' title="bbox 285 486 1190 559; baseline -0.004 0"><span class='ocrx_word' id='word_1_1' title='bbox 285 492 349 559; x_wconf 80' lang='lat'><strong>116</strong></span> <span class='ocrx_word' id='word_1_2' title='bbox 600 490 660 557; x_wconf 82' lang='lat' dir='ltr'><strong>Dii</strong></span> <span class='ocrx_word' id='word_1_3' title='bbox 683 486 923 558; x_wconf 74' lang='lat' dir='ltr'><strong>NEGLECTA&#39;</strong></span> <span class='ocrx_word' id='word_1_4' title='bbox 939 486 1190 557; x_wconf 80' lang='lat' dir='ltr'>RELIGIONE.</span> 
     </span>
    </p>
   </div>
   <div class='ocr_carea' id='block_1_2' title="bbox 219 648 1532 2131">
    <p class='ocr_par' dir='ltr' id='par_1_2' title="bbox 283 648 1490 952">
     <span class='ocr_line' id='line_1_2' title="bbox 284 648 1490 738; baseline -0.002 -20"><span class='ocrx_word' id='word_1_5' title='bbox 284 652 404 718; x_wconf 72' lang='lat' dir='ltr'><strong>oreimis</strong></span> <span class='ocrx_word' id='word_1_6' title='bbox 425 652 510 717; x_wconf 77' lang='lat' dir='ltr'><strong>iscis</strong></span> <span class='ocrx_word' id='word_1_7' title='bbox 532 672 672 738; x_wconf 87' lang='lat' dir='ltr'><strong>puerum</strong></span> <span class='ocrx_word' id='word_1_8' title='bbox 692 651 886 719; x_wconf 75' lang='lat' dir='ltr'>histrionem</span> <span class='ocrx_word' id='word_1_9' title='bbox 915 651 959 717; x_wconf 81' lang='lat' dir='ltr'><strong>sd</strong></span> <span class='ocrx_word' id='word_1_10' title='bbox 982 653 1117 718; x_wconf 80' lang='lat' dir='ltr'><strong>exuuias</strong></span> <span class='ocrx_word' id='word_1_11' title='bbox 1140 648 1300 717; x_wconf 81' lang='lat' dir='ltr'><strong>tenendus</strong></span> <span class='ocrx_word' id='word_1_12' title='bbox 1328 651 1490 737; x_wconf 78' lang='lat' dir='ltr'><strong>posuisset.</strong></span> 
     </span>
     <span class='ocr_line' id='line_1_3' title="bbox 283 756 1490 848; baseline -0.002 -24"><span class='ocrx_word' id='word_1_13' title='bbox 283 756 383 840; x_wconf 82' lang='lat' dir='ltr'><strong>Quod</strong></span> <span class='ocrx_word' id='word_1_14' title='bbox 404 758 527 825; x_wconf 81' lang='lat' dir='ltr'><strong>fectum</strong></span> <span class='ocrx_word' id='word_1_15' title='bbox 556 772 635 846; x_wconf 87' lang='lat' dir='ltr'><strong>post</strong></span> <span class='ocrx_word' id='word_1_16' title='bbox 661 759 786 848; x_wconf 81' lang='lat' dir='ltr'><strong>aliquot</strong></span> <span class='ocrx_word' id='word_1_17' title='bbox 814 780 921 825; x_wconf 79' lang='lat' dir='ltr'><strong>annos</strong></span> <span class='ocrx_word' id='word_1_18' title='bbox 944 759 1104 827; x_wconf 85' lang='lat' dir='ltr'><strong>memoris</strong></span> <span class='ocrx_word' id='word_1_19' title='bbox 1125 760 1308 846; x_wconf 80' lang='lat' dir='ltr'><strong>repetitum,</strong></span> <span class='ocrx_word' id='word_1_20' title='bbox 1336 758 1490 825; x_wconf 77' lang='lat' dir='ltr'><strong>sacrificiis</strong></span> 
     </span>
     <span class='ocr_line' id='line_1_4' title="bbox 283 867 531 952; baseline 0.008 -23"><span class='ocrx_word' id='word_1_21' title='bbox 283 867 448 952; x_wconf 77' lang='lat' dir='ltr'><strong>expiemrn</strong></span> <span class='ocrx_word' id='word_1_22' title='bbox 470 878 531 933; x_wconf 89' lang='lat' dir='ltr'><strong>est.</strong></span> 
     </span>
    </p>

    <p class='ocr_par' dir='ltr' id='par_1_3' title="bbox 222 968 1532 1807">
     <span class='ocr_line' id='line_1_5' title="bbox 222 968 1492 1063; baseline 0.002 -28"><span class='ocrx_word' id='word_1_23' title='bbox 222 968 273 1035; x_wconf 89' lang='grc'><strong>17.</strong></span> <span class='ocrx_word' id='word_1_24' title='bbox 371 973 531 1040; x_wconf 87' lang='lat' dir='ltr'><strong>Hercules</strong></span> <span class='ocrx_word' id='word_1_25' title='bbox 565 994 697 1061; x_wconf 91' lang='lat' dir='ltr'><strong>quoque</strong></span> <span class='ocrx_word' id='word_1_26' title='bbox 731 971 896 1039; x_wconf 80' lang='lat' dir='ltr'><strong>detractae</strong></span> <span class='ocrx_word' id='word_1_27' title='bbox 930 971 1100 1063; x_wconf 79' lang='lat' dir='ltr'><strong>religionis</strong></span> <span class='ocrx_word' id='word_1_28' title='bbox 1135 996 1217 1043; x_wconf 78' lang='lat' dir='ltr'><strong>suae</strong></span> <span class='ocrx_word' id='word_1_29' title='bbox 1249 986 1280 1041; x_wconf 89' lang='lat' dir='ltr'><strong>et</strong></span> <span class='ocrx_word' id='word_1_30' title='bbox 1308 992 1441 1063; x_wconf 78' lang='lat' dir='ltr'><strong>grauem</strong></span> <span class='ocrx_word' id='word_1_31' title='bbox 1466 983 1492 1038; x_wconf 91' lang='lat' dir='ltr'><strong>et</strong></span> 
     </span>
     <span class='ocr_line' id='line_1_6' title="bbox 282 1080 1513 1167; baseline 0.002 -20"><span class='ocrx_word' id='word_1_32' title='bbox 282 1082 492 1147; x_wconf 78' lang='lat' dir='ltr'><strong>manifestam</strong></span> <span class='ocrx_word' id='word_1_33' title='bbox 513 1102 657 1165; x_wconf 79' lang='lat' dir='ltr'><strong>poenam</strong></span> <span class='ocrx_word' id='word_1_34' title='bbox 680 1081 834 1167; x_wconf 83' lang='lat' dir='ltr'><strong>exegisse</strong></span> <span class='ocrx_word' id='word_1_35' title='bbox 857 1080 1001 1146; x_wconf 81' lang='lat' dir='ltr'><strong>traditur.</strong></span> <span class='ocrx_word' id='word_1_36' title='bbox 1046 1081 1134 1148; x_wconf 86' lang='lat' dir='ltr'><strong>Nem</strong></span> <span class='ocrx_word' id='word_1_37' title='bbox 1160 1104 1235 1149; x_wconf 86' lang='lat' dir='ltr'><strong>cum</strong></span> <span class='ocrx_word' id='word_1_38' title='bbox 1257 1080 1365 1147; x_wconf 88' lang='lat' dir='ltr'><strong>Potitii</strong></span> <span class='ocrx_word' id='word_1_39' title='bbox 1392 1100 1513 1150; x_wconf 75' lang='lat' dir='ltr'><strong>sucre-e</strong></span> 
     </span>
     <span class='ocr_line' id='line_1_7' title="bbox 281 1187 1493 1277; baseline 0.001 -24"><span class='ocrx_word' id='word_1_40' title='bbox 281 1210 355 1253; x_wconf 90' lang='lat' dir='ltr'><strong>rum</strong></span> <span class='ocrx_word' id='word_1_41' title='bbox 378 1189 450 1251; x_wconf 88' lang='lat' dir='ltr'><strong>eius</strong></span> <span class='ocrx_word' id='word_1_42' title='bbox 472 1188 579 1260; x_wconf 88' lang='lat' dir='ltr'><strong>ritum,</strong></span> <span class='ocrx_word' id='word_1_43' title='bbox 604 1208 701 1273; x_wconf 88' lang='lat' dir='ltr'><strong>quem</strong></span> <span class='ocrx_word' id='word_1_44' title='bbox 723 1208 784 1271; x_wconf 90' lang='lat' dir='ltr'><strong>pro</strong></span> <span class='ocrx_word' id='word_1_45' title='bbox 801 1187 890 1253; x_wconf 90' lang='lat' dir='ltr'><strong>dono</strong></span> <span class='ocrx_word' id='word_1_46' title='bbox 908 1190 996 1275; x_wconf 85' lang='lat' dir='ltr'><strong>genti</strong></span> <span class='ocrx_word' id='word_1_47' title='bbox 1019 1210 1133 1256; x_wconf 91' lang='lat' dir='ltr'><strong>eorum</strong></span> <span class='ocrx_word' id='word_1_48' title='bbox 1149 1188 1279 1276; x_wconf 86' lang='lat' dir='ltr'><strong>abipso</strong></span> <span class='ocrx_word' id='word_1_49' title='bbox 1295 1188 1493 1277; x_wconf 75' lang='lat' dir='ltr'><strong>adsignatum</strong></span> 
     </span>
     <span class='ocr_line' id='line_1_8' title="bbox 282 1292 1493 1383; baseline 0.001 -26"><span class='ocrx_word' id='word_1_50' title='bbox 282 1292 373 1357; x_wconf 90' lang='lat' dir='ltr'><strong>uelut</strong></span> <span class='ocrx_word' id='word_1_51' title='bbox 393 1292 626 1358; x_wconf 82' lang='lat' dir='ltr'><strong>hereditarium</strong></span> <span class='ocrx_word' id='word_1_52' title='bbox 643 1294 857 1379; x_wconf 75' lang='lat' dir='ltr'><strong>optinuerant,</strong></span> <span class='ocrx_word' id='word_1_53' title='bbox 882 1306 1014 1360; x_wconf 81' lang='lat' dir='ltr'><strong>auctore</strong></span> <span class='ocrx_word' id='word_1_54' title='bbox 1026 1295 1136 1383; x_wconf 89' lang='lat' dir='ltr'><strong>Appio</strong></span> <span class='ocrx_word' id='word_1_55' title='bbox 1159 1317 1297 1362; x_wconf 90' lang='lat' dir='ltr'><strong>censore</strong></span> <span class='ocrx_word' id='word_1_56' title='bbox 1320 1295 1364 1362; x_wconf 86' lang='lat' dir='ltr'><strong>ad</strong></span> <span class='ocrx_word' id='word_1_57' title='bbox 1380 1294 1493 1360; x_wconf 86' lang='lat' dir='ltr'><strong>humile</strong></span> 
     </span>
     <span class='ocr_line' id='line_1_9' title="bbox 283 1399 1493 1491; baseline 0.001 -26"><span class='ocrx_word' id='word_1_58' title='bbox 283 1420 456 1465; x_wconf 86' lang='lat' dir='ltr'><strong>seruorum</strong></span> <span class='ocrx_word' id='word_1_59' title='bbox 476 1399 692 1465; x_wconf 86' lang='lat' dir='ltr'><strong>ministerium</strong></span> <span class='ocrx_word' id='word_1_60' title='bbox 720 1402 976 1478; x_wconf 79' lang='lat' dir='ltr'><strong>transtulissent,</strong></span> <span class='ocrx_word' id='word_1_61' title='bbox 1004 1424 1135 1480; x_wconf 89' lang='lat' dir='ltr'><strong>omnes,</strong></span> <span class='ocrx_word' id='word_1_62' title='bbox 1165 1405 1220 1491; x_wconf 87' lang='lat' dir='ltr'><strong>qui</strong></span> <span class='ocrx_word' id='word_1_63' title='bbox 1249 1416 1342 1470; x_wconf 80' lang='lat' dir='ltr'><strong>erunt</strong></span> <span class='ocrx_word' id='word_1_64' title='bbox 1368 1422 1493 1469; x_wconf 89' lang='lat' dir='ltr'><strong>numero</strong></span> 
     </span>
     <span class='ocr_line' id='line_1_10' title="bbox 283 1506 1495 1597; baseline -0.001 -23"><span class='ocrx_word' id='word_1_65' title='bbox 283 1528 384 1593; x_wconf 82' lang='lat' dir='ltr'><strong>super</strong></span> <span class='ocrx_word' id='word_1_66' title='bbox 407 1507 547 1595; x_wconf 71' lang='lat' dir='ltr'><strong>triginta,</strong></span> <span class='ocrx_word' id='word_1_67' title='bbox 570 1506 712 1593; x_wconf 87' lang='lat' dir='ltr'><strong>puberes</strong></span> <span class='ocrx_word' id='word_1_68' title='bbox 734 1510 820 1573; x_wconf 83' lang='lat' dir='ltr'><strong>intre</strong></span> <span class='ocrx_word' id='word_1_69' title='bbox 841 1531 964 1575; x_wconf 79' lang='lat' dir='ltr'><strong>annum</strong></span> <span class='ocrx_word' id='word_1_70' title='bbox 988 1510 1116 1575; x_wconf 83' lang='lat' dir='ltr'><strong>extincti</strong></span> <span class='ocrx_word' id='word_1_71' title='bbox 1133 1522 1219 1587; x_wconf 81' lang='lat' dir='ltr'><strong>sunt,</strong></span> <span class='ocrx_word' id='word_1_72' title='bbox 1243 1508 1495 1597; x_wconf 89' lang='lat' dir='ltr'><strong>nomenquePo·</strong></span> 
     </span>
     <span class='ocr_line' id='line_1_11' title="bbox 281 1614 1532 1707; baseline 0.003 -30"><span class='ocrx_word' id='word_1_73' title='bbox 281 1614 386 1678; x_wconf 91' lang='lat' dir='ltr'><strong>titium</strong></span> <span class='ocrx_word' id='word_1_74' title='bbox 406 1615 444 1678; x_wconf 90' lang='lat' dir='ltr'><strong>in</strong></span> <span class='ocrx_word' id='word_1_75' title='bbox 464 1614 638 1679; x_wconf 88' lang='lat' dir='ltr'><strong>duodecim</strong></span> <span class='ocrx_word' id='word_1_76' title='bbox 659 1615 803 1681; x_wconf 74' lang='lat' dir='ltr'><strong>insilias</strong></span> <span class='ocrx_word' id='word_1_77' title='bbox 826 1614 970 1684; x_wconf 88' lang='lat' dir='ltr'><strong>diuisum</strong></span> <span class='ocrx_word' id='word_1_78' title='bbox 992 1638 1096 1705; x_wconf 87' lang='lat' dir='ltr'><strong>prope</strong></span> <span class='ocrx_word' id='word_1_79' title='bbox 1118 1620 1245 1698; x_wconf 88' lang='lat' dir='ltr'><strong>interiit,</strong></span> <span class='ocrx_word' id='word_1_80' title='bbox 1272 1620 1401 1707; x_wconf 88' lang='lat' dir='ltr'><strong>Appius</strong></span> <span class='ocrx_word' id='word_1_81' title='bbox 1423 1636 1532 1682; x_wconf 78' lang='lat' dir='ltr'><strong>ueruto</strong></span> 
     </span>
     <span class='ocr_line' id='line_1_12' title="bbox 280 1720 679 1807; baseline 0.01 -22"><span class='ocrx_word' id='word_1_82' title='bbox 280 1720 456 1786; x_wconf 89' lang='lat' dir='ltr'><strong>luminibus</strong></span> <span class='ocrx_word' id='word_1_83' title='bbox 480 1732 596 1807; x_wconf 82' lang='lat' dir='ltr'><strong>ceptus</strong></span> <span class='ocrx_word' id='word_1_84' title='bbox 621 1734 679 1790; x_wconf 88' lang='lat' dir='ltr'><strong>est.</strong></span> 
     </span>
    </p>

    <p class='ocr_par' dir='ltr' id='par_1_4' title="bbox 219 1816 1500 2131">
     <span class='ocr_line' id='line_1_13' title="bbox 219 1816 1500 1921; baseline 0.004 -32"><span class='ocrx_word' id='word_1_85' title='bbox 219 1816 270 1889; x_wconf 82' lang='grc'><strong>18.</strong></span> <span class='ocrx_word' id='word_1_86' title='bbox 371 1827 458 1893; x_wconf 86' lang='lat' dir='ltr'><strong>Acer</strong></span> <span class='ocrx_word' id='word_1_87' title='bbox 488 1830 586 1895; x_wconf 85' lang='lat' dir='ltr'><strong>etiem</strong></span> <span class='ocrx_word' id='word_1_88' title='bbox 609 1830 661 1894; x_wconf 90' lang='lat' dir='ltr'><strong>sui</strong></span> <span class='ocrx_word' id='word_1_89' title='bbox 684 1831 826 1895; x_wconf 90' lang='lat' dir='ltr'><strong>numinis</strong></span> <span class='ocrx_word' id='word_1_90' title='bbox 855 1831 976 1896; x_wconf 86' lang='lat' dir='ltr'><strong>uindex</strong></span> <span class='ocrx_word' id='word_1_91' title='bbox 1003 1828 1138 1917; x_wconf 80' lang='lat' dir='ltr'><strong>Apollo,</strong></span> <span class='ocrx_word' id='word_1_92' title='bbox 1172 1834 1228 1921; x_wconf 91' lang='lat' dir='ltr'><strong>qui</strong></span> <span class='ocrx_word' id='word_1_93' title='bbox 1255 1830 1455 1920; x_wconf 77' lang='lat' dir='ltr'><strong>Karthagine</strong></span> <span class='ocrx_word' id='word_1_94' title='bbox 1480 1852 1500 1894; x_wconf 85' lang='lat' dir='ltr'><strong>e</strong></span> 
     </span>
     <span class='ocr_line' id='line_1_14' title="bbox 282 1933 1500 2027; baseline 0.001 -28"><span class='ocrx_word' id='word_1_95' title='bbox 282 1933 443 2000; x_wconf 78' lang='lat' dir='ltr'><strong>Romanis</strong></span> <span class='ocrx_word' id='word_1_96' title='bbox 473 1956 637 2022; x_wconf 82' lang='lat' dir='ltr'><strong>oppresse</strong></span> <span class='ocrx_word' id='word_1_97' title='bbox 664 1947 756 2000; x_wconf 87' lang='lat' dir='ltr'><strong>ueste</strong></span> <span class='ocrx_word' id='word_1_98' title='bbox 785 1957 888 2003; x_wconf 79' lang='lat' dir='ltr'><strong>aurea</strong></span> <span class='ocrx_word' id='word_1_99' title='bbox 916 1936 1058 2003; x_wconf 83' lang='lat' dir='ltr'><strong>nudatus</strong></span> <span class='ocrx_word' id='word_1_100' title='bbox 1086 1938 1121 2003; x_wconf 91' lang='lat' dir='ltr'><strong>id</strong></span> <span class='ocrx_word' id='word_1_101' title='bbox 1149 1942 1232 2027; x_wconf 84' lang='lat' dir='ltr'><strong>egit,</strong></span> <span class='ocrx_word' id='word_1_102' title='bbox 1261 1952 1297 2006; x_wconf 90' lang='lat' dir='ltr'><strong>ut</strong></span> <span class='ocrx_word' id='word_1_103' title='bbox 1323 1936 1500 2025; x_wconf 77' lang='lat' dir='ltr'><strong>sacrilegae</strong></span> 
     </span>
     <span class='ocr_line' id='line_1_15' title="bbox 282 2042 1240 2131; baseline 0.003 -22"><span class='ocrx_word' id='word_1_104' title='bbox 282 2064 402 2109; x_wconf 82' lang='lat' dir='ltr'><strong>manus</strong></span> <span class='ocrx_word' id='word_1_105' title='bbox 424 2042 507 2109; x_wconf 89' lang='lat' dir='ltr'><strong>inter</strong></span> <span class='ocrx_word' id='word_1_106' title='bbox 530 2042 716 2131; x_wconf 82' lang='lat' dir='ltr'><strong>fragmenta</strong></span> <span class='ocrx_word' id='word_1_107' title='bbox 737 2044 809 2108; x_wconf 73' lang='lat' dir='ltr'><strong>eires</strong></span> <span class='ocrx_word' id='word_1_108' title='bbox 833 2042 986 2126; x_wconf 77' lang='lat' dir='ltr'><strong>abscisse</strong></span> <span class='ocrx_word' id='word_1_109' title='bbox 1008 2047 1240 2113; x_wconf 89' lang='lat' dir='ltr'><strong>inuenirentur.</strong></span> 
     </span>
    </p>
   </div>
   <div class='ocr_carea' id='block_1_3' title="bbox 282 2376 1502 2527">
    <p class='ocr_par' dir='ltr' id='par_1_5' title="bbox 282 2376 1502 2527">
     <span class='ocr_line' id='line_1_16' title="bbox 285 2376 1502 2453; baseline 0 -16"><span class='ocrx_word' id='word_1_110' title='bbox 285 2376 309 2437; x_wconf 86' lang='lat' dir='ltr'><strong>i.</strong></span> <span class='ocrx_word' id='word_1_111' title='bbox 329 2382 457 2435; x_wconf 73' lang='lat' dir='ltr'><strong>excubias</strong></span> <span class='ocrx_word' id='word_1_112' title='bbox 476 2376 599 2436; x_wconf 75' lang='lat' dir='ltr'><strong><em>ABDE</em></strong></span> <span class='ocrx_word' id='word_1_113' title='bbox 616 2384 643 2435; x_wconf 80' lang='lat' dir='ltr'><strong>et</strong></span> <span class='ocrx_word' id='word_1_114' title='bbox 662 2396 733 2435; x_wconf 82' lang='lat' dir='ltr'><strong>eurr.</strong></span> <span class='ocrx_word' id='word_1_115' title='bbox 753 2378 783 2436; x_wconf 77' lang='grc'><strong>0.</strong></span> <span class='ocrx_word' id='word_1_116' title='bbox 801 2385 914 2436; x_wconf 76' lang='lat' dir='ltr'><strong>exubiae</strong></span> <span class='ocrx_word' id='word_1_117' title='bbox 924 2398 969 2452; x_wconf 85' lang='lat' dir='ltr'><strong>pr.</strong></span> <span class='ocrx_word' id='word_1_118' title='bbox 983 2382 1012 2437; x_wconf 86' lang='grc'><strong>0.</strong></span> <span class='ocrx_word' id='word_1_119' title='bbox 1024 2378 1075 2453; x_wconf 73' lang='grc'><strong>777.</strong></span> <span class='ocrx_word' id='word_1_120' title='bbox 1093 2386 1194 2453; x_wconf 76' lang='lat' dir='ltr'><strong>aliquot</strong></span> <span class='ocrx_word' id='word_1_121' title='bbox 1207 2398 1257 2439; x_wconf 74' lang='lat' dir='ltr'><strong>om.</strong></span> <span class='ocrx_word' id='word_1_122' title='bbox 1268 2382 1304 2439; x_wconf 78' lang='grc' dir='ltr'><strong>Ε.</strong></span> <span class='ocrx_word' id='word_1_123' title='bbox 1316 2382 1330 2453; x_wconf 84' lang='grc' dir='ltr'><strong>ΙΙ</strong></span> <span class='ocrx_word' id='word_1_124' title='bbox 1342 2382 1367 2438; x_wconf 99' lang='grc'><strong>7.</strong></span> <span class='ocrx_word' id='word_1_125' title='bbox 1385 2386 1502 2450; x_wconf 85' lang='lat' dir='ltr'><strong>optinue-</strong></span> 
     </span>
     <span class='ocr_line' id='line_1_17' title="bbox 282 2452 1441 2527; baseline 0.002 -21"><span class='ocrx_word' id='word_1_126' title='bbox 282 2457 344 2509; x_wconf 87' lang='lat' dir='ltr'><strong>runt</strong></span> <span class='ocrx_word' id='word_1_127' title='bbox 351 2454 387 2508; x_wconf 83' lang='grc' dir='ltr'><strong>Ε.</strong></span> <span class='ocrx_word' id='word_1_128' title='bbox 398 2454 412 2525; x_wconf 81' lang='grc' dir='ltr'>Η</span> <span class='ocrx_word' id='word_1_129' title='bbox 426 2452 466 2509; x_wconf 78' lang='lat'><strong>12.</strong></span> <span class='ocrx_word' id='word_1_130' title='bbox 485 2456 548 2524; x_wconf 83' lang='lat' dir='ltr'><strong>quis</strong></span> <span class='ocrx_word' id='word_1_131' title='bbox 555 2452 592 2509; x_wconf 78' lang='grc' dir='ltr'><strong>Ε.</strong></span> <span class='ocrx_word' id='word_1_132' title='bbox 603 2454 617 2525; x_wconf 82' lang='grc' dir='ltr'><strong>ΙΙ</strong></span> <span class='ocrx_word' id='word_1_133' title='bbox 631 2452 671 2508; x_wconf 88' lang='grc'><strong>74.</strong></span> <span class='ocrx_word' id='word_1_134' title='bbox 689 2457 759 2508; x_wconf 78' lang='lat' dir='ltr'><strong>intre</strong></span> <span class='ocrx_word' id='word_1_135' title='bbox 767 2452 804 2507; x_wconf 92' lang='lat' dir='ltr'><strong>D.</strong></span> <span class='ocrx_word' id='word_1_136' title='bbox 815 2453 829 2523; x_wconf 85' lang='grc' dir='ltr'><strong>ΙΙ</strong></span> <span class='ocrx_word' id='word_1_137' title='bbox 842 2457 983 2508; x_wconf 75' lang='lat' dir='ltr'><strong>abscissae</strong></span> <span class='ocrx_word' id='word_1_138' title='bbox 998 2453 1076 2509; x_wconf 79' lang='lat' dir='ltr'><strong>Torr.</strong></span> <span class='ocrx_word' id='word_1_139' title='bbox 1094 2461 1120 2509; x_wconf 81' lang='lat' dir='ltr'><strong>et</strong></span> <span class='ocrx_word' id='word_1_140' title='bbox 1132 2461 1196 2527; x_wconf 81' lang='lat' dir='ltr'><strong>pust</strong></span> <span class='ocrx_word' id='word_1_141' title='bbox 1210 2459 1389 2511; x_wconf 84' lang='lat' dir='ltr'><strong>inuenircutur</strong></span> <span class='ocrx_word' id='word_1_142' title='bbox 1405 2454 1441 2511; x_wconf 82' lang='grc' dir='ltr'><strong>Ε.</strong></span> 
     </span>
    </p>
   </div>
   <div class='ocr_carea' id='block_1_4' title="bbox 233 2807 1526 4514">
    <p class='ocr_par' dir='ltr' id='par_1_6' title="bbox 283 2807 1512 3522">
     <span class='ocr_line' id='line_1_18' title="bbox 285 2807 1505 2878; baseline -0.001 -13"><span class='ocrx_word' id='word_1_143' title='bbox 285 2815 314 2865; x_wconf 89' lang='lat' dir='ltr'><strong>et</strong></span> <span class='ocrx_word' id='word_1_144' title='bbox 331 2807 454 2865; x_wconf 67' lang='lat' dir='ltr'><strong>esee</strong></span> <span class='ocrx_word' id='word_1_145' title='bbox 470 2826 519 2878; x_wconf 90' lang='lat' dir='ltr'><strong>pro</strong></span> <span class='ocrx_word' id='word_1_146' title='bbox 538 2808 654 2866; x_wconf 67' lang='lat' dir='ltr'><strong>euim.</strong></span> <span class='ocrx_word' id='word_1_147' title='bbox 671 2811 750 2865; x_wconf 88' lang='lat' dir='ltr'><strong>Prius</strong></span> <span class='ocrx_word' id='word_1_148' title='bbox 768 2813 894 2865; x_wconf 85' lang='lat' dir='ltr'><strong>mendum</strong></span> <span class='ocrx_word' id='word_1_149' title='bbox 913 2813 1019 2865; x_wconf 87' lang='lat' dir='ltr'><strong>sustulit</strong></span> <span class='ocrx_word' id='word_1_150' title='bbox 1037 2813 1163 2864; x_wconf 80' lang='lat' dir='ltr'><strong>Sehottus</strong></span> <span class='ocrx_word' id='word_1_151' title='bbox 1182 2828 1198 2866; x_wconf 88' lang='lat' dir='ltr'><strong>e</strong></span> <span class='ocrx_word' id='word_1_152' title='bbox 1216 2827 1266 2865; x_wconf 90' lang='lat' dir='ltr'><strong>suo</strong></span> <span class='ocrx_word' id='word_1_153' title='bbox 1283 2811 1384 2866; x_wconf 75' lang='lat' dir='ltr'><strong>velerit</strong></span> <span class='ocrx_word' id='word_1_154' title='bbox 1402 2813 1505 2872; x_wconf 85' lang='lat' dir='ltr'><strong>codiee,</strong></span> 
     </span>
     <span class='ocr_line' id='line_1_19' title="bbox 283 2885 1508 2953; baseline -0.002 -16"><span class='ocrx_word' id='word_1_155' title='bbox 283 2887 356 2937; x_wconf 81' lang='lat' dir='ltr'><strong>hund</strong></span> <span class='ocrx_word' id='word_1_156' title='bbox 376 2886 454 2935; x_wconf 87' lang='lat' dir='ltr'><strong>dubie</strong></span> <span class='ocrx_word' id='word_1_157' title='bbox 473 2888 591 2936; x_wconf 88' lang='lat' dir='ltr'><strong>correcto</strong></span> <span class='ocrx_word' id='word_1_158' title='bbox 610 2901 626 2936; x_wconf 93' lang='lat' dir='ltr'><strong>e</strong></span> <span class='ocrx_word' id='word_1_159' title='bbox 643 2886 787 2953; x_wconf 73' lang='lat' dir='ltr'><strong>marginali</strong></span> <span class='ocrx_word' id='word_1_160' title='bbox 804 2887 984 2937; x_wconf 67' lang='lat' dir='ltr'><strong>additamento</strong></span> <span class='ocrx_word' id='word_1_161' title='bbox 1003 2887 1102 2937; x_wconf 86' lang='lat' dir='ltr'><strong>codicis</strong></span> <span class='ocrx_word' id='word_1_162' title='bbox 1119 2887 1263 2946; x_wconf 76' lang='lat' dir='ltr'><strong>Beruens,</strong></span> <span class='ocrx_word' id='word_1_163' title='bbox 1289 2887 1401 2936; x_wconf 76' lang='lat' dir='ltr'><strong>sitorum</strong></span> <span class='ocrx_word' id='word_1_164' title='bbox 1419 2885 1508 2936; x_wconf 86' lang='lat' dir='ltr'><strong>Periz.</strong></span> 
     </span>
     <span class='ocr_line' id='line_1_20' title="bbox 284 2957 1508 3022; baseline -0.002 -13"><span class='ocrx_word' id='word_1_165' title='bbox 284 2957 477 3013; x_wconf 75' lang='lat' dir='ltr'><strong>econiecture.</strong></span> <span class='ocrx_word' id='word_1_166' title='bbox 496 2958 525 3005; x_wconf 94' lang='lat' dir='ltr'><strong>ut</strong></span> <span class='ocrx_word' id='word_1_167' title='bbox 543 2957 654 3008; x_wconf 87' lang='lat' dir='ltr'><strong>uidetur.</strong></span> <span class='ocrx_word' id='word_1_168' title='bbox 696 2959 858 3008; x_wconf 82' lang='lat' dir='ltr'><strong>Coniirmsnt</strong></span> <span class='ocrx_word' id='word_1_169' title='bbox 881 2971 973 3008; x_wconf 89' lang='lat' dir='ltr'><strong>eorum</strong></span> <span class='ocrx_word' id='word_1_170' title='bbox 998 2958 1135 3022; x_wconf 78' lang='lat' dir='ltr'><strong>opiniones</strong></span> <span class='ocrx_word' id='word_1_171' title='bbox 1155 2957 1302 3017; x_wconf 75' lang='lat' dir='ltr'><strong>Laetentii,</strong></span> <span class='ocrx_word' id='word_1_172' title='bbox 1328 2957 1372 3022; x_wconf 91' lang='lat' dir='ltr'><strong>qui</strong></span> <span class='ocrx_word' id='word_1_173' title='bbox 1394 2957 1465 3007; x_wconf 79' lang='lat' dir='ltr'><strong>hese</strong></span> <span class='ocrx_word' id='word_1_174' title='bbox 1490 2969 1508 3006; x_wconf 85' lang='lat' dir='ltr'><strong>e</strong></span> 
     </span>
     <span class='ocr_line' id='line_1_21' title="bbox 283 3027 1507 3092; baseline 0 -12"><span class='ocrx_word' id='word_1_175' title='bbox 283 3028 392 3080; x_wconf 83' lang='lat' dir='ltr'><strong>Vsterio</strong></span> <span class='ocrx_word' id='word_1_176' title='bbox 411 3028 567 3092; x_wconf 84' lang='lat' dir='ltr'><strong>descripsit,</strong></span> <span class='ocrx_word' id='word_1_177' title='bbox 593 3027 708 3086; x_wconf 85' lang='lat' dir='ltr'><strong>codices,</strong></span> <span class='ocrx_word' id='word_1_178' title='bbox 728 3027 790 3078; x_wconf 90' lang='lat' dir='ltr'><strong>licet</strong></span> <span class='ocrx_word' id='word_1_179' title='bbox 810 3029 837 3078; x_wconf 88' lang='lat' dir='ltr'><strong>et</strong></span> <span class='ocrx_word' id='word_1_180' title='bbox 852 3029 908 3092; x_wconf 89' lang='lat' dir='ltr'><strong>ipsi</strong></span> <span class='ocrx_word' id='word_1_181' title='bbox 924 3043 978 3078; x_wconf 92' lang='lat' dir='ltr'><strong>non</strong></span> <span class='ocrx_word' id='word_1_182' title='bbox 1000 3029 1132 3079; x_wconf 89' lang='lat' dir='ltr'><strong>immunes</strong></span> <span class='ocrx_word' id='word_1_183' title='bbox 1156 3031 1192 3078; x_wconf 79' lang='lat' dir='ltr'><strong>sb</strong></span> <span class='ocrx_word' id='word_1_184' title='bbox 1211 3030 1345 3080; x_wconf 86' lang='lat' dir='ltr'><strong>erroribus</strong></span> <span class='ocrx_word' id='word_1_185' title='bbox 1368 3031 1507 3087; x_wconf 69' lang='lat' dir='ltr'><strong>anteum</strong></span> 
     </span>
     <span class='ocr_line' id='line_1_22' title="bbox 284 3095 1510 3167; baseline -0.002 -17"><span class='ocrx_word' id='word_1_186' title='bbox 284 3103 400 3150; x_wconf 68' lang='lat' dir='ltr'><strong>testeam</strong></span> <span class='ocrx_word' id='word_1_187' title='bbox 423 3097 485 3164; x_wconf 88' lang='lat' dir='ltr'><strong>eto.)</strong></span> <span class='ocrx_word' id='word_1_188' title='bbox 511 3100 537 3149; x_wconf 86' lang='lat' dir='ltr'><strong>ot</strong></span> <span class='ocrx_word' id='word_1_189' title='bbox 555 3113 624 3148; x_wconf 92' lang='lat' dir='ltr'><strong>nunc</strong></span> <span class='ocrx_word' id='word_1_190' title='bbox 642 3099 779 3164; x_wconf 88' lang='lat' dir='ltr'><strong>inprimis</strong></span> <span class='ocrx_word' id='word_1_191' title='bbox 804 3099 938 3164; x_wconf 82' lang='lat' dir='ltr'><strong>epitomes</strong></span> <span class='ocrx_word' id='word_1_192' title='bbox 962 3099 1066 3150; x_wconf 74' lang='lat' dir='ltr'><strong>Paridis</strong></span> <span class='ocrx_word' id='word_1_193' title='bbox 1090 3097 1162 3167; x_wconf 76' lang='lat' dir='ltr'><strong>(quia</strong></span> <span class='ocrx_word' id='word_1_194' title='bbox 1186 3113 1244 3150; x_wconf 69' lang='lat' dir='ltr'><strong>mm</strong></span> <span class='ocrx_word' id='word_1_195' title='bbox 1270 3095 1346 3152; x_wconf 70' lang='lat' dir='ltr'><strong>utor</strong></span> <span class='ocrx_word' id='word_1_196' title='bbox 1374 3096 1510 3149; x_wconf 75' lang='lat' dir='ltr'><strong>circenses</strong></span> 
     </span>
     <span class='ocr_line' id='line_1_23' title="bbox 284 3163 1510 3238; baseline -0.001 -18"><span class='ocrx_word' id='word_1_197' title='bbox 284 3167 380 3221; x_wconf 78' lang='lat' dir='ltr'><strong>sedilis</strong></span> <span class='ocrx_word' id='word_1_198' title='bbox 397 3165 499 3223; x_wconf 77' lang='lat' dir='ltr'><strong>ederet,</strong></span> <span class='ocrx_word' id='word_1_199' title='bbox 521 3166 551 3219; x_wconf 80' lang='lat' dir='ltr'><strong>s&#39;s</strong></span> <span class='ocrx_word' id='word_1_200' title='bbox 567 3163 641 3221; x_wconf 74' lang='lat' dir='ltr'><strong>Iouis</strong></span> <span class='ocrx_word' id='word_1_201' title='bbox 658 3172 731 3220; x_wconf 69' lang='lat' dir='ltr'><strong>ursa</strong></span> <span class='ocrx_word' id='word_1_202' title='bbox 748 3166 860 3221; x_wconf 63' lang='lat' dir='ltr'><strong>nimiae</strong></span> <span class='ocrx_word' id='word_1_203' title='bbox 869 3168 979 3235; x_wconf 76' lang='lat' dir='ltr'><strong>somus</strong></span> <span class='ocrx_word' id='word_1_204' title='bbox 990 3183 1104 3238; x_wconf 79' lang='lat' dir='ltr'><strong>puerum</strong></span> <span class='ocrx_word' id='word_1_205' title='bbox 1120 3165 1271 3222; x_wconf 60' lang='lat' dir='ltr'><strong>theim</strong></span> <span class='ocrx_word' id='word_1_206' title='bbox 1289 3166 1327 3220; x_wconf 81' lang='lat' dir='ltr'><strong>orl</strong></span> <span class='ocrx_word' id='word_1_207' title='bbox 1343 3167 1452 3220; x_wconf 65' lang='lat' dir='ltr'><strong>mustos</strong></span> <span class='ocrx_word' id='word_1_208' title='bbox 1471 3172 1510 3219; x_wconf 84' lang='lat' dir='ltr'><strong>ts·</strong></span> 
     </span>
     <span class='ocr_line' id='line_1_24' title="bbox 283 3237 1512 3309; baseline -0.003 -17"><span class='ocrx_word' id='word_1_209' title='bbox 283 3237 383 3292; x_wconf 77' lang='lat' dir='ltr'><strong>sendus</strong></span> <span class='ocrx_word' id='word_1_210' title='bbox 399 3238 569 3307; x_wconf 71' lang='lat' dir='ltr'><strong>imposuerat)</strong></span> <span class='ocrx_word' id='word_1_211' title='bbox 592 3242 620 3291; x_wconf 88' lang='lat' dir='ltr'><strong>et</strong></span> <span class='ocrx_word' id='word_1_212' title='bbox 642 3240 759 3290; x_wconf 77' lang='lat' dir='ltr'><strong>leonorii</strong></span> <span class='ocrx_word' id='word_1_213' title='bbox 782 3241 924 3305; x_wconf 72' lang='lat' dir='ltr'><strong>Nepotiani</strong></span> <span class='ocrx_word' id='word_1_214' title='bbox 946 3245 986 3301; x_wconf 89' lang='lat' dir='ltr'><strong>(eo</strong></span> <span class='ocrx_word' id='word_1_215' title='bbox 1011 3237 1081 3309; x_wconf 76' lang='lat' dir='ltr'><strong>quod</strong></span> <span class='ocrx_word' id='word_1_216' title='bbox 1097 3255 1210 3308; x_wconf 78' lang='lat' dir='ltr'><strong>puerum</strong></span> <span class='ocrx_word' id='word_1_217' title='bbox 1232 3238 1454 3308; x_wconf 73' lang='lat' dir='ltr'><strong>speciosissimum</strong></span> <span class='ocrx_word' id='word_1_218' title='bbox 1478 3237 1512 3288; x_wconf 76' lang='lat' dir='ltr'><strong>is</strong></span> 
     </span>
     <span class='ocr_line' id='line_1_25' title="bbox 284 3307 1511 3379; baseline -0.002 -17"><span class='ocrx_word' id='word_1_219' title='bbox 284 3307 357 3362; x_wconf 80' lang='lat' dir='ltr'><strong>louis</strong></span> <span class='ocrx_word' id='word_1_220' title='bbox 374 3314 447 3361; x_wconf 80' lang='lat' dir='ltr'><strong>tesso</strong></span> <span class='ocrx_word' id='word_1_221' title='bbox 462 3309 614 3379; x_wconf 77' lang='lat' dir='ltr'><strong>pessimi).</strong></span> <span class='ocrx_word' id='word_1_222' title='bbox 654 3311 774 3362; x_wconf 84' lang='lat' dir='ltr'><strong>Tcnsem</strong></span> <span class='ocrx_word' id='word_1_223' title='bbox 797 3311 905 3362; x_wconf 86' lang='lat' dir='ltr'><strong>Sinnius</strong></span> <span class='ocrx_word' id='word_1_224' title='bbox 927 3313 1020 3376; x_wconf 78' lang='lat' dir='ltr'><strong>Cupito</strong></span> <span class='ocrx_word' id='word_1_225' title='bbox 1045 3327 1089 3378; x_wconf 86' lang='lat' dir='ltr'><strong>ep.</strong></span> <span class='ocrx_word' id='word_1_226' title='bbox 1108 3311 1217 3363; x_wconf 76' lang='lat' dir='ltr'><strong>Festum</strong></span> <span class='ocrx_word' id='word_1_227' title='bbox 1239 3328 1267 3376; x_wconf 89' lang='lat' dir='ltr'><strong>p.</strong></span> <span class='ocrx_word' id='word_1_228' title='bbox 1290 3307 1344 3366; x_wconf 79' lang='grc'><strong>364</strong></span> <span class='ocrx_word' id='word_1_229' title='bbox 1368 3313 1401 3362; x_wconf 91' lang='grc'><strong>0.</strong></span> <span class='ocrx_word' id='word_1_230' title='bbox 1428 3311 1511 3362; x_wconf 79' lang='lat' dir='ltr'><strong>ntuli.</strong></span> 
     </span>
     <span class='ocr_line' id='line_1_26' title="bbox 284 3382 1512 3448; baseline -0.001 -15"><span class='ocrx_word' id='word_1_231' title='bbox 284 3385 322 3433; x_wconf 81' lang='lat' dir='ltr'><strong>sit</strong></span> <span class='ocrx_word' id='word_1_232' title='bbox 348 3383 439 3432; x_wconf 81' lang='lat' dir='ltr'><strong>uoueri</strong></span> <span class='ocrx_word' id='word_1_233' title='bbox 461 3383 626 3441; x_wconf 87' lang='lat' dir='ltr'><strong>uehiculum,</strong></span> <span class='ocrx_word' id='word_1_234' title='bbox 655 3398 707 3448; x_wconf 93' lang='lat' dir='ltr'><strong>quo</strong></span> <span class='ocrx_word' id='word_1_235' title='bbox 732 3383 846 3433; x_wconf 78' lang='lat' dir='ltr'><strong>exuuiae</strong></span> <span class='ocrx_word' id='word_1_236' title='bbox 871 3385 981 3434; x_wconf 89' lang='lat' dir='ltr'><strong>deorum</strong></span> <span class='ocrx_word' id='word_1_237' title='bbox 1003 3384 1111 3434; x_wconf 83' lang='lat' dir='ltr'><strong>ludicris</strong></span> <span class='ocrx_word' id='word_1_238' title='bbox 1136 3385 1299 3434; x_wconf 85' lang='lat' dir='ltr'><strong>circensibus</strong></span> <span class='ocrx_word' id='word_1_239' title='bbox 1324 3383 1358 3432; x_wconf 83' lang='lat' dir='ltr'><strong>sd</strong></span> <span class='ocrx_word' id='word_1_240' title='bbox 1381 3382 1512 3447; x_wconf 72' lang='lat' dir='ltr'><strong>puluinar</strong></span> 
     </span>
     <span class='ocr_line' id='line_1_27' title="bbox 285 3449 1283 3522; baseline 0 -18"><span class='ocrx_word' id='word_1_241' title='bbox 285 3456 424 3506; x_wconf 86' lang='lat' dir='ltr'><strong>uehuntur.</strong></span> <span class='ocrx_word' id='word_1_242' title='bbox 461 3454 500 3503; x_wconf 83' lang='lat' dir='ltr'><strong>Ci.</strong></span> <span class='ocrx_word' id='word_1_243' title='bbox 518 3455 570 3504; x_wconf 84' lang='lat' dir='ltr'><strong>Cic.</strong></span> <span class='ocrx_word' id='word_1_244' title='bbox 589 3454 616 3504; x_wconf 92' lang='lat' dir='ltr'><strong>in</strong></span> <span class='ocrx_word' id='word_1_245' title='bbox 633 3452 709 3504; x_wconf 84' lang='lat' dir='ltr'><strong>Verr.</strong></span> <span class='ocrx_word' id='word_1_246' title='bbox 727 3454 759 3512; x_wconf 84' lang='lat' dir='ltr'><strong>V,</strong></span> <span class='ocrx_word' id='word_1_247' title='bbox 780 3449 823 3504; x_wconf 75' lang='grc'><strong>72.</strong></span> <span class='ocrx_word' id='word_1_248' title='bbox 850 3453 923 3504; x_wconf 87' lang='lat' dir='ltr'><strong>Suet.</strong></span> <span class='ocrx_word' id='word_1_249' title='bbox 947 3453 1016 3522; x_wconf 82' lang='lat' dir='ltr'><strong>Aug.</strong></span> <span class='ocrx_word' id='word_1_250' title='bbox 1033 3449 1083 3514; x_wconf 63' lang='lat'><strong>435</strong></span> <span class='ocrx_word' id='word_1_251' title='bbox 1102 3454 1138 3504; x_wconf 91' lang='lat' dir='ltr'><strong>id.</strong></span> <span class='ocrx_word' id='word_1_252' title='bbox 1155 3456 1239 3520; x_wconf 86' lang='lat' dir='ltr'><strong>Vesp.</strong></span> <span class='ocrx_word' id='word_1_253' title='bbox 1256 3450 1283 3505; x_wconf 80' lang='lat'><strong>5.</strong></span> 
     </span>
    </p>

    <p class='ocr_par' dir='ltr' id='par_1_7' title="bbox 283 3520 1521 4014">
     <span class='ocr_line' id='line_1_28' title="bbox 357 3520 1514 3586; baseline -0.004 -9"><span class='ocrx_word' id='word_1_254' title='bbox 357 3523 399 3577; x_wconf 88' lang='grc'><strong>77.</strong></span> <span class='ocrx_word' id='word_1_255' title='bbox 417 3525 457 3575; x_wconf 76' lang='lat' dir='ltr'><strong>(ii.</strong></span> <span class='ocrx_word' id='word_1_256' title='bbox 474 3525 534 3575; x_wconf 83' lang='lat' dir='ltr'><strong>Llu.</strong></span> <span class='ocrx_word' id='word_1_257' title='bbox 551 3525 599 3583; x_wconf 82' lang='lat' dir='ltr'><strong>lx,</strong></span> <span class='ocrx_word' id='word_1_258' title='bbox 617 3520 661 3576; x_wconf 74' lang='lat'><strong>29.</strong></span> <span class='ocrx_word' id='word_1_259' title='bbox 688 3525 766 3576; x_wconf 90' lang='lat' dir='ltr'><strong>Dion.</strong></span> <span class='ocrx_word' id='word_1_260' title='bbox 783 3525 845 3576; x_wconf 76' lang='lat' dir='ltr'><strong>Hel.</strong></span> <span class='ocrx_word' id='word_1_261' title='bbox 863 3525 884 3583; x_wconf 86' lang='lat' dir='ltr'><strong>l,</strong></span> <span class='ocrx_word' id='word_1_262' title='bbox 902 3521 945 3576; x_wconf 89' lang='grc'><strong>40.</strong></span> <span class='ocrx_word' id='word_1_263' title='bbox 964 3526 1084 3576; x_wconf 77' lang='lat' dir='ltr'><strong>Macrob.</strong></span> <span class='ocrx_word' id='word_1_264' title='bbox 1103 3525 1159 3576; x_wconf 82' lang='lat' dir='ltr'><strong>Set.</strong></span> <span class='ocrx_word' id='word_1_265' title='bbox 1178 3520 1268 3586; x_wconf 66' lang='lat' dir='ltr'><strong>HLO.</strong></span> <span class='ocrx_word' id='word_1_266' title='bbox 1296 3523 1419 3576; x_wconf 78' lang='lat' dir='ltr'><strong>Sermetd</strong></span> <span class='ocrx_word' id='word_1_267' title='bbox 1438 3521 1514 3574; x_wconf 82' lang='lat' dir='ltr'><strong>Aen.</strong></span> 
     </span>
     <span class='ocr_line' id='line_1_29' title="bbox 284 3590 1513 3664; baseline -0.002 -17"><span class='ocrx_word' id='word_1_268' title='bbox 284 3598 354 3656; x_wconf 86' lang='lat' dir='ltr'><strong>Vlll,</strong></span> <span class='ocrx_word' id='word_1_269' title='bbox 380 3591 438 3647; x_wconf 81' lang='lat' dir='ltr'><strong>liti.</strong></span> <span class='ocrx_word' id='word_1_270' title='bbox 464 3594 540 3646; x_wconf 76' lang='lat' dir='ltr'><strong>Auci.</strong></span> <span class='ocrx_word' id='word_1_271' title='bbox 558 3598 593 3646; x_wconf 90' lang='lat' dir='ltr'><strong>de</strong></span> <span class='ocrx_word' id='word_1_272' title='bbox 610 3598 658 3646; x_wconf 89' lang='lat' dir='ltr'><strong>uir.</strong></span> <span class='ocrx_word' id='word_1_273' title='bbox 674 3596 712 3646; x_wconf 89' lang='lat' dir='ltr'><strong>ill.</strong></span> <span class='ocrx_word' id='word_1_274' title='bbox 731 3590 776 3647; x_wconf 75' lang='lat' dir='ltr'><strong>tt.</strong></span> <span class='ocrx_word' id='word_1_275' title='bbox 802 3598 837 3646; x_wconf 89' lang='lat' dir='ltr'><strong>de</strong></span> <span class='ocrx_word' id='word_1_276' title='bbox 855 3597 923 3664; x_wconf 78' lang='lat' dir='ltr'><strong>orig.</strong></span> <span class='ocrx_word' id='word_1_277' title='bbox 946 3598 1019 3664; x_wconf 85' lang='lat' dir='ltr'><strong>gent.</strong></span> <span class='ocrx_word' id='word_1_278' title='bbox 1037 3598 1112 3648; x_wconf 87' lang='lat' dir='ltr'><strong>Rom.</strong></span> <span class='ocrx_word' id='word_1_279' title='bbox 1135 3593 1162 3648; x_wconf 82' lang='grc'><strong>8.</strong></span> <span class='ocrx_word' id='word_1_280' title='bbox 1188 3597 1264 3647; x_wconf 82' lang='lat' dir='ltr'><strong>Lset.</strong></span> <span class='ocrx_word' id='word_1_281' title='bbox 1297 3597 1335 3656; x_wconf 88' lang='lat'><strong>11,</strong></span> <span class='ocrx_word' id='word_1_282' title='bbox 1360 3591 1378 3647; x_wconf 86' lang='grc'>8</span> <span class='ocrx_word' id='word_1_283' title='bbox 1400 3609 1428 3660; x_wconf 87' lang='lat' dir='ltr'><strong>p.</strong></span> <span class='ocrx_word' id='word_1_284' title='bbox 1457 3591 1513 3646; x_wconf 88' lang='grc'><strong>747</strong></span> 
     </span>
     <span class='ocr_line' id='line_1_30' title="bbox 283 3661 1513 3732; baseline -0.002 -14"><span class='ocrx_word' id='word_1_285' title='bbox 283 3669 409 3718; x_wconf 81' lang='lat' dir='ltr'><strong>Dutrcsm</strong></span> <span class='ocrx_word' id='word_1_286' title='bbox 431 3667 505 3718; x_wconf 77' lang='lat' dir='ltr'><strong>rest</strong></span> <span class='ocrx_word' id='word_1_287' title='bbox 528 3683 554 3718; x_wconf 91' lang='lat' dir='ltr'><strong>u.</strong></span> <span class='ocrx_word' id='word_1_288' title='bbox 581 3669 704 3718; x_wconf 79' lang='lat' dir='ltr'><strong>Potitium</strong></span> <span class='ocrx_word' id='word_1_289' title='bbox 725 3682 753 3732; x_wconf 91' lang='lat' dir='ltr'><strong>p.</strong></span> <span class='ocrx_word' id='word_1_290' title='bbox 776 3661 839 3719; x_wconf 75' lang='lat'><strong>237.</strong></span> <span class='ocrx_word' id='word_1_291' title='bbox 862 3667 938 3718; x_wconf 77' lang='lat' dir='ltr'><strong>sisu.</strong></span> <span class='ocrx_word' id='word_1_292' title='bbox 966 3668 1112 3720; x_wconf 83' lang='lat' dir='ltr'><strong>Peridense</strong></span> <span class='ocrx_word' id='word_1_293' title='bbox 1135 3669 1215 3720; x_wconf 89' lang='lat' dir='ltr'><strong>huius</strong></span> <span class='ocrx_word' id='word_1_294' title='bbox 1239 3667 1354 3731; x_wconf 80' lang='lat' dir='ltr'><strong>exempli</strong></span> <span class='ocrx_word' id='word_1_295' title='bbox 1378 3681 1513 3730; x_wconf 84' lang='lat' dir='ltr'><strong>compen·</strong></span> 
     </span>
     <span class='ocr_line' id='line_1_31' title="bbox 285 3736 1518 3807; baseline 0 -20"><span class='ocrx_word' id='word_1_296' title='bbox 285 3739 357 3788; x_wconf 91' lang='lat' dir='ltr'><strong>dium</strong></span> <span class='ocrx_word' id='word_1_297' title='bbox 380 3738 476 3788; x_wconf 86' lang='lat' dir='ltr'><strong>uitiose</strong></span> <span class='ocrx_word' id='word_1_298' title='bbox 499 3740 535 3788; x_wconf 82' lang='lat' dir='ltr'><strong>sb</strong></span> <span class='ocrx_word' id='word_1_299' title='bbox 552 3736 621 3807; x_wconf 79' lang='lat' dir='ltr'><strong>Aug.</strong></span> <span class='ocrx_word' id='word_1_300' title='bbox 640 3740 714 3789; x_wconf 71' lang='lat' dir='ltr'><strong>idcio</strong></span> <span class='ocrx_word' id='word_1_301' title='bbox 738 3754 755 3789; x_wconf 89' lang='lat' dir='ltr'><strong>e</strong></span> <span class='ocrx_word' id='word_1_302' title='bbox 778 3740 870 3790; x_wconf 88' lang='lat' dir='ltr'><strong>codice</strong></span> <span class='ocrx_word' id='word_1_303' title='bbox 889 3740 1019 3790; x_wconf 76' lang='lat' dir='ltr'><strong>Vaticano</strong></span> <span class='ocrx_word' id='word_1_304' title='bbox 1042 3740 1081 3789; x_wconf 83' lang='lat' dir='ltr'><strong>its</strong></span> <span class='ocrx_word' id='word_1_305' title='bbox 1104 3741 1204 3790; x_wconf 89' lang='lat' dir='ltr'><strong>editum</strong></span> <span class='ocrx_word' id='word_1_306' title='bbox 1224 3741 1268 3789; x_wconf 88' lang='lat' dir='ltr'><strong>est</strong></span> <span class='ocrx_word' id='word_1_307' title='bbox 1286 3741 1314 3789; x_wconf 93' lang='lat' dir='ltr'><strong>ut</strong></span> <span class='ocrx_word' id='word_1_308' title='bbox 1330 3739 1475 3788; x_wconf 79' lang='lat' dir='ltr'><strong>breuistor</strong></span> <span class='ocrx_word' id='word_1_309' title='bbox 1496 3753 1518 3787; x_wconf 82' lang='lat' dir='ltr'><strong>rs</strong></span> 
     </span>
     <span class='ocr_line' id='line_1_32' title="bbox 284 3807 1517 3878; baseline 0.001 -21"><span class='ocrx_word' id='word_1_310' title='bbox 284 3807 430 3858; x_wconf 70' lang='lat' dir='ltr'><strong>Valeriane</strong></span> <span class='ocrx_word' id='word_1_311' title='bbox 447 3809 575 3860; x_wconf 75' lang='lat' dir='ltr'><strong>reisu&#39;one</strong></span> <span class='ocrx_word' id='word_1_312' title='bbox 593 3811 675 3878; x_wconf 84' lang='lat' dir='ltr'><strong>longe</strong></span> <span class='ocrx_word' id='word_1_313' title='bbox 693 3811 857 3861; x_wconf 80' lang='lat' dir='ltr'><strong>discessisse</strong></span> <span class='ocrx_word' id='word_1_314' title='bbox 876 3811 1010 3869; x_wconf 88' lang='lat' dir='ltr'><strong>uidestur,</strong></span> <span class='ocrx_word' id='word_1_315' title='bbox 1034 3825 1148 3862; x_wconf 79' lang='lat' dir='ltr'><strong>nerrsns</strong></span> <span class='ocrx_word' id='word_1_316' title='bbox 1167 3809 1318 3862; x_wconf 74' lang='lat' dir='ltr'><strong>Ambiuium</strong></span> <span class='ocrx_word' id='word_1_317' title='bbox 1341 3809 1517 3866; x_wconf 84' lang='lat' dir='ltr'><strong>histrionem,</strong></span> 
     </span>
     <span class='ocr_line' id='line_1_33' title="bbox 284 3878 1521 3948; baseline 0.002 -22"><span class='ocrx_word' id='word_1_318' title='bbox 284 3878 439 3928; x_wconf 85' lang='lat' dir='ltr'><strong>Potitiorum</strong></span> <span class='ocrx_word' id='word_1_319' title='bbox 448 3879 614 3938; x_wconf 82' lang='lat' dir='ltr'><strong>ismiiisrem,</strong></span> <span class='ocrx_word' id='word_1_320' title='bbox 627 3883 662 3930; x_wconf 83' lang='lat' dir='ltr'><strong>sb</strong></span> <span class='ocrx_word' id='word_1_321' title='bbox 675 3881 789 3932; x_wconf 86' lang='lat' dir='ltr'><strong>llcrcuie</strong></span> <span class='ocrx_word' id='word_1_322' title='bbox 804 3884 992 3948; x_wconf 87' lang='lat' dir='ltr'><strong>interemptum</strong></span> <span class='ocrx_word' id='word_1_323' title='bbox 1003 3895 1076 3940; x_wconf 84' lang='lat' dir='ltr'><strong>esse,</strong></span> <span class='ocrx_word' id='word_1_324' title='bbox 1096 3883 1166 3948; x_wconf 90' lang='lat' dir='ltr'><strong>quod</strong></span> <span class='ocrx_word' id='word_1_325' title='bbox 1182 3881 1299 3946; x_wconf 89' lang='lat' dir='ltr'><strong>impulsu</strong></span> <span class='ocrx_word' id='word_1_326' title='bbox 1316 3879 1395 3945; x_wconf 83' lang='lat' dir='ltr'><strong>Appii</strong></span> <span class='ocrx_word' id='word_1_327' title='bbox 1404 3879 1521 3930; x_wconf 67' lang='lat' dir='ltr'><strong>claudit</strong></span> 
     </span>
     <span class='ocr_line' id='line_1_34' title="bbox 285 3952 1520 4014; baseline 0.003 -16"><span class='ocrx_word' id='word_1_328' title='bbox 285 3962 387 3999; x_wconf 88' lang='lat' dir='ltr'><strong>morem</strong></span> <span class='ocrx_word' id='word_1_329' title='bbox 405 3961 543 3999; x_wconf 78' lang='lat' dir='ltr'><strong>sacrorum</strong></span> <span class='ocrx_word' id='word_1_330' title='bbox 560 3964 655 4002; x_wconf 89' lang='lat' dir='ltr'><strong>seruos</strong></span> <span class='ocrx_word' id='word_1_331' title='bbox 672 3953 793 4014; x_wconf 87' lang='lat' dir='ltr'><strong>publicos</strong></span> <span class='ocrx_word' id='word_1_332' title='bbox 811 3954 972 4004; x_wconf 80' lang='lat' dir='ltr'><strong>edocuisset</strong></span> <span class='ocrx_word' id='word_1_333' title='bbox 1008 3953 1067 4004; x_wconf 88' lang='lat' dir='ltr'><strong>Vid.</strong></span> <span class='ocrx_word' id='word_1_334' title='bbox 1092 3966 1234 4004; x_wconf 85' lang='lat' dir='ltr'><strong>excursum</strong></span> <span class='ocrx_word' id='word_1_335' title='bbox 1259 3953 1294 4001; x_wconf 84' lang='lat' dir='ltr'><strong>ed</strong></span> <span class='ocrx_word' id='word_1_336' title='bbox 1318 3953 1389 4002; x_wconf 87' lang='lat' dir='ltr'><strong>hunc</strong></span> <span class='ocrx_word' id='word_1_337' title='bbox 1409 3952 1520 4002; x_wconf 81' lang='lat' dir='ltr'><strong>locum.</strong></span> 
     </span>
    </p>

    <p class='ocr_par' dir='ltr' id='par_1_8' title="bbox 284 4017 1523 4234">
     <span class='ocr_line' id='line_1_35' title="bbox 352 4017 1521 4091; baseline 0.002 -23"><span class='ocrx_word' id='word_1_338' title='bbox 352 4032 440 4086; x_wconf 78' lang='lat' dir='ltr'><strong>propr</strong></span> <span class='ocrx_word' id='word_1_339' title='bbox 456 4017 576 4081; x_wconf 71' lang='lat' dir='ltr'><strong>interiit.)</strong></span> <span class='ocrx_word' id='word_1_340' title='bbox 598 4022 716 4072; x_wconf 82' lang='lat' dir='ltr'><strong>Oiiendit</strong></span> <span class='ocrx_word' id='word_1_341' title='bbox 737 4038 763 4071; x_wconf 88' lang='lat' dir='ltr'><strong>u.</strong></span> <span class='ocrx_word' id='word_1_342' title='bbox 782 4037 872 4091; x_wconf 82' lang='lat' dir='ltr'><strong>prope</strong></span> <span class='ocrx_word' id='word_1_343' title='bbox 888 4023 1059 4081; x_wconf 71' lang='lat' dir='ltr'><strong>Torreniums</strong></span> <span class='ocrx_word' id='word_1_344' title='bbox 1083 4038 1133 4076; x_wconf 85' lang='lat' dir='ltr'><strong>nee</strong></span> <span class='ocrx_word' id='word_1_345' title='bbox 1156 4024 1303 4082; x_wconf 84' lang='lat' dir='ltr'><strong>immerito,</strong></span> <span class='ocrx_word' id='word_1_346' title='bbox 1329 4038 1390 4074; x_wconf 87' lang='lat' dir='ltr'><strong>curn</strong></span> <span class='ocrx_word' id='word_1_347' title='bbox 1413 4023 1521 4086; x_wconf 88' lang='lat' dir='ltr'><strong>reliqui</strong></span> 
     </span>
     <span class='ocr_line' id='line_1_36' title="bbox 286 4091 1521 4161; baseline 0.002 -22"><span class='ocrx_word' id='word_1_348' title='bbox 286 4092 410 4139; x_wconf 87' lang='lat' dir='ltr'><strong>suctores</strong></span> <span class='ocrx_word' id='word_1_349' title='bbox 434 4104 527 4140; x_wconf 77' lang='lat' dir='ltr'><strong>onmes</strong></span> <span class='ocrx_word' id='word_1_350' title='bbox 551 4091 578 4140; x_wconf 94' lang='lat' dir='ltr'><strong>in</strong></span> <span class='ocrx_word' id='word_1_351' title='bbox 601 4107 635 4143; x_wconf 88' lang='lat' dir='ltr'><strong>eo</strong></span> <span class='ocrx_word' id='word_1_352' title='bbox 659 4094 832 4151; x_wconf 79' lang='lat' dir='ltr'><strong>consentiunt,</strong></span> <span class='ocrx_word' id='word_1_353' title='bbox 857 4097 940 4144; x_wconf 80' lang='lat' dir='ltr'><strong>totum</strong></span> <span class='ocrx_word' id='word_1_354' title='bbox 959 4096 1112 4146; x_wconf 87' lang='lat' dir='ltr'><strong>Potitiorum</strong></span> <span class='ocrx_word' id='word_1_355' title='bbox 1130 4096 1244 4161; x_wconf 87' lang='lat' dir='ltr'><strong>stirpem</strong></span> <span class='ocrx_word' id='word_1_356' title='bbox 1268 4107 1332 4144; x_wconf 88' lang='lat' dir='ltr'><strong>esse</strong></span> <span class='ocrx_word' id='word_1_357' title='bbox 1353 4094 1521 4144; x_wconf 78' lang='lat' dir='ltr'><strong>extinctam.</strong></span> 
     </span>
     <span class='ocr_line' id='line_1_37' title="bbox 284 4161 1523 4234; baseline 0.003 -25"><span class='ocrx_word' id='word_1_358' title='bbox 284 4161 385 4211; x_wconf 79' lang='lat' dir='ltr'><strong>Probet</strong></span> <span class='ocrx_word' id='word_1_359' title='bbox 401 4161 482 4227; x_wconf 84' lang='lat' dir='ltr'><strong>igitur</strong></span> <span class='ocrx_word' id='word_1_360' title='bbox 501 4163 658 4226; x_wconf 76' lang='lat' dir='ltr'><strong>scripturam</strong></span> <span class='ocrx_word' id='word_1_361' title='bbox 681 4165 739 4213; x_wconf 89' lang='lat' dir='ltr'><strong>cod.</strong></span> <span class='ocrx_word' id='word_1_362' title='bbox 758 4164 896 4215; x_wconf 77' lang='lat' dir='ltr'><strong>Bsrlrerini</strong></span> <span class='ocrx_word' id='word_1_363' title='bbox 911 4179 1026 4234; x_wconf 84' lang='lat' dir='ltr'><strong>propere</strong></span> <span class='ocrx_word' id='word_1_364' title='bbox 1049 4164 1159 4226; x_wconf 54' lang='lat' dir='ltr'><strong>interfit,</strong></span> <span class='ocrx_word' id='word_1_365' title='bbox 1183 4167 1201 4216; x_wconf 87' lang='lat' dir='ltr'><strong>i.</strong></span> <span class='ocrx_word' id='word_1_366' title='bbox 1228 4179 1251 4216; x_wconf 88' lang='lat' dir='ltr'><strong>e.</strong></span> <span class='ocrx_word' id='word_1_367' title='bbox 1288 4165 1348 4215; x_wconf 82' lang='lat' dir='ltr'><strong>1teu</strong></span> <span class='ocrx_word' id='word_1_368' title='bbox 1367 4165 1523 4215; x_wconf 80' lang='lat' dir='ltr'><strong>cuiusdam</strong></span> 
     </span>
    </p>

    <p class='ocr_par' dir='ltr' id='par_1_9' title="bbox 233 4233 1526 4514">
     <span class='ocr_line' id='line_1_38' title="bbox 233 4233 1522 4297; baseline 0.004 -18"><span class='ocrx_word' id='word_1_369' title='bbox 233 4235 239 4246; x_wconf 83' lang='grc'>’</span> <span class='ocrx_word' id='word_1_370' title='bbox 285 4233 463 4282; x_wconf 80' lang='lat' dir='ltr'><strong>coniectorem</strong></span> <span class='ocrx_word' id='word_1_371' title='bbox 481 4236 553 4282; x_wconf 89' lang='lat' dir='ltr'><strong>certe</strong></span> <span class='ocrx_word' id='word_1_372' title='bbox 570 4249 624 4284; x_wconf 92' lang='lat' dir='ltr'><strong>non</strong></span> <span class='ocrx_word' id='word_1_373' title='bbox 642 4235 828 4297; x_wconf 79' lang='lat' dir='ltr'><strong>spernendum.</strong></span> <span class='ocrx_word' id='word_1_374' title='bbox 873 4235 967 4286; x_wconf 85' lang='lat' dir='ltr'><strong>Potest</strong></span> <span class='ocrx_word' id='word_1_375' title='bbox 989 4239 1081 4289; x_wconf 78' lang='lat' dir='ltr'><strong>tamen</strong></span> <span class='ocrx_word' id='word_1_376' title='bbox 1103 4238 1163 4288; x_wconf 87' lang='lat' dir='ltr'><strong>lieri</strong></span> <span class='ocrx_word' id='word_1_377' title='bbox 1190 4237 1220 4287; x_wconf 90' lang='lat' dir='ltr'><strong>ut</strong></span> <span class='ocrx_word' id='word_1_378' title='bbox 1243 4236 1303 4288; x_wconf 77' lang='lat' dir='ltr'><strong>vd.</strong></span> <span class='ocrx_word' id='word_1_379' title='bbox 1322 4237 1415 4286; x_wconf 87' lang='lat' dir='ltr'><strong>eontrs</strong></span> <span class='ocrx_word' id='word_1_380' title='bbox 1436 4237 1522 4285; x_wconf 85' lang='lat' dir='ltr'><strong>cete·</strong></span> 
     </span>
     <span class='ocr_line' id='line_1_39' title="bbox 283 4303 1523 4377; baseline 0.003 -25"><span class='ocrx_word' id='word_1_381' title='bbox 283 4318 373 4352; x_wconf 87' lang='lat' dir='ltr'><strong>rorum</strong></span> <span class='ocrx_word' id='word_1_382' title='bbox 391 4303 570 4354; x_wconf 86' lang='lat' dir='ltr'><strong>testimonium</strong></span> <span class='ocrx_word' id='word_1_383' title='bbox 589 4305 749 4372; x_wconf 68' lang='lat' dir='ltr'><strong>cogitauerit</strong></span> <span class='ocrx_word' id='word_1_384' title='bbox 765 4306 800 4354; x_wconf 89' lang='lat' dir='ltr'><strong>de</strong></span> <span class='ocrx_word' id='word_1_385' title='bbox 816 4307 864 4356; x_wconf 82' lang='lat' dir='ltr'><strong>llis</strong></span> <span class='ocrx_word' id='word_1_386' title='bbox 874 4308 954 4356; x_wconf 90' lang='lat' dir='ltr'><strong>modo</strong></span> <span class='ocrx_word' id='word_1_387' title='bbox 964 4308 1076 4377; x_wconf 74' lang='lat' dir='ltr'><strong>triginta</strong></span> <span class='ocrx_word' id='word_1_388' title='bbox 1087 4309 1203 4360; x_wconf 71' lang='lat' dir='ltr'><strong>cruorum</strong></span> <span class='ocrx_word' id='word_1_389' title='bbox 1215 4309 1326 4366; x_wconf 79' lang='lat' dir='ltr'><strong>lecture,</strong></span> <span class='ocrx_word' id='word_1_390' title='bbox 1345 4309 1409 4372; x_wconf 88' lang='lat' dir='ltr'><strong>post</strong></span> <span class='ocrx_word' id='word_1_391' title='bbox 1426 4321 1523 4372; x_wconf 75' lang='lat' dir='ltr'><strong>quarn</strong></span> 
     </span>
     <span class='ocr_line' id='line_1_40' title="bbox 283 4376 1526 4444; baseline 0.005 -21"><span class='ocrx_word' id='word_1_392' title='bbox 283 4377 368 4438; x_wconf 79' lang='lat' dir='ltr'><strong>pauci·</strong></span> <span class='ocrx_word' id='word_1_393' title='bbox 384 4376 487 4424; x_wconf 85' lang='lat' dir='ltr'><strong>tuntum</strong></span> <span class='ocrx_word' id='word_1_394' title='bbox 511 4376 598 4426; x_wconf 87' lang='lat' dir='ltr'><strong>Potitii</strong></span> <span class='ocrx_word' id='word_1_395' title='bbox 619 4378 746 4427; x_wconf 81' lang='lat' dir='ltr'><strong>mulieres</strong></span> <span class='ocrx_word' id='word_1_396' title='bbox 768 4377 938 4444; x_wconf 67' lang='lat' dir='ltr'><strong>infantesque</strong></span> <span class='ocrx_word' id='word_1_397' title='bbox 961 4381 1147 4432; x_wconf 67' lang='lat' dir='ltr'><strong>remanserint.</strong></span> <span class='ocrx_word' id='word_1_398' title='bbox 1192 4379 1285 4431; x_wconf 73' lang='lat' dir='ltr'><strong>&#39;facite</strong></span> <span class='ocrx_word' id='word_1_399' title='bbox 1309 4379 1462 4432; x_wconf 72' lang='lat' dir='ltr'><strong>omiserunt</strong></span> <span class='ocrx_word' id='word_1_400' title='bbox 1490 4392 1526 4429; x_wconf 83' lang='lat' dir='ltr'><strong>u.</strong></span> 
     </span>
     <span class='ocr_line' id='line_1_41' title="bbox 277 4447 722 4514; baseline 0.002 -18"><span class='ocrx_word' id='word_1_401' title='bbox 277 4459 365 4514; x_wconf 78' lang='lat' dir='ltr'><strong>prope</strong></span> <span class='ocrx_word' id='word_1_402' title='bbox 382 4447 551 4497; x_wconf 83' lang='lat' dir='ltr'><strong>ilelireelrtus</strong></span> <span class='ocrx_word' id='word_1_403' title='bbox 568 4452 596 4498; x_wconf 91' lang='lat' dir='ltr'><strong>et</strong></span> <span class='ocrx_word' id='word_1_404' title='bbox 613 4447 722 4499; x_wconf 84' lang='lat' dir='ltr'><strong>ilestus.</strong></span> 
     </span>
    </p>
   </div>
   <div class='ocr_carea' id='block_1_5' title="bbox 357 4513 1182 4588">
    <p class='ocr_par' dir='ltr' id='par_1_10' title="bbox 357 4513 1182 4588">
     <span class='ocr_line' id='line_1_42' title="bbox 357 4513 1182 4588; baseline 0.006 -19"><span class='ocrx_word' id='word_1_405' title='bbox 357 4513 397 4570; x_wconf 83' lang='lat'><strong>18.</strong></span> <span class='ocrx_word' id='word_1_406' title='bbox 415 4515 543 4586; x_wconf 72' lang='lat' dir='ltr'><strong>Kurttoq.</strong></span> <span class='ocrx_word' id='word_1_407' title='bbox 562 4534 579 4572; x_wconf 87' lang='lat' dir='ltr'><strong>u</strong></span> <span class='ocrx_word' id='word_1_408' title='bbox 596 4515 671 4573; x_wconf 68' lang='lat' dir='ltr'><strong>sose</strong></span> <span class='ocrx_word' id='word_1_409' title='bbox 690 4526 828 4586; x_wconf 81' lang='lat' dir='ltr'><strong>oppresso)</strong></span> <span class='ocrx_word' id='word_1_410' title='bbox 846 4519 885 4572; x_wconf 80' lang='lat' dir='ltr'><strong>Cf.</strong></span> <span class='ocrx_word' id='word_1_411' title='bbox 903 4518 1017 4588; x_wconf 77' lang='lat' dir='ltr'><strong>Appios.</strong></span> <span class='ocrx_word' id='word_1_412' title='bbox 1036 4524 1101 4577; x_wconf 89' lang='lat' dir='ltr'><strong>Pun.</strong></span> <span class='ocrx_word' id='word_1_413' title='bbox 1122 4518 1182 4576; x_wconf 80' lang='grc'><strong>727.</strong></span> 
     </span>
    </p>
   </div>
   <div class='ocr_carea' id='block_1_6' title="bbox 0 0 1721 5400">
    <p class='ocr_par' dir='ltr' id='par_1_11' title="bbox 0 0 1721 5400">
     <span class='ocr_line' id='line_1_43' title="bbox 0 0 1721 5400; baseline 0 0"><span class='ocrx_word' id='word_1_414' title='bbox 0 0 1721 5400; x_wconf 95' lang='lat' dir='ltr'><strong> </strong></span> 
     </span>
    </p>
   </div>
  </div>
 </body>
</html>
