3409 5400
534 540 617 613 LIB.
639 540 686 623 V,
709 540 747 610 G.
770 542 803 623 4,
826 551 856 622 1.
880 542 901 611 5
923 576 969 599 ·-
988 542 1061 612 Exi.
1085 551 1116 622 ί.
1140 545 1171 614 1.
1397 548 1462 617 tao

328 704 505 794 Ignoscite,
527 706 745 773 uetustissimi
766 706 848 783 ioci,
875 707 1075 794 ueniamque
1103 708 1227 773 aeterni
1253 707 1329 775 date
1354 706 1504 798 igneai.

240 815 270 879 si
301 836 323 878 a
351 824 462 879 nestro
492 815 718 879 sacratissimo
747 812 869 901 templo
900 814 944 879 ad
972 814 1199 879 necessarium
1225 815 1335 901 magis
1365 838 1464 903 quam

240 922 429 1007 speciosum
451 920 542 985 urbis
565 919 675 987 locum
698 930 868 988 contextus
891 922 1002 1008 operis
1016 923 1120 997 nostri
1134 942 1335 1011 progressus
1357 923 1463 993 inerit.

239 1026 338 1094 Nulla
360 1029 447 1093 enirn
479 1027 655 1093 acerbitate
685 1030 852 1105 fortunae,
884 1028 983 1093 nullis
1014 1028 1169 1095 sordibus
1195 1030 1336 1117 pretinm
1366 1054 1463 1099 carae

210 1136 368 1223 apietatis
385 1134 550 1213 euilescit3
565 1136 645 1223 quin
661 1136 759 1201 etiam
776 1156 816 1199 eo
829 1139 950 1203 certius
963 1158 1028 1225 quo
1040 1138 1195 1204 miserius
1207 1140 1463 1225 experimentum

237 1242 347 1309 habet.

327 1351 510 1438 Sanguinis
540 1350 677 1437 ingenui
704 1350 875 1417 mulierem
902 1360 1034 1441 praetor
1067 1350 1157 1438 apud
1190 1354 1333 1420 nibonal
1365 1376 1463 1421 suum

238 1456 370 1543 capitali
394 1457 526 1523 crimine
551 1456 741 1523 damnatam
764 1459 934 1525 triumuiro
949 1460 984 1524 in
1007 1479 1174 1525 carcerem
1189 1462 1374 1529 necandam
1397 1472 1461 1528 tra·

238 1562 329 1629 didit.
387 1564 461 1645 Quo
497 1575 663 1652 receptam
696 1565 725 1629 is
757 1567 813 1653 qui
849 1565 1019 1631 custodiae
1052 1578 1204 1653 praeerat
1235 1570 1463 1637 misericordia

202 1682 345 1737 ternotus
368 1693 434 1736 non
456 1673 606 1756 protinus
630 1672 858 1759 strangrdauit.
904 1673 1038 1738 Aditum
1062 1695 1193 1763 quoqne
1208 1674 1251 1740 ad
1267 1696 1340 1741 eam
1363 1677 1462 1753 filiae,

238 1779 299 1845 sod
322 1778 494 1866 diligenter
519 1800 679 1844 excussae
703 1802 745 1845 ne
770 1779 847 1867 quid
871 1780 936 1845 cibi
958 1780 1106 1856 inferret,
1136 1779 1239 1857 dedit,
1270 1784 1461 1850 existimans

236 1886 378 1951 futurum
401 1895 436 1949 ut
459 1884 569 1951 inedia
592 1898 847 1953 consumeretur.
908 1886 990 1951 Cum
1021 1897 1130 1954 autem
1160 1887 1272 1974 plnres
1299 1891 1366 1954 iam
1389 1889 1461 1957 dies

235 1992 489 2068 intercederent,
524 2016 637 2059 secum
673 1994 745 2080 ipse
775 2014 939 2081 quaerens
972 1993 1130 2080 quidnam
1160 2005 1250 2061 esset
1278 1995 1365 2083 quod
1393 2006 1461 2063 tam

236 2098 293 2163 diu
324 2110 574 2175 sustentaretur,
611 2100 773 2165 curiosius
809 2101 987 2165 obseruata
1020 2099 1087 2164 filia
1115 2100 1344 2167 animaduertit
1370 2103 1460 2169 illam

200 2222 227 2267 ie
237 2218 345 2272 exerto
370 2206 468 2272 ubere
491 2208 612 2271 famem
635 2208 748 2271 matris
772 2205 867 2272 lactis
891 2209 944 2273 sui
963 2208 1111 2273 subsidio
1134 2208 1318 2275 lenientem.
1365 2209 1461 2291 Quae

236 2324 304 2379 tam
325 2291 535 2379 'admirabilis
565 2313 743 2400 spectaculi
772 2315 904 2381 nouitas
937 2315 980 2379 ab
1007 2315 1080 2400 ipso
1114 2312 1158 2379 ad
1186 2313 1406 2390 triumuirum,
1441 2338 1463 2381 a

237 2421 404 2485 triumuiro
429 2420 474 2484 ad
496 2430 696 2505 praetorem,
727 2443 749 2485 a
777 2430 927 2506 praetore
956 2420 1000 2485 ad
1023 2419 1198 2485 eonsilium
1219 2419 1364 2485 iudicum
1385 2442 1460 2505 per·

233 2527 300 2593 lata
324 2528 554 2593 remissionem
581 2547 710 2613 poenae
740 2526 869 2591 mulieri
898 2528 1092 2613 impetrauit.
1139 2525 1214 2608 Quo
1231 2548 1297 2591 non
1313 2538 1462 2612 penetrat

237 2646 294 2700 aut
316 2634 395 2722 quid
418 2655 485 2699 non
509 2635 672 2722 excogitat
699 2635 820 2722 pietas,
850 2656 935 2721 quae
962 2634 997 2700 in
1025 2653 1159 2699 carcere
1187 2632 1373 2700 seruandae
1402 2654 1460 2721 gc·

199 2743 361 2808 ronitricis
396 2763 518 2806 nonam
547 2743 706 2806 rationem
734 2739 884 2808 inueniri
925 2740 1014 2822 Quid
1042 2742 1129 2806 enirn
1161 2751 1227 2806 tam
1259 2741 1460 2815 inusitatum,

139 2891 143 2898 ·
236 2849 315 2938 quid
339 2861 403 2914 tarn
427 2849 618 2924 inauditum,
643 2871 742 2936 quam
765 2859 904 2914 matrem
928 2849 1083 2913 uberibus
1107 2860 1204 2914 natae
1227 2845 1364 2912 alitam?
1394 2847 1459 2912 Pu·

237 2967 317 3020 taret
346 2956 464 3044 aliquis
493 2954 557 3020 hoc
589 2965 704 3021 contra
732 2977 842 3020 rerum
871 2965 1022 3020 naturam
1051 2955 1189 3032 facturn,
1224 2955 1290 3020 nisi
1322 2953 1459 3042 diligere

236 3065 379 3149 parentis
404 3063 512 3149 prime
534 3075 670 3128 naturae
693 3061 746 3128 lex
769 3073 867 3128 esset.

324 3167 414 3234 ldcm
438 3169 662 3255 praedicatum
679 3171 719 3236 de
744 3172 863 3258 pietate
879 3167 984 3233 Perus
1001 3168 1209 3246 existimetur,
1234 3191 1317 3256 quae
1333 3179 1458 3256 patrem
1468 3175 1540 3246 Exi,
1562 3179 1592 3246 1,

199 3295 333 3340 resuum
358 3274 499 3341 Cimona
521 3277 684 3342 consimili
706 3278 837 3342 fortuna
860 3277 1024 3342 adfectum
1041 3277 1179 3362 parique
1203 3276 1372 3341 custodiae
1395 3286 1459 3339 tra·

740 3391 954 3408 μ

240 3429 263 3486 1.
283 3435 419 3502 ignoscite
427 3461 463 3474 -
473 3429 522 3500 (6.)
531 3437 614 3486 habet
621 3449 671 3486 om.
683 3434 715 3488 i‘.
727 3434 741 3503 ΙΙ
751 3437 824 3556 ignis
829 3449 876 3502 pr.
885 3432 917 3486 Α.
928 3427 943 3501 ΙΙ
953 3433 980 3488 3.
993 3434 1087 3500 nonni]
1098 3435 1180 3485 uestri
1194 3433 1233 3488 D.
1245 3433 1259 3499 ΙΙ
1275 3432 1300 3486 l.
1313 3435 1460 3484 aceruitate

232 3519 276 3574 pr.
295 3502 327 3557 A.
344 3503 357 3571 ΙΙ
376 3504 400 3558 i.
424 3507 525 3573 ingenii
548 3507 666 3556 mulieris
689 3502 753 3594 ΕΙ]
787 3543 794 3557 .
818 3519 928 3556 carcere
951 3503 1016 3558 ΕΓ.
1034 3504 1047 3576 ΙΙ
1066 3504 1182 3570 nouo]
1204 3521 1285 3572 quam
1302 3501 1370 3556 DF·
1386 3503 1400 3571 ΙΙ
1417 3501 1459 3557 iii.

236 3577 416 3644 transgulauit
436 3573 464 3628 C.
476 3573 490 3643 ΙΙ
505 3574 544 3629 ii.
563 3577 705 3645 diligentes
723 3573 752 3628 i.
764 3576 778 3642 ΙΙ
790 3576 841 3626 sibi
859 3574 895 3627 E.
909 3575 1034 3645 {tinterna
1047 3590 1093 3646 pr.
1107 3572 1140 3626 A.
1159 3576 1275 3626 deterret
1286 3573 1321 3628 Ε.
1332 3574 1346 3641 ΙΙ
1360 3571 1401 3628 ii.
1420 3576 1459 3627 in·

237 3649 317 3698 aedis
330 3661 376 3714 pr.
388 3644 420 3698 Α.
432 3645 445 3714 ΙΙ
457 3648 510 3698 iam
529 3649 620 3711 piures
640 3648 698 3697 dies
717 3643 782 3698 ΕΓ.
802 3647 856 3696 iarn
874 3647 932 3699 dies
951 3647 1042 3710 ploras
1057 3647 1134 3699 Torr.
1148 3643 1161 3714 ΙΙ
1177 3643 1218 3698 iti.
1230 3645 1313 3711 qnod]
1326 3661 1380 3708 quo
1392 3642 1459 3699 ΒΓ.

249 3715 262 3786 ΙΙ
279 3716 320 3772 15.
338 3721 431 3770 exorto
443 3714 472 3770 F.
487 3717 499 3782 ΙΙ
517 3715 558 3769 17.
570 3719 718 3769 consulium
736 3717 844 3782 perlata
862 3718 984 3770 iudicium
1002 3716 1031 3772 F.
1043 3719 1058 3786 ΙΙ
1071 3716 1112 3771 18.
1130 3718 1256 3769 remissio
1270 3714 1298 3770 0.
1314 3716 1327 3785 ΙΙ
1343 3711 1384 3769 iti.
1397 3718 1459 3782 quid

235 3790 301 3856 non]
320 3805 373 3841 uon
391 3804 440 3842 om.
461 3787 490 3841 0.
502 3786 516 3855 ΙΙ
527 3791 663 3858 genitricis
683 3790 834 3840 seruandae
852 3786 887 3841 Ε.
907 3791 920 3856 ΙΙ
939 3786 983 3841 21.
1001 3794 1083 3842 natae
1101 3790 1228 3840 uberibus
1244 3785 1359 3840 DTorr.
1386 3786 1392 3856 Ι
1411 3806 1458 3854 pu·

236 3864 297 3914 tarit
315 3859 377 3913 OD.
400 3861 535 3925 putauerit
555 3857 642 3927 sni
667 3855 712 3913 ai.
735 3860 862 3925 parentes
885 3857 1089 3913 DEFl'Torr.
1105 3858 1120 3927 ll
1136 3860 1250 3911 lenisset
1269 3874 1313 3928 pr.
1331 3859 1362 3913 Δ.
1389 3857 1458 3930 iat.

236 3931 332 4000 Perus]
352 3934 408 3982 rius
426 3929 518 3984 ΔΕΓ.
542 3933 615 3996 prins
663 3927 695 3982 F.
719 3932 778 3982 cios
796 3929 825 3982 ia
842 3946 940 3984 rorare
956 3930 994 3985 D.
1013 3929 1077 3984 add.
1095 3933 1114 3984 i.
1133 3932 1163 3981 P.
1188 3945 1252 3996 pero
1274 3933 1384 3983 tratrem
1402 3947 1458 3983 ma·

236 4007 319 4056 iorem
337 4006 364 4054 in
383 4018 519 4054 cernerem
537 4004 684 4054 coniectum
703 4003 812 4054 ultimae
831 4017 855 4056 s.
867 4005 942 4055 nelot
953 4005 1081 4055 infantem
1094 4004 1165 4054 lacta
1176 4017 1227 4052 suo
1246 4002 1311 4053 aluit
1322 4017 1413 4071 compo
1424 4001 1456 4056 A.

246 4071 315 4143 1125.
334 4089 476 4140 cymonarn
494 4073 530 4128 Ε.
549 4089 664 4140 symona
682 4070 713 4127 Γ.
726 4072 739 4140 ΙΙ
751 4075 844 4126 consili
860 4089 905 4142 pr.
927 4072 956 4130 Δ.
974 4076 1086 4127 consitio
1104 4088 1173 4127 corr.
1191 4070 1224 4127 A.

306 4215 331 4268 i.
351 4217 424 4268 l'est.
443 4231 469 4269 u.
488 4217 582 4269 Pietati
600 4231 625 4280 p.
644 4211 698 4268 209
721 4217 795 4269 ninii.
814 4218 848 4267 de
867 4217 978 4269 muliere
995 4218 1088 4275 tradit,
1110 4230 1181 4279 qnae
1198 4217 1303 4281 patrem
1322 4230 1400 4266 strom
1418 4216 1457 4266 in·

235 4289 338 4340 clusum
362 4301 471 4338 carcero
495 4289 618 4338 mammis
641 4289 700 4338 suis
725 4287 795 4338 ciam
814 4289 924 4348 aluerit,
947 4290 982 4339 ob
1007 4302 1121 4355 mmqne
1144 4302 1201 4339 rem
1225 4288 1408 4353 impunitatem
1431 4287 1457 4336 ei

235 4373 394 4410 concessam
413 4373 477 4409 esse
495 4360 585 4410 refert.

305 4431 365 4482 inst.
386 4428 409 4482 i.
428 4430 466 4481 Cl
487 4431 586 4498 Hygia.
605 4431 659 4482 t'ab.
678 4425 740 4482 soi.

306 4497 339 4552 dc
357 4499 459 4567 pictate
476 4500 569 4561 Persa)
594 4501 680 4552 Perus
704 4513 801 4552 nomen
825 4504 898 4552 recte
921 4518 939 4552 a
962 4502 1058 4572 Pighio
1082 4502 1144 4551 hnic
1166 4500 1270 4550 mulieri
1293 4499 1453 4550 uindicatum

234 4587 300 4626 esse
323 4573 490 4624 demonstrat
512 4573 662 4641 marginale
686 4569 894 4624 additamentum
918 4573 1017 4624 codicis
1040 4572 1200 4629 Beroensis,
1229 4585 1245 4619 e
1267 4569 1326 4619 lolii
1348 4569 1453 4620 Paridis

235 4644 392 4709 compendio
418 4645 586 4696 arcessitum.
629 4643 785 4694 Transierat
807 4644 870 4695 inde
892 4645 920 4694 in
944 4643 1030 4713 rigon
1054 4641 1219 4706 exemplaria
1242 4640 1453 4690 Winchciiannm

234 4719 262 4768 et
286 4719 446 4779 Campanae.
489 4716 554 4781 ipsa
576 4715 665 4766 autem
693 4715 740 4765 illa
764 4715 879 4779 epitome
903 4715 1028 4766 absoluto
1051 4727 1117 4764 casu
1142 4713 1204 4762 olim
1229 4713 1359 4762 mendose
1381 4708 1453 4762 Nero

236 4789 376 4848 amoenat,
395 4801 466 4838 nunc
484 4803 501 4838 a
520 4787 668 4838 correctore
687 4787 815 4838 mutatum
839 4788 866 4838 in
884 4785 966 4847 Pero,
990 4800 1039 4852 pro
1062 4799 1115 4850 quo
1137 4784 1222 4834 editor
1244 4783 1453 4848 pudendo-sane
