3409 5400
574 528 656 596 LIB.
679 528 749 606 1111,
774 530 810 596 O.
835 530 867 605 3,
890 538 921 605 i·
946 530 1054 596 1-3.
1357 534 1421 601 333

288 688 412 755 Verum
443 703 478 756 nt
505 690 602 757 huius
634 693 697 755 uiri
726 692 943 755 abstinentiae
974 692 1065 754 testis
1096 690 1274 777 Hispania,
1305 697 1350 759 ita
1378 694 1466 763 1112.

200 796 334 865 Catonis
358 798 487 884 Epiros
512 798 650 872 Achaia,
676 798 837 885 Cyclades
862 798 1001 873 insulae,
1025 799 1188 863 maritima
1209 820 1288 883 pars
1312 775 1424 876 Asiae,

198 905 369 989 prouincia
392 906 530 991 Cyprus.
578 903 674 968 Vnde
699 928 771 969 eum
789 907 948 992 pecuniae
965 905 1187 990 deportandae
1210 906 1424 971 ministerium

198 1014 383 1089 sustineret,
408 1026 473 1075 tam
498 1034 650 1077 auersum
673 1014 818 1077 animum
843 1014 885 1076 ab
910 1014 998 1076 omni
1022 1035 1144 1076 uenere
1168 1035 1266 1099 quam
1292 1036 1313 1077 a
1334 1012 1424 1077 lucro

173 1106 325 1193 ahabnib
363 1122 395 1183 in
426 1122 569 1184 maxima
600 1121 767 1205 utriusque
796 1121 1066 1204 intemperantiae
1095 1122 1233 1184 nratcria
1260 1133 1423 1185 uersatus.

198 1224 282 1291 Nam
308 1240 339 1289 el
362 1229 474 1313 regiae
499 1226 630 1291 diuitiae
653 1238 813 1311 potestate
837 1227 941 1310 ipsius
971 1227 1219 1291 continebantur
1242 1239 1271 1289 et
1296 1228 1424 1292 fertilis·

198 1335 301 1397 simae
318 1332 504 1398 deliciarum
523 1346 568 1397 tot
584 1334 741 1397 Graeciae
758 1334 858 1397 nrbes
875 1334 1062 1395 neccssaria
1080 1335 1176 1395 totius
1200 1334 1421 1420 nauigationis

198 1438 396 1504 deuerticula
418 1454 518 1507 erant.
578 1442 683 1527 Atque
707 1440 740 1504 id
765 1440 931 1504 Munatius
956 1440 1062 1503 Rufus
1088 1440 1265 1525 Cypriacae
1290 1442 1422 1526 expedi·

197 1547 294 1610 tionis
324 1546 408 1609 fidus
437 1568 549 1611 eomes
579 1549 709 1632 scriptis
742 1548 811 1611 suis
843 1549 1019 1634 significat.
1078 1547 1176 1610 Cuius
1204 1549 1421 1611 testimenium

165 1670 193 1713 1⁰
203 1675 269 1717 non
293 1652 481 1738 amplector.
527 1654 664 1741 Proprie
689 1656 775 1718 enim
799 1668 994 1741 argumento
1016 1654 1088 1717 laus
1113 1656 1176 1719 ista
1199 1656 1317 1725 nititur,
1341 1674 1422 1739 que·

197 1762 286 1826 niam
311 1783 350 1825 ex
373 1760 489 1827 eodem
513 1774 649 1825 naturae
674 1772 765 1825 utero
790 1770 820 1823 ct
844 1762 1045 1825 continentia
1066 1774 1145 1826 nata
1168 1773 1217 1824 cst
1241 1773 1272 1825 et
1296 1760 1388 1825 Cato.

184 1902 185 1910 1
286 1866 429 1933 Drusum
454 1871 551 1934 etiam
565 1869 808 1941 Germanicum,
833 1869 984 1932 eximiam
1004 1868 1160 1933 Claudiae
1182 1867 1327 1933 familiae
1351 1866 1422 1954 glo·
1434 1872 1463 1937 3.

196 1978 279 2040 riam
302 1976 492 2062 patriaeque
521 1998 631 2041 rarum
661 1986 905 2044 ornamentum,
934 1988 966 2037 el
994 1976 1080 2060 quod
1105 1976 1338 2061 superomnia
1361 1989 1421 2042 est.

196 2103 330 2168 operum
356 2104 489 2147 suornm
513 2104 573 2167 pro
602 2082 715 2149 babitu
744 2085 861 2147 aetatis
895 2084 1121 2168 magnitudine
1152 2083 1267 2145 trittico
1301 2084 1422 2167 pariter

158 2202 236 2254 1⁵ae
259 2190 351 2253 fratri
374 2189 549 2275 Angustia,
580 2189 707 2253 dnobus
737 2192 782 2253 rei
813 2188 962 2275 publicae
994 2188 1114 2253 diuinis
1138 2189 1258 2261 cerdis,
1287 2190 1421 2251 mirilico

196 2294 464 2382 respondentem,
499 2296 641 2361 constitit
670 2318 766 2361 usum
799 2296 930 2359 ueneris
960 2297 1044 2359 intra
1072 2296 1224 2382 coniugis
1254 2297 1421 2359 caritatem

196 2404 344 2469 clausum
375 2404 532 2467 tenuisse.
590 2404 734 2467 Antonia
770 2422 917 2488 qnoque,
952 2402 1074 2464 femina
1107 2401 1260 2465 laudibus
1294 2400 1420 2463 uirilem

195 2510 339 2578 familiae
358 2532 439 2575 suae
457 2510 635 2577 claritatem
657 2530 893 2596 supergressa,
914 2529 1060 2571 amorem
1077 2509 1184 2572 mariti
1201 2508 1340 2594 egregia
1357 2506 1420 2570 lide

196 2619 358 2702 pensauit,
383 2639 467 2703 quae
490 2630 567 2702 post
589 2620 659 2681 cius
684 2636 858 2681 excessum
881 2616 989 2679 forma
1010 2621 1040 2677 et
1068 2626 1172 2679 aetate
1202 2615 1322 2679 florens
1347 2635 1421 2677 rou·

158 2726 317 2788 aeuietum
341 2745 456 2788 socrus
480 2745 539 2810 pru
564 2725 716 2810 coniugio
744 2721 874 2797 habuit,
909 2723 943 2786 in
973 2721 1154 2810 cademque
1185 2736 1255 2788 toro
1287 2723 1419 2788 alterius

200 2865 223 2917 1.
243 2867 403 2918 abstinentia
422 2869 501 2923 lestis
520 2867 545 2918 in
565 2868 691 2932 hispania
709 2863 741 2918 A.
753 2865 802 2934 112.
823 2869 942 2933 ephyros
961 2868 1065 2916 achaici
1083 2863 1115 2916 F.
1126 2865 1139 2933 ΙΙ
1152 2869 1298 2918 maritimae
1319 2863 1378 2918 BF.
1393 2863 1406 2936 ΙΙ

198 2931 223 2989 3.
242 2939 395 3002 prouinciae
414 2935 445 2989 F.
458 2939 471 3005 Η
484 2937 600 3004 Cypros]
620 2943 699 3003 aptos
716 2935 812 3006 11111.
832 2941 976 2988 aduersum
994 2933 1052 2988 BF.
1069 2935 1082 3004 ΙΙ
1095 2935 1120 2988 ἴ).
1139 2939 1262 3004 materia]
1280 2943 1344 3006 post
1361 2953 1419 2990 uer·

198 3011 274 3058 satus
295 3007 372 3060 Torr.
391 3011 505 3060 materie
520 3036 532 3060 1
546 3006 577 3061 A.
597 3005 630 3060 ni.
648 3009 707 3070 (sic)
728 3008 756 3061 0.
781 3011 964 3060 misericordia
982 3007 1013 3062 F.
1032 3009 1044 3076 11
1063 3011 1089 3061 Β.
1115 3008 1271 3061 diucrlicnla
1294 3006 1385 3061 ΒΕΓ
1387 3007 1419 3063 Γ.

202 3075 261 3130 Vid.
281 3077 317 3129 ad
334 3077 357 3134 1,
380 3075 405 3134 1,
427 3085 475 3131 ret.
497 3077 537 3132 10.
552 3085 563 3146 u
582 3079 622 3132 12.
642 3081 667 3144 S.
680 3077 706 3134 3.
725 3097 774 3132 cru.
789 3079 819 3132 Γ.
831 3079 844 3148 ΙΙ
857 3082 942 3130 cladie
961 3078 992 3130 l'.
1004 3079 1018 3145 ΙΙ
1033 3075 1071 3130 13.
1086 3082 1185 3131 clarum
1204 3079 1266 3134 DF.
1285 3083 1372 3132 ratrrm
1384 3079 1420 3134 E.

210 3147 280 3214 1111.
299 3167 347 3214 pru
367 3151 469 3216 habitu]
491 3153 559 3218 quod
580 3153 671 3202 habitu
690 3150 722 3204 B.
749 3153 907 3216 prohibitum
926 3149 957 3203 F.
975 3152 988 3218 11
1007 3147 1048 3203 ll).
1067 3157 1183 3220 augusto
1201 3148 1346 3204 ABCDE
1353 3146 1384 3204 F·
1395 3151 1409 3219 11

199 3217 240 3271 17.
260 3223 401 3270 retinuisse
420 3219 456 3274 D.
472 3221 483 3286 11
502 3221 540 3274 lli.
562 3239 653 3274 amore
672 3221 706 3275 E.
725 3223 738 3289 Η
758 3219 797 3275 19.
818 3239 961 3273 excessum
981 3224 1040 3273 eins
1058 3222 1093 3275 E.
1111 3224 1124 3288 ΙΙ
1142 3227 1169 3272 ct
1186 3238 1236 3273 om.
1254 3219 1406 3291 1110111

197 3293 294 3340 cuilum
309 3305 355 3358 pr.
373 3290 403 3342 A.
423 3295 519 3342 coitum
539 3307 607 3346 corr.
627 3291 658 3345 A.
678 3297 792 3343 cubitum
811 3291 870 3345 BC.
892 3295 1041 3343 cubiculum
1060 3289 1235 3346 DEFTorr.

268 3411 294 3466 2.
313 3416 350 3467 01.
370 3416 437 3466 Veli.
455 3416 513 3469 Pet
532 3417 566 3470 11,
586 3413 630 3468 45.
658 3418 726 3466 Plut.
745 3419 800 3468 Crat.
821 3419 883 3470 min.
902 3413 936 3467 31
956 3422 983 3468 et
1000 3433 1060 3483 sqq.
1088 3417 1164 3470 Auel.
1184 3421 1218 3467 de
1235 3420 1283 3468 uir.
1302 3419 1339 3469 ill.
1358 3413 1401 3468 80.

267 3482 292 3537 3.
319 3485 414 3538 uitrico
433 3486 597 3554 pariterue
612 3485 704 3552 sretri
727 3485 861 3552 depastis)
888 3489 1002 3556 burgasti
1025 3489 1169 3551 appellatio
1193 3503 1247 3538 non
1270 3489 1360 3554 magia
1384 3490 1419 3538 ad

196 3559 306 3608 tratrem
326 3559 484 3616 Germanici,
503 3559 647 3616 Tiberium.
666 3573 745 3623 qnam
765 3559 798 3606 ad
812 3560 942 3614 uitricum.
961 3561 1051 3607 diuum
1064 3561 1214 3624 auguratum
1228 3561 1321 3608 reterri
1331 3561 1418 3610 debat.

196 3632 365 3694 Quapropter
392 3645 450 3680 curn
475 3631 533 3680 libri
556 3629 730 3692 manuscripti
754 3631 781 3678 11
805 3631 912 3678 aroteres
936 3629 1066 3678 editiones
1093 3632 1218 3678 tueantur
1253 3630 1418 3699 singularem

195 3715 333 3752 numerum
352 3697 481 3767 Aepulo,
502 3701 657 3752 necessario
677 3701 791 3766 Pighius
808 3697 934 3764 depastis
951 3699 1073 3750 restituit.
1115 3701 1235 3749 Causam*
1250 3704 1418 3766 cormptelae

196 3773 354 3835 praebuisse
367 3774 460 3837 opinor
473 3773 646 3838 singulariter
655 3773 770 3835 positum
778 3768 879 3836 fratri.
899 3786 951 3836 quo
961 3786 1020 3820 cum
1034 3772 1145 3834 pluralis
1159 3786 1285 3821 numerus
1295 3769 1420 3838 depastis

196 3858 248 3892 aon
266 3845 339 3894 recle
356 3845 479 3911 coniungi
497 3845 637 3894 uidebatur
654 3845 779 3894 librariis.
883 3845 886 3849 ’
1394 3845 1398 3853 ’

267 3913 410 3964 conuictum
428 3927 520 3966 socrus
535 3929 587 3982 pru
606 3913 726 3980 11111911
744 3911 844 3974 hebuit)
872 3915 1007 3964 lidebatnr
1025 3915 1106 3982 uulgo
1128 3912 1274 3966 1111111111
1291 3930 1416 3967 1111111

196 3987 370 4036 deterioribus
389 3988 489 4048 aliquot
509 3987 591 4044 libris,
610 4001 697 4052 neque
710 3989 743 4036 de
757 3987 877 4037 uariante
895 3987 1028 4050 scriptura
1040 3989 1179 4051 qrricquam
1192 3989 1417 4037 communicarunt

195 4057 298 4120 priores
316 4059 490 4124 gremrnutici.
528 4061 602 4117 Quod
622 4073 675 4108 non
694 4063 747 4107 lam
768 4059 847 4107 miror
865 4073 946 4119 quam
964 4059 1096 4106 neminem
1116 4061 1204 4107 adbuc
1228 4061 1287 4109 istis
1310 4060 1417 4122 ineptiis

195 4142 259 4178 csse
278 4129 418 4180 offensum.
457 4129 542 4178 Potuit
561 4131 630 4178 enim
649 4143 743 4180 soeriis
763 4130 911 4179 cubiculum
931 4144 979 4192 pre
992 4129 1112 4177 thalamo
1130 4131 1224 4180 haberi
1242 4133 1278 4179 ab
1294 4131 1416 4186 Antonia.

194 4200 310 4266 coniugii
334 4201 417 4250 uicem
442 4203 574 4262 utromodo
598 4201 718 4251 obtinere
744 4202 872 4264 poluerit.
900 4202 925 4249 id
956 4214 1024 4250 sane
1051 4202 1173 4264 equidem
1200 4216 1254 4251 non
1279 4202 1416 4266 intellego.

194 4271 248 4320 Sed
267 4271 328 4332 quid
350 4271 440 4326 multa.
460 4287 518 4322 cum
539 4273 682 4322 manifesta
700 4273 735 4320 sit
754 4274 932 4334 praepostera
949 4272 1115 4335 interpolatio
1133 4277 1169 4322 ab
1191 4273 1320 4336 imperitia
1338 4271 1417 4319 libra·

194 4343 240 4392 riis
259 4355 311 4392 non
330 4341 464 4392 intellecta
482 4345 622 4407 archetypi
647 4344 779 4406 scriptura
803 4358 818 4390 c
841 4344 962 4404 proaime
985 4345 1160 4407 sequentibus
1180 4341 1251 4402 (Hoc
1272 4338 1417 4391 1111111111

193 4409 290 4463 talibus
308 4412 490 4478 experimentis
506 4427 632 4464 nmmum
649 4413 776 4480 inperat),
798 4413 827 4462 ui
845 4414 934 4462 solent
951 4414 995 4462 isti
1013 4415 1149 4464 homines.
1168 4415 1267 4462 misere
1285 4412 1416 4475 repetita?

193 4483 317 4536 Sertrauil
336 4485 413 4534 nobis
436 4485 576 4549 archetypi
601 4487 760 4548 scripturam
786 4484 852 4534 liber
874 4485 1032 4541 bernensis.
1057 4484 1155 4536 1111111
1176 4485 1321 4540 exbibens,
1345 4483 1417 4546 quod

193 4558 251 4608 sinc
270 4557 350 4606 dubio
369 4557 455 4605 ortum
473 4559 516 4604 est
535 4549 715 4606 11111111.
735 4571 758 4607 e.
778 4553 931 4606 maiatum.
967 4555 1068 4606 liudem
1089 4556 1241 4622 significata
1261 4554 1319 4605 l'al.
1337 4553 1370 4608 11,
1389 4549 1414 4609 1.

192 4622 318 4691 liposuit
337 4623 479 4676 interdicit
496 4625 573 4676 clima
593 4625 618 4676 er'
635 4625 780 4678 amictura
797 4625 940 4685 1111ιὲ11111,
963 4631 991 4676 11
1009 4627 1139 4676 Lucceius
1162 4627 1189 4676 in
1208 4640 1251 4688 ep.
1274 4626 1309 4673 ad
1332 4625 1415 4675 Cicer.

192 4699 223 4756 V.
246 4693 286 4756 14,
305 4693 323 4747 l
342 4694 379 4748 ad
396 4696 541 4748 1111111111
559 4694 794 4749 marmaredae.
831 4697 913 4748 Recte
930 4700 1020 4748 antem
1038 4697 1153 4750 Antonia
1163 4697 1244 4747 uidua
1261 4711 1311 4761 pro
1328 4693 1416 4748 mariti

192 4769 382 4824 coaceruabo
400 4771 455 4820 lam
473 4783 568 4822 socrus
588 4771 758 4824 contubernio
777 4783 829 4820 usa
847 4783 912 4821 1111
929 4770 1031 4822 dleltur.
