3409 5400
539 472 547 485 ⁸
582 480 666 548 LIB.
687 478 759 558 ΗΠ,
783 478 820 547 Ο.
844 480 877 557 4,
900 488 930 556 tt
952 480 1075 547 -1—3.
1379 482 1444 549 345

220 642 410 709 consulatus
438 644 566 709 initium
594 640 748 707 Valerius
777 640 951 707 Publicola
980 662 1054 705 cum
1081 638 1175 705 Iunio
1202 639 1304 707 Bruto
1333 645 1444 729 auspi·

221 762 399 841 catu'sest.¹
424 750 580 837 Idemque
603 758 722 835 postea
744 758 810 812 tres
835 746 1025 813 consulatus
1050 749 1298 832 acceptissimos
1322 751 1444 833 populo

219 858 370 922 Romano
395 859 499 944 gessit
522 867 554 920 et
574 856 786 941 plurimorum
810 876 849 919 ac
873 856 1090 921 maximorum
1119 876 1256 939 operum
1278 853 1448 938 praetexto'

220 962 344 1028 titulum
374 965 556 1049 imaginum
592 984 726 1029 suerum
761 962 980 1046 amplificant,
1015 983 1090 1025 cum
1124 962 1253 1025 interim
1285 961 1453 1027 festorum.

192 1072 300 1137 tillud
327 1071 478 1135 columen
508 1071 703 1154 patrimonio
732 1089 773 1133 ne
804 1069 847 1133 ad
879 1071 1092 1155 exequiarum
1115 1069 1248 1155 quidem
1270 1071 1446 1155 inpensam

220 1178 401 1242 sufficiente
425 1178 585 1253 decessit;
609 1176 749 1261 ideoque
773 1175 907 1261 publica
928 1177 1070 1261 pecunia
1097 1176 1214 1241 ductae
1243 1187 1328 1243 sunt.
1370 1177 1445 1241 Non

221 1284 344 1349 adtinet
382 1283 533 1349 ulteriore
574 1284 793 1369 disputatione
829 1285 908 1347 tanti
942 1285 1004 1349 uiri
1033 1294 1259 1369 paupertatem
1295 1286 1444 1351 scrutari.

193 1442 195 1447 .
219 1390 360 1454 Abunde
384 1392 471 1455 onim
494 1402 584 1476 patet
606 1391 685 1478 quid
707 1392 804 1455 uiuus
820 1390 1016 1477 possederit,
1040 1392 1093 1453 cui
1116 1402 1244 1455 mortuo
1266 1391 1370 1457 lectus
1394 1394 1445 1457 fu·

221 1497 330 1561 nebris
354 1508 385 1559 et
406 1518 508 1584 rogus
534 1496 645 1561 defuit.

183 1622 211 1665 ιο
310 1603 459 1683 Quantae
484 1604 705 1689 amplitudinis
718 1604 906 1668 Menenium
920 1603 1104 1691 Agrippam
1121 1605 1225 1669 luisse
1242 1606 1445 1682 arbitremur,
1455 1604 1486 1669 2.

222 1730 319 1798 quem
343 1722 477 1777 senatus
502 1722 535 1775 et
555 1711 648 1797 plebs
673 1713 765 1797 pacis
789 1713 871 1775 inter
894 1734 931 1775 se
954 1711 1127 1775 faciendae
1150 1725 1318 1779 auctorem
1339 1712 1445 1800 lcgttt

222 1818 373 1898 Quantae
397 1818 521 1883 scilicet
544 1841 619 1883 esse
644 1817 756 1882 debuit
783 1818 903 1883 arbiter
929 1817 1081 1902 publicae
1110 1820 1234 1888 salutis.
1280 1820 1353 1897 Hic,
1382 1823 1447 1887 nisi

221 1947 243 1989 a
257 1923 378 2009 populo
397 1925 534 1991 conlatis
558 1927 592 1989 in
616 1926 724 2009 capita
748 1925 948 1989 sextantibus
971 1926 1140 1991 funeratus
1162 1941 1260 2001 essct,
1283 1930 1331 1993 ita
1345 1949 1445 2013 pecu-

221 2032 296 2094 niae
320 2033 416 2117 inops
441 2034 584 2098 decessit
606 2043 642 2095 ut
663 2030 850 2116 sepulturae
875 2030 1000 2095 bonore
1023 2035 1195 2101 caruisset.
1242 2034 1365 2099 Verum
1396 2034 1445 2099 id·

185 2138 308 2207 xseirco
332 2141 520 2223 perniciosa
543 2138 702 2202 seditione
727 2138 864 2201 diuidua
884 2138 1001 2202 ciuitas
1031 2140 1184 2205 manibus
1217 2141 1384 2227 Agrippae
1412 2143 1446 2205 in

221 2266 321 2311 unum
346 2244 495 2309 contrabi
519 2244 630 2319 uoluit,
654 2246 730 2330 quia
759 2264 817 2307 eas
850 2266 1012 2330 pauperes
1048 2246 1180 2332 quidem
1215 2246 1276 2310 secl
1310 2258 1444 2310 sanctas

221 2352 504 2416 animaduerterat.
552 2352 652 2417 Cuius
678 2366 711 2415 ut
734 2354 919 2437 superstitis
944 2353 1067 2417 nullum
1091 2354 1160 2427 fuit,
1189 2353 1279 2439 quod
1306 2353 1340 2415 in
1368 2372 1444 2415 een-

221 2481 296 2524 sum
319 2460 512 2533 deferretur,
536 2460 581 2523 ita
606 2461 734 2524 extincti
758 2458 922 2545 hodieque
946 2459 1186 2545 amplissimum
1210 2471 1260 2525 est
1290 2460 1445 2547 patrimo·

220 2566 321 2639 nium,
345 2566 498 2631 Romana
521 2566 710 2631 concordia.

182 2701 211 2746 20
310 2672 346 2737 Iu
372 2673 446 2738 Gaii
471 2696 548 2739 uero
572 2674 714 2740 Fabricii
738 2684 768 2739 et
792 2672 833 2756 Q.
857 2672 988 2739 Aemilii
1013 2673 1097 2759 Papi
1119 2676 1301 2762 principum
1321 2672 1486 2739 saeculid.

220 2782 272 2844 sui
296 2781 447 2846 domibus
478 2795 648 2869 argentum
678 2783 782 2848 fuisse
812 2783 970 2846 confitear
999 2793 1133 2868 oportet.
1181 2781 1325 2870 Vterque
1357 2783 1444 2844 euim

219 2888 372 2974 patellam
397 2887 533 2954 deorum
559 2901 589 2953 ct
620 2889 762 2954 salinum
793 2890 922 2965 lrabuit3
957 2889 1018 2953 scd
1047 2911 1086 2952 co
1115 2889 1233 2954 lautius
1263 2889 1444 2962 Fabricius,

725 3051 936 3062 unu—u*—

224 3137 245 3189 1.
266 3138 350 3203 lunio]
371 3141 440 3189 nicio
458 3138 568 3208 1).112.
591 3143 778 3204 acceptissimo
797 3139 827 3192 Γ.
845 3139 859 3206 ΙΙ
876 3134 901 3191 3.
926 3144 1066 3202 praetextu
1091 3139 1297 3192 BCDETorr.
1326 3137 1384 3191 th.
1409 3137 1446 3190 od

221 3206 259 3264 ll,
283 3206 323 3266 10,
342 3208 398 3262 init.
411 3207 460 3274 ΙΙ-1.
481 3213 627 3262 faustorruu
646 3211 678 3264 B.
697 3207 751 3280 115.
771 3213 875 3262 culmen
892 3207 924 3261 Γ.
942 3210 955 3276 ΙΙ
973 3209 998 3262 li.
1018 3214 1131 3262 tircienic
1156 3211 1186 3262 F.
1198 3212 1212 3278 ΙΙ
1224 3215 1353 3262 deductae
1372 3211 1433 3275 D-ll

222 3280 247 3330 11.
268 3280 355 3344 uiuus]
380 3282 459 3330 nimis
486 3280 513 3335 C.
532 3281 545 3348 ΙΙ
563 3283 615 3348 cui]
641 3300 700 3332 curn
718 3279 750 3332 Γ.
768 3281 780 3348 Η
799 3281 823 3332 tl.
844 3281 939 3348 rogus]
963 3283 1038 3332 focus
1060 3281 1088 3334 C.
1109 3279 1121 3352 ss
1145 3281 1185 3332 10.
1204 3281 1367 3346 Menenium]
1405 3284 1445 3330 ost

222 3351 368 3418 Agrippum
390 3348 466 3400 Τοιϊ.
486 3369 520 3404 rn.
539 3355 644 3402 nonium
663 3351 699 3403 D.
720 3370 754 3401 tn.
773 3355 888 3404 monium
908 3349 939 3401 Γ.
961 3355 1103 3404 ureniniurn
1122 3351 1157 3404 E.
1168 3352 1182 3416 ΙΙ
1199 3355 1358 3402 arbitramur
1376 3297 1434 3418 dl}

225 3419 265 3471 11.
284 3421 361 3486 inter]
389 3422 415 3470 in
433 3419 517 3474 ABG
524 3421 608 3474 Dt't'
623 3427 648 3474 ct
669 3438 711 3490 pr.
732 3421 765 3474 Ε.
783 3421 796 3488 ΙΙ
815 3424 899 3489 elegit
917 3418 942 3470 F
945 3421 977 3472 Γ.
995 3421 1008 3487 ΙΙ
1028 3420 1069 3474 12.
1088 3429 1205 3485 quoutus
1223 3421 1260 3474 D.
1278 3422 1291 3490 Ι]
1311 3417 1351 3472 tt.
1371 3423 1444 3470 iune-

222 3491 308 3557 ratns]
329 3489 391 3542 add.
410 3508 462 3542 uon
480 3491 518 3544 D.
534 3492 545 3559 ΙΙ
563 3492 602 3544 17.
623 3495 847 3543 auiumducrtcrot
863 3489 896 3543 Β.
911 3488 924 3556 ΙΙ
944 3493 1035 3556 Cuius]
1063 3511 1095 3544 oe
1114 3507 1160 3560 pr.
1179 3489 1211 3544 B.
1237 3508 1304 3542 carre
1323 3506 1393 3544 corr.
1411 3489 1445 3543 B.

236 3561 247 3630 ΙΙ
263 3578 343 3614 censo
363 3577 432 3614 corr.
443 3559 473 3614 A.
486 3561 499 3628 ΙΙ
515 3562 554 3616 ts.
574 3565 750 3614 deterreretur
768 3561 803 3614 Ε.
815 3562 828 3628 ΙΙ
839 3562 888 3627 ita]
901 3559 1001 3613 addet
1013 3561 1050 3613 D.
1062 3564 1074 3631 Η
1087 3563 1230 3629 hodieque]
1250 3589 1262 3615 .
1277 3565 1357 3614 hodio
1375 3580 1445 3625 quac

219 3651 263 3702 pr.
281 3633 312 3687 A.
329 3634 342 3701 ΙΙ
360 3634 412 3700 est]
440 3639 498 3684 onte
516 3637 709 3699 amplissimum
730 3632 755 3685 Γ
755 3671 760 3684 .
781 3639 842 3699 post
867 3635 1052 3695 patrimonium
1075 3631 1111 3686 Ε.
1128 3633 1142 3702 ΙΙ
1158 3629 1201 3685 20.
1221 3637 1247 3698 3.
1265 3631 1291 3688 3.
1309 3649 1359 3684 om.
1377 3633 1409 3688 l'.
1420 3632 1434 3700 ΙΙ

222 3703 265 3758 21.
284 3704 439 3775 argentum]
459 3703 520 3756 add.
538 3723 593 3758 uon
610 3703 646 3758 D.
664 3703 677 3772 ΙΙ
694 3701 736 3758 22.
755 3705 858 3754 leucius
877 3701 909 3753 A.
934 3704 1029 3754 lautior
1049 3702 1126 3756 Torr.

292 3933 318 3987 2.
338 3939 376 3990 Cf.
390 3939 447 3990 tun.
461 3939 492 3996 11,
506 3933 550 3990 33.
569 3939 646 3991 Dion.
660 3939 719 3990 llal.
734 3941 755 3988 V
758 3939 776 3996 l.
790 3934 833 3990 911.
854 3941 919 3992 Plio.
934 3942 959 3992 t.
973 3955 998 3990 n.
1012 3939 1137 3997 xxxin.
1154 3936 1193 3995 10,
1207 3935 1250 3990 48.
1264 3939 1360 4004 tippttl.
1372 3941 1444 4005 apol.

221 4011 239 4059 1.
249 4025 271 4061 c.
282 4009 377 4060 Senec.
390 4012 422 4060 ert
436 4011 512 4060 lietu.
527 4008 564 4060 12.
604 4012 801 4070 Quadrantibus
821 4012 926 4062 collatis
939 4028 957 4060 a
975 4012 1073 4075 populo
1092 4025 1153 4060 curn
1167 4013 1300 4074 sepultum
1320 4025 1384 4062 osse
1402 4027 1444 4062 re·

222 4079 273 4130 frrt
291 4084 359 4130 anet.
378 4083 412 4131 dc
431 4083 479 4134 uir.
499 4082 535 4132 111.
557 4077 596 4132 ts.

292 4150 352 4208 Hic.
371 4151 424 4202 aiei
442 4167 459 4202 a
473 4151 582 4220 popule)
607 4155 758 4212 Notandum
785 4171 837 4204 non
862 4156 1046 4206 emendandus
1069 4155 1112 4204 cst
1135 4169 1281 4217 peruersus
1302 4157 1444 4206 uerborum

222 4223 288 4272 ordo
306 4223 333 4270 in
352 4223 403 4278 iris,
424 4227 548 4288 quaesto
567 4227 628 4289 pont
648 4228 794 4283 (tenebant,
819 4225 872 4276 Hic
896 4226 935 4276 ito
954 4224 1085 4293 pecuniae
1107 4223 1183 4292 inops
1201 4223 1313 4276 decessit
1329 4231 1372 4278 ot,
1392 4223 1446 4274 cist

221 4308 239 4342 a
258 4291 358 4359 populo
381 4291 492 4345 conlatis
515 4323 549 4333 -
570 4294 732 4347 sectantibus
746 4294 891 4362 samatus
914 4303 993 4356 esset,
1016 4294 1166 4364 sepulturae
1187 4296 1285 4347 bonore
1307 4293 1445 4345 emoleret.

221 4366 424 4414 Obseruabntnr
442 4367 514 4415 initio
533 4369 588 4416 alter
605 4370 725 4418 eiusdem
745 4370 895 4418 sentcntiae
913 4363 999 4419 forma
1017 4370 1133 4418 auctoris
1153 4370 1256 4422 animo.
1279 4364 1334 4416 Hic
1355 4363 1410 4414 tiri
1427 4379 1445 4414 o

215 4433 315 4502 populo
340 4433 451 4486 conlatu
472 4435 634 4488 certantibus
647 4437 793 4505 sarnatus
815 4446 899 4495 esset,
918 4445 1030 4507 propter
1047 4438 1164 4506 inopima
1181 4435 1331 4504 sepultarae
1348 4434 1445 4485 tenore

220 4505 366 4563 comeret,-
390 4509 438 4556 sed
464 4509 532 4558 inter
555 4511 723 4560 scribendum
749 4512 845 4561 obiitus
868 4513 935 4562 initii
956 4513 984 4560 in
1007 4513 1120 4560 aiteram
1145 4511 1232 4563 ittam.
1257 4523 1337 4569 quarn
1362 4521 1445 4569 supra

218 4579 306 4642 posui,
326 4579 415 4627 incidit
434 4581 461 4628 ct
480 4583 618 4644 utramque
636 4583 732 4643 puerili
752 4583 804 4632 ista
822 4598 857 4632 ne
878 4584 1003 4651 tegentia,
1026 4598 1107 4648 quarn
1126 4580 1236 4643 saepius
1254 4580 1307 4627 iarn
1327 4579 1444 4646 castiga·

219 4652 315 4705 urmes,
335 4651 450 4700 miscuit
488 4652 546 4702 vu.
565 4653 599 4700 au
619 4652 639 4705 1.
658 4648 683 4708 5,
702 4648 727 4702 tt.
756 4652 787 4712 u,
810 4599 878 4712 ud.
1286 4642 1289 4649 “

290 4713 316 4772 3.
335 4722 375 4773 Gt.
393 4721 460 4774 Ptin.
480 4724 506 4772 h.
526 4738 550 4775 n.
570 4723 694 4782 xxxut,
716 4719 756 4774 12.
