3409 5400
394 477 459 547 ιω
718 476 778 543 nn
801 472 1046 541 rusnrvns
1069 472 1291 557 sunovu.

392 612 627 702 restitutura
657 615 795 700 huiusce
821 634 916 699 lusus
944 636 997 697 ius
1026 644 1078 699 est
1105 634 1227 700 datum.
1277 634 1487 703 Personarum
1511 658 1512 669 ¹

393 742 553 829 pudorem
576 743 819 806 circumuentae
841 741 1048 805 temulentiae
1071 760 1208 805 eausam
1230 740 1340 808 habet.

352 846 384 913 5.
481 846 557 909 Fuit
579 847 678 915 ctiam
699 845 757 912 illa
778 847 972 934 simplicitas
996 853 1204 937 antiquorum
1227 849 1261 914 in
1285 850 1358 915 cibo
1375 852 1512 935 capiendo

392 952 559 1017 inanitatis
582 951 682 1016 simul
704 964 737 1015 et
758 955 976 1020 continentiae
1000 958 1184 1021 certissima
1205 956 1314 1021 index.
1353 957 1432 1023 Nam
1453 980 1512 1021 mar

393 1060 474 1123 oriris
502 1057 665 1144 prandere
696 1069 729 1120 et
757 1080 899 1126 caenare
927 1063 961 1127 in
989 1062 1160 1150 propatulo
1188 1064 1405 1129 uerecundiae
1432 1084 1493 1127 non

392 1163 463 1229 Nec
492 1184 575 1229 sane
605 1161 690 1228 ullas
719 1164 835 1249 eprdas
864 1166 1045 1243 habebant,
1075 1191 1159 1255 quas
1188 1169 1300 1256 populi
1331 1171 1428 1237 oculis
1456 1172 1511 1235 sub

393 1267 632 1333 erubescerent.
677 1268 782 1334 Erant
814 1271 898 1335 adso
933 1276 1150 1339 continentiae
1194 1278 1306 1340 attenti
1344 1287 1379 1341 ut
1408 1278 1512 1364 ireque

352 1427 357 1440 .
393 1373 483 1457 apud
512 1393 572 1438 eos
598 1373 696 1461 pultis
725 1397 807 1441 usus
837 1400 936 1463 quam
963 1383 1059 1465 panis
1090 1392 1194 1457 esset,
1216 1382 1356 1469 ideoque
1377 1384 1410 1447 in
1437 1387 1512 1449 sacri

391 1476 481 1543 mola
509 1500 592 1566 quae
622 1491 759 1544 uocatur
787 1504 827 1547 ex
849 1484 937 1548 farre
967 1498 998 1549 et
1026 1486 1096 1551 sale
1120 1496 1258 1553 constat.
1305 1488 1387 1553 Exta
1407 1490 1512 1555 ferrer

392 1595 514 1671 guntur
535 1594 569 1649 et
589 1585 698 1671 pullis,
722 1588 842 1673 quibus
866 1591 1018 1676 auspicia
1031 1601 1193 1677 petuntur,
1217 1592 1290 1679 puls
1314 1594 1454 1658 obicitur.
1487 1596 1512 1659 P

391 1696 445 1753 tus
473 1691 563 1755 enim
591 1712 632 1755 cx
661 1692 847 1759 libamentis
875 1696 982 1761 uictus
1007 1700 1058 1761 sui
1081 1697 1162 1763 deos
1187 1720 1226 1763 eo
1252 1699 1417 1765 efficacius
1440 1722 1501 1788 quo

390 1792 510 1878 plicius
533 1795 718 1881 placabant.

350 1900 381 1970 θ,
480 1900 523 1966 Et
545 1911 673 1967 ceteros
698 1903 830 1989 quidem
855 1905 897 1970 ad
921 1906 1191 1975 benefaciendum
1207 1912 1458 1988 uenerabautur3
1481 1914 1512 1977 fe

392 2015 504 2071 autem
531 2007 575 2071 ad
604 2009 714 2073 minus
747 2006 935 2076 nocendum
968 2014 1096 2100 templis
1133 2016 1297 2090 colebant,
1336 2039 1470 2104 quorum
1499 2042 1512 2083 a

391 2130 493 2176 unum
518 2114 555 2178 in
576 2110 723 2189 Palatio,
751 2114 889 2181 alterum
911 2119 947 2182 in
970 2139 1048 2184 area
1070 2120 1294 2186 Marianorum
1317 2138 1512 2191 monument<

391 2218 521 2282 tertium
542 2217 579 2283 in
601 2240 733 2283 summa
753 2231 843 2306 parte
869 2224 933 2286 uici
946 2223 1039 2311 longi
1059 2237 1155 2301 extat,
1178 2230 1213 2291 in
1230 2248 1333 2313 eaque
1348 2230 1500 2305 remedia,

391 2322 583 2407 corporibus
600 2344 789 2411 aegrorum
823 2326 952 2394 adnexa
985 2331 1128 2407 fuerant,
1158 2333 1395 2399 deferebantur.
1445 2335 1512 2401 Hae

390 2424 557 2492 humanas
586 2431 706 2494 mantis
736 2442 848 2496 aestus
872 2433 1041 2499 leniendos
1066 2460 1140 2502 cum
1164 2439 1276 2525 aliqua
1298 2462 1379 2505 usus
1407 2444 1512 2507 ration

391 2533 545 2617 cogitata.
592 2534 744 2601 Getarum
772 2536 995 2605 salubritatem
1024 2564 1120 2607 suam
1150 2542 1330 2611 industriae
1359 2550 1512 2613 certissiu

390 2634 583 2703 fidelissimo
618 2644 819 2708 munimento
859 2644 1046 2723 urebantur,
1075 2649 1249 2736 bonaeque
1280 2651 1469 2720 ualitudinis
1498 2679 1512 2719 e

392 2742 489 2826 quasi
514 2745 677 2828 quaedam
703 2761 809 2815 mater
840 2763 910 2816 erat
935 2754 1124 2841 frugalitas,
1148 2758 1281 2823 inimica
1302 2759 1481 2828 luxuriosis
1507 2787 1512 2824 t

391 2856 424 2910 st
460 2846 568 2914 aliena
599 2854 720 2918 nimiae
751 2858 821 2922 uini
853 2858 1073 2925 abundantias
1109 2872 1141 2926 et
1175 2862 1216 2928 ab
1244 2865 1452 2933 inmoderato
1482 2891 1512 2933 ut

390 2974 456 3018 usu
478 2975 608 3023 auersa.
1030 3047 1035 3058 ‚

266 3055 325 3125 VI.
349 3061 391 3129 1..
442 3079 447 3091 ·
478 3058 570 3127 Idem
593 3067 697 3128 sensit
718 3071 868 3150 proxima
889 3071 1050 3136 maiorum
1071 3085 1257 3142 nostrorum
1279 3082 1432 3166 grauitati
1449 3081 1512 3168 Spe

391 3166 516 3242 ciuitas,
533 3189 618 3256 quae
631 3172 850 3246 seuerissimis
864 3173 1008 3263 Lycurgi
1020 3176 1153 3263 legibus
1167 3183 1396 3270 obtemperans
1411 3188 1512 3274 aliqui

391 3375 415 3429 l.
432 3372 488 3429 ludi
504 3376 541 3432 D.
554 3378 632 3451 ulos]
652 3384 676 3433 is
694 3381 729 3439 Β.
745 3400 790 3452 pr.
811 3385 841 3442 0.
862 3401 931 3440 corr.
944 3388 1007 3440 Par.
1026 3393 1078 3442 hiis
1097 3391 1131 3445 E.
1143 3392 1157 3461 Η
1169 3396 1247 3446 datus
1265 3393 1333 3451 BE,
1348 3413 1396 3466 pr.
1411 3397 1441 3454 C.
1463 3416 1512 3453 cor

425 3443 452 3499 3.
465 3450 492 3514 S.
504 3445 529 3501 5.
549 3467 598 3504 om.
610 3450 642 3504 Γ.
654 3453 668 3521 ΙΙ
679 3450 705 3506 5.
724 3471 820 3508 cenare
838 3455 870 3511 A.
885 3457 897 3525 ΙΙ
913 3455 936 3511 l.
947 3461 1040 3528 lirant]
1053 3460 1115 3515 aad.
1125 3467 1214 3516 autem
1233 3466 1268 3518 Ε.
1283 3466 1295 3538 Η
1310 3471 1479 3523 continenter
1494 3479 1512 3524 A

425 3519 579 3582 frequenter
586 3523 669 3595 pud.
680 3523 694 3590 Η
706 3521 917 3579 il.uocabaturA
925 3527 1129 3585 BCDE'Porr.
1143 3531 1156 3604 Η
1172 3534 1293 3606 10.puls]
1304 3540 1365 3603 plus
1375 3538 1443 3598 BE.
1457 3543 1471 3611 Η
1486 3541 1512 3596 11

413 3588 446 3656 ,ΙΙ
460 3585 500 3641 12.
518 3593 663 3656 placebant
680 3593 715 3647 Ε.
728 3595 742 3663 ΙΙ
756 3591 796 3649 13.
816 3599 842 3660 s.
862 3594 886 3651 6.
906 3614 955 3649 om.
974 3599 1004 3652 Γ.
1025 3600 1038 3670 Η
1057 3609 1145 3656 certos
1164 3605 1200 3658 D.
1217 3608 1231 3674 ΙΙ
1247 3611 1463 3663 beneficiendum
1481 3630 1512 3680 pt

390 3653 432 3710 lt.
441 3663 549 3713 testium
559 3661 591 3716 Β.
603 3665 617 3733 Η
631 3663 671 3717 17.
682 3669 787 3718 adnexa
795 3666 829 3719 Β.
840 3666 855 3735 ΙΙ
869 3665 909 3723 lt.
921 3687 952 3722 ac
962 3672 1131 3742 fidelissimo]
1145 3683 1210 3745 post
1220 3682 1384 3732 munimento
1401 3681 1430 3734 C.
1445 3681 1458 3748 ΙΙ
1471 3683 1512 3736 20.

387 3733 476 3779 mento
494 3727 552 3784 AD
571 3738 598 3784 et
609 3748 654 3801 pr.
672 3733 734 3789 BC.
758 3740 918 3791 monimento
936 3739 964 3794 E
982 3749 1007 3794 et
1027 3759 1072 3811 pr.
1091 3743 1213 3816 111124.
1239 3751 1323 3819 idem]
1368 3751 1505 3806 raemitta't

382 3796 500 3863 pliorem
517 3801 557 3851 De
576 3806 836 3860 externis'institutis
857 3807 934 3863 Tot-r.
945 3810 959 3878 ΙΙ
976 3813 1049 3866 idem
1068 3819 1153 3866 sensit
1171 3833 1219 3868 om.
1238 3819 1270 3871 Γ.
1286 3819 1300 3888 ΙΙ
1318 3819 1335 3874 2
1356 3857 1362 3872 .
1383 3841 1458 3890 quae
1479 3841 1512 3876 cn

388 3870 569 3922 serenissimis
586 3871 623 3928 D.
1176 3881 1179 3890 “

892 3969 1104 3984 ᾖ.

457 4021 483 4081 5.
501 4027 592 4080 Eruet
607 4029 684 4098 adeo)
712 4037 751 4088 Cl'.
773 4037 859 4089 Varro
883 4043 916 4092 de
941 4043 1005 4111 ling.
1023 4045 1084 4099 Lat.
1105 4048 1141 4104 V,
1161 4048 1186 4112 5.
1209 4046 1266 4104 lit.
1291 4052 1406 4108 Plinii.
1427 4072 1455 4109 n.
1477 4059 1512 4108 X*

385 4095 441 4148 qu.
461 4102 514 4150 sat.
532 4100 616 4160 xnu,
639 4100 696 4158 lli.
721 4106 795 4160 Fest.
815 4126 839 4163 u.
859 4115 931 4162 moia
949 4130 974 4177 p.
996 4111 1042 4167 141
1064 4118 1169 4171 Mulier.

456 4167 526 4220 molo
543 4185 610 4237 quoe
626 4178 746 4241 uocatur)
775 4182 856 4234 codd.
875 4185 946 4234 male
965 4183 1124 4245 mactatum
1150 4196 1326 4253 nequeenim
1344 4198 1423 4248 mola
1443 4203 1512 4252 obse

385 4238 485 4290 Valerii
503 4244 593 4292 aetate
610 4259 697 4308 neque
716 4248 769 4298 alio
787 4254 894 4303 nomine
913 4257 1100 4320 appellabatur
1126 4264 1207 4324 atque
1226 4266 1340 4326 antiquis
1360 4268 1418 4318 illis
1439 4273 1512 4335 temp

383 4309 520 4363 Praesens
542 4316 649 4378 tempus
677 4321 868 4374 restituendum
896 4339 959 4376 esse
987 4329 1106 4381 uiderunt
1125 4333 1247 4398 Guyetus
1275 4340 1303 4386 et
1326 4337 1454 4401 Lipsius.
1506 4343 1512 4392 l

384 4383 508 4442 quamue
525 4386 614 4436 minus
632 4388 752 4450 placeret
764 4406 831 4458 quus
847 4393 1008 4452 caedatur,
1029 4403 1183 4454 mutandum
1195 4409 1286 4456 tamar
1298 4422 1352 4458 nou
1371 4411 1470 4462 uisum
1485 4426 1512 4463 et

384 4451 420 4502 sd
436 4455 546 4505 modum
563 4455 704 4520 Torrenio‚
732 4465 803 4524 quod
826 4467 908 4517 sciret
933 4469 1078 4523 ‘Valerium
1103 4487 1188 4538 saepe
1212 4478 1292 4526 etiarn
1320 4479 1415 4531 sileno
1436 4484 1504 4534 loeo

383 4521 499 4583 adicere,
518 4529 590 4588 quod
607 4544 686 4582 nemo
705 4533 888 4590 desiderarst'.
1456 4571 1457 4574 ¹

454 4589 480 4647 t.
499 4597 539 4650 01.
557 4599 610 4652 Cic.
629 4602 662 4651 de
680 4606 736 4656 nal.
756 4606 827 4659 deor.
846 4608 893 4667 111,
912 4606 956 4670 25,
977 4606 1019 4664 63.
1049 4617 1082 4666 de
1100 4617 1175 4684 legg.
1193 4618 1232 4677 11,
1258 4616 1304 4678 ll,
1324 4616 1368 4674 28.
1398 4624 1475 4678 Plin.
1497 4629 1512 4677 n

386 4653 1334 4758 ⁷‚t.auu.n.xu‚11.naet1‚ao,1rp.srnuoesn.sut
1392 4737 1395 4742 .
1459 4739 1462 4746 ⁴
