3409 5400
422 519 506 589 LIB.
527 518 617 599 VIII,
640 520 677 590 0.
702 522 733 600 1,
756 518 895 593 DAMN.
919 532 948 603 ι
972 524 1092 595 e-t.
1231 532 1242 549 ⁶
1341 530 1406 615 605

271 683 410 753 Sextum
432 705 563 771 quoque
587 681 705 751 Titium
728 684 845 753 similis
878 707 977 753 casus
1005 688 1192 772 prostrauit.
1250 688 1329 756 licat
1353 692 1406 757 in·
1416 688 1446 759 3.

157 814 321 869 nocens,
343 802 414 858 erat
436 792 569 879 agraria
591 790 666 879 lege
688 790 756 857 lata
771 794 936 881 gratiosus
960 792 1048 879 apud
1070 793 1235 881 pupulum.
1282 795 1407 865 Tamen

161 901 273 991 quod
300 898 470 969 Saturnini
497 899 677 987 Imaginem
707 898 796 967 domi
823 899 1002 979 habuerat,
1036 900 1206 989 suffragiis
1236 922 1310 967 eum
1340 912 1406 971 tota

98 1060 100 1101 ‚
161 1010 292 1075 contio
315 1006 489 1093 oppressit.
886 1014 889 1019 '

98 1199 99 1206 ἵ
132 1130 151 1173 ιι
270 1114 439 1181 Adiciatur
460 1113 515 1180 his
539 1114 693 1190 Claudia,
717 1134 817 1201 quam
840 1115 1004 1181 insontem
1033 1114 1183 1191 crimine,
1215 1137 1279 1202 qno
1310 1138 1406 1181 accu·
1417 1115 1447 1184 4.

166 1220 336 1297 sabatur,
363 1233 475 1288 uotum
502 1223 640 1308 impium
670 1220 845 1296 subuertit,
878 1222 972 1308 quia,
1007 1243 1081 1286 cum
1110 1244 1131 1289 a
1158 1220 1243 1287 ludis
1273 1216 1405 1291 domum

170 1362 198 1417 i.
220 1364 252 1429 8.
272 1359 291 1416 3
308 1378 358 1417 oet.
376 1360 409 1420 I'.
419 1360 471 1431 112.
492 1364 520 1415 et
541 1366 632 1414 temen
655 1361 690 1417 II.
709 1361 722 1434 ΙΙ
741 1360 767 1418 d.
791 1364 874 1431 quedl
894 1364 956 1431 quia
974 1360 1114 1416 semer.
1135 1360 1149 1435 ΙΙ
1166 1368 1223 1418 tots
1241 1364 1355 1433 contin]
1378 1364 1407 1417 ia

98 1479 99 1482 ,
167 1449 280 1488 resera
302 1434 334 1487 Δ.
357 1438 415 1487 tota
438 1436 553 1504 cognitio
582 1432 748 1489 uerrere.
765 1435 779 1504 ΙΙ
789 1433 816 1489 5.
839 1436 975 1490 Adiciatur
1004 1463 1038 1475 -
1062 1437 1181 1505 crimine]
1211 1438 1349 1491 Claudiam
1380 1438 1406 1489 in

171 1508 293 1558 crimine
311 1504 344 1560 Γ.
356 1507 369 1577 ΙΙ
381 1522 433 1574 quo
452 1507 631 1557 accusabatur
648 1522 698 1561 οιιι.
718 1505 796 1559 Tere.

172 1627 271 1682 dictur
288 1632 401 1681 mumuit
423 1630 535 1699 Ptgbius
558 1634 586 1684 st
609 1631 798 1697 iuterpretatur
821 1633 864 1682 est
888 1631 1033 1683 Decianum
1052 1634 1138 1698 ipsum
1163 1635 1225 1699 pest
1246 1634 1405 1685 tribunatum

98 1716 100 1737 ¹
172 1702 335 1753 maiestatis
353 1717 428 1753 reum
447 1706 583 1766 tamquam
602 1702 757 1767 participem
777 1702 916 1753 seditionis
934 1702 1101 1767 Apuleiannu
1122 1706 1149 1755 iu
1169 1706 1276 1755 exitium
1295 1706 1405 1755 missum

98 1825 99 1842 χ
173 1788 261 1833 csse,
286 1788 367 1840 quam
386 1789 502 1839 poenam
521 1775 581 1838 ipse
603 1773 683 1825 Furio
707 1773 907 1827 destinauissei.
943 1774 977 1823 lii
998 1788 1065 1827 sane
1087 1776 1234 1827 Decianum
1259 1777 1406 1827 damnatio·

98 1857 99 1862 ’
174 1860 243 1897 uem
263 1859 325 1895 eam
342 1859 455 1909 passum
473 1846 499 1895 in
517 1845 629 1896 Pontum
641 1859 673 1895 se
692 1846 719 1896 et
738 1847 772 1895 ed
785 1847 877 1909 partes
890 1845 1086 1897 Mithridaticae
1103 1848 1249 1899 contulisse
1262 1848 1407 1899 memoriae

175 1916 300 1981 prodidit
317 1915 478 1966 scholiastes
496 1916 647 1969 Bobiessis.
690 1916 783 1967 Addici
807 1916 897 1967 aulem
921 1918 1028 1981 proprie
1046 1932 1080 1968 es
1098 1918 1232 1976 dicuntur.
1252 1932 1321 1983 quae
1340 1920 1406 1967 tum·

176 2002 265 2054 quam
283 1987 374 2038 debita
390 1988 469 2039 atcut
486 1988 679 2039 adiudicautur.
713 1988 869 2050 ltaquenon
886 1990 943 2038 tam
964 1988 991 2039 id
1010 1989 1101 2039 mtrari
1117 1990 1235 2041 debebat
1252 1988 1406 2047 Torrentur,

98 2059 99 2102 ἶ
177 2060 254 2124 quud
279 2058 387 2109 omnino
405 2058 581 2122 compositum
605 2061 648 2109 ert
666 2054 791 2109 addicere
809 2072 912 2125 peenas
930 2074 1008 2124 qnam
1033 2061 1102 2121 quod
1126 2061 1159 2111 de
1177 2062 1336 2111 accusatore
1354 2061 1406 2111 iroe

98 2127 99 2160 ³
179 2130 287 2181 dicitur.
328 2127 392 2187 sen,
414 2129 443 2179 ni
462 2130 551 2179 omnia
572 2143 617 2179 me
635 2129 737 2188 saliunt,
763 2129 887 2179 Valerius
909 2126 1055 2179 Decianum
1079 2142 1127 2181 eas
1151 2144 1254 2195 peenas
1278 2130 1308 2180 Ρ.
1328 2130 1405 2181 Furio

179 2200 349 2265 pependisse
366 2200 450 2257 tinxit.
471 2214 541 2262 ques
558 2200 597 2250 ilii
614 2202 788 2251 accusatione
805 2212 865 2253 sua.
884 2202 1011 2265 qttsnlttm
1030 2200 1056 2251 ln
1074 2202 1133 2265 ipse
1152 2203 1248 2261 iuerat,
1267 2202 1407 2253 addixerat

180 2272 296 2336 perinde
319 2286 353 2321 ac
370 2272 394 2321 si
418 2271 499 2321 iudex
517 2272 600 2324 esset.
647 2269 773 2323 Similiter
796 2270 926 2321 damnare
950 2272 1030 2321 etism
1059 2286 1133 2323 rcum
1158 2273 1208 2323 boc
1232 2272 1355 2336 exemplo
1380 2274 1407 2321 ut

181 2341 248 2393 alibi
267 2342 430 2405 saepissime
448 2342 542 2391 dicitur
560 2344 715 2399 accusator.
740 2356 901 2406 quamquam
925 2342 1032 2405 proprie
1056 2342 1083 2393 id
1107 2342 1247 2393 Iudicaniis
1267 2343 1317 2395 est.
1354 2340 1405 2393 De·

182 2414 319 2465 serendae
335 2413 415 2481 igitur
432 2413 573 2478 archetypi
591 2413 740 2477 scripturae
758 2412 831 2463 uuiia
848 2410 968 2477 proiecto
987 2426 1072 2463 causa
1090 2414 1139 2465 est

255 2477 282 2536 3.
301 2482 340 2536 Ci'.
358 2481 418 2535 Cic!
430 2498 478 2547 pro
496 2486 525 2535 C.
543 2482 611 2538 Rab.
628 2484 703 2547 perd.
721 2480 747 2543 9.
765 2478 810 2535 24.

98 2565 99 2576 ’
256 2553 360 2606 Sectam
378 2568 478 2621 pauper
496 2551 602 2609 Ίῖιίιιιιι)
619 2553 752 2605 Deserto
764 2554 842 2612 Titio.
862 2554 990 2605 seditioso
1008 2553 1112 2607 tribuno
1123 2554 1193 2619 plebi
1212 2570 1237 2605 a.
1256 2570 1282 2604 u.
1302 2569 1324 2608 c.
1344 2546 1405 2615 655,

98 2617 99 2624 ’
184 2629 213 2679 ιι
231 2628 266 2679 ao
284 2628 345 2695 tege
363 2624 434 2675 etus
452 2626 563 2693 agraria
580 2625 613 2678 ct.
633 2625 686 2677 cm
705 2626 738 2675 m
756 2642 796 2676 οι.
813 2624 847 2682 ιι.
870 2618 910 2683 ιι,
928 2620 965 2675 te
983 2626 1009 2675 et
1028 2626 1061 2676 ee
1079 2625 1151 2695 regg.
1173 2624 1204 2684 ιι,
1223 2620 1249 2685 e,
1271 2620 1311 2677 te

98 2704 100 2735 t
257 2701 312 2749 teta
330 2694 415 2748 centio
433 2694 575 2765 oppressit)
591 2696 746 2766 Legebntur
763 2697 790 2746 in
808 2697 900 2748 codiee
912 2696 1060 2763 archetypo
1076 2699 1102 2750 et
1120 2699 1147 2748 in
1166 2690 1325 2748 editionibus
1344 2694 1406 2749 inde

185 2787 205 2821 a
221 2770 356 2838 Pighiana
373 2784 426 2818 uon
445 2765 539 2830 seatio,
559 2770 608 2819 sed
627 2765 749 2833 copritio.
790 2773 876 2829 Quum
900 2778 992 2819 trucem
1017 2769 1103 2820 iocum
1125 2783 1177 2819 non
1196 2769 1297 2820 habere
1316 2767 1406 2818 subtili

185 2842 282 2893 iudicio
304 2840 442 2904 perspexit
464 2841 620 2890 emendator
643 2839 703 2889 iibri
725 2839 879 2890 Beroensis.
926 2839 1030 2889 Etenim
1053 2854 1122 2905 quae
1145 2839 1320 2902 praecedunt.
1349 2841 1407 2888 erui

98 2934 99 2951 t
187 2909 297 2979 aprarie
314 2909 369 2976 tepe
385 2907 441 2960 iata
456 2909 590 2975 pretium
607 2906 680 2977 upad
691 2907 833 2977 metum,
858 2909 930 2960 nullo
949 2910 1002 2960 etto
1022 2911 1132 2962 consilio
1151 2912 1243 2961 addita
1261 2922 1324 2960 esse
1342 2923 1405 2974 pus·

188 2986 249 3035 sunt
267 2998 346 3046 quam
366 2984 395 3030 ut
411 2981 472 3031 Titii
496 2983 631 3033 damuatio
655 2996 688 3032 co
715 2981 805 3049 magis
828 2982 999 3043 inexpectata
1023 2983 1155 3032 accidisse
1180 2982 1330 3033 declaretur
1353 2995 1405 3046 quo

189 3056 316 3108 maiorem
339 3054 386 3104 ille
409 3054 560 3120 possederit
582 3053 671 3119 popuii
696 3052 828 3120 suffragia
853 3051 964 3102 ferentis
987 3053 1116 3104 fauorem.
1166 3053 1290 3116 Equitum
1315 3055 1405 3102 sutem

98 3140 99 3167 t
189 3127 314 3184 ordinem.
331 3138 410 3186 quem
421 3125 513 3176 cicero
531 3139 593 3176 eam
611 3139 723 3174 causam
741 3124 877 3173 iudicasse
896 3124 1018 3182 testatur,
1038 3138 1091 3174 non
1103 3138 1267 3190 magnopere
1281 3123 1405 3187 proiectu

98 3212 99 3227 ¹
190 3197 297 3266 agraria
319 3196 381 3262 iege
403 3195 456 3244 sibi
479 3196 668 3246 conciliauerat
690 3195 789 3251 TItius.
817 3207 906 3256 neque
930 3195 1015 3244 utrum
1039 3196 1108 3257 apud
1139 3195 1244 3258 piebem
1268 3195 1406 3262 gratiosus

191 3269 271 3324 esset.
289 3265 361 3316 iilius
379 3265 448 3314 adeo
465 3267 572 3328 poterat
588 3267 730 3316 iuteresse.
766 3267 858 3330 itaque
877 3279 893 3316 c
908 3264 1006 3316 Valerii
1023 3267 1112 3316 meula
1126 3279 1237 3314 causam
1256 3265 1314 3314 uitis
1333 3263 1406 3326 apud

98 3354 99 3383 ι
190 3337 314 3402 populum
333 3336 422 3386 sctum
440 3339 637 3400 esssspparet.
656 3337 727 3396 qued
746 3336 878 3402 suffragia
897 3350 1001 3400 quoque
1018 3335 1144 3393 indicaui.
1162 3349 1233 3396 quae
1251 3335 1406 3398 plerumque

98 3440 99 3457 ι
191 3407 279 3472 popuii
295 3408 366 3462 suni.
385 3420 495 3469 perraro
513 3406 628 3456 iudlcum
645 3406 804 3456 sententiae.
840 3407 1021 3468 Quapropter,
1039 3405 1162 3472 quamuis
1181 3405 1253 3454 allud
1272 3403 1406 3453 suadeant

192 3479 250 3530 iibri
266 3475 453 3540 manuscripti.
476 3490 541 3526 uam
557 3477 673 3544 cognitio
696 3490 750 3525 aun
774 3476 816 3526 eat
840 3475 958 3534 uniuersi
981 3476 1087 3538 popuii,
1109 3475 1200 3524 iacere
1224 3488 1276 3524 non
1295 3485 1407 3537 pessum

195 3551 253 3612 quin
266 3548 400 3599 Valerium
418 3547 511 3597 contra
528 3550 648 3611 apertum
667 3545 803 3595 Ciceronis
821 3543 1000 3594 testimonium
1019 3545 1052 3595 de
1068 3544 1158 3608 pepuli
1169 3543 1265 3594 tuileto
1282 3543 1408 3598 retulisse

195 3624 222 3672 et
237 3620 380 3684 scripsisse
398 3617 515 3676 credam.
533 3619 603 3683 quod
627 3616 786 3683 corrigendo
810 3614 899 3666 erecte
921 3615 1076 3666 emendator
1098 3615 1159 3668 iibri
1181 3615 1327 3673 Dauieiiui.
1350 3629 1407 3666 cers

196 3695 247 3743 tete
263 3687 348 3741 metio
366 3686 507 3756 oppressit
526 3703 580 3739 nnn
597 3688 701 3738 scilicet
716 3685 973 3736 aalmaduertentem
990 3701 1034 3744 ea,
1055 3700 1126 3748 quae
1144 3685 1207 3736 iacti
1226 3686 1297 3736 iilius
1315 3700 1407 3736 nerra·

196 3765 287 3814 tionem
310 3761 446 3824 excipiunt
468 3760 539 3824 apud
562 3759 716 3810 ciceronem
744 3757 806 3806 iude
834 3771 852 3806 a
877 3757 967 3808 uerbis
993 3759 1141 3812 summat
1167 3755 1265 3824 equites
1284 3753 1406 3810 Βοιαὶ.

98 3856 99 3881 ι
198 3834 295 3885 obiciett
318 3830 415 3895 aliquis
436 3845 471 3882 ue
489 3831 639 3882 conbanem
662 3829 767 3894 quidem
790 3830 842 3879 boc
869 3829 937 3893 quud
962 3828 1107 3892 putabatur
1129 3829 1219 3892 popuii
1241 3828 1366 3880 iudicium
1388 3843 1407 3880 s

198 3904 297 3956 Valerio
323 3902 374 3952 dici
403 3901 538 3964 potuisse,
567 3903 637 3966 quod
661 3901 688 3950 in
714 3900 767 3950 bac
788 3912 874 3951 eausa
896 3915 956 3950 cum
981 3900 1077 3964 populo
1100 3902 1188 3951 actum
1216 3901 1291 3952 eaesi
1316 3901 1355 3950 ita
1378 3901 1407 3950 ut

198 3976 330 4044 regeretur
353 3973 467 4036 populus
491 3973 553 4034 quid
580 3972 718 4040 suffragiis
740 3972 798 4021 suis
820 3971 936 4028 iubereir
962 3972 1111 4022 contionem
1133 3973 1224 4024 autem
1247 3973 1406 4024 conuentum

98 4040 99 4044 ¹
198 4061 257 4098 esse
272 4045 362 4109 popuii
379 4044 439 4094 sine
460 4044 516 4093 uita
536 4043 685 4112 rogatione.
720 4043 773 4105 (Gi.
797 4042 865 4092 Geli.
888 4041 964 4100 xiii.
989 4037 1036 4100 15.
1063 4040 1103 4096 ili.
1127 4041 1181 4092 cic.
1205 4057 1252 4105 pro
1270 4041 1341 4096 Sest.
1360 4038 1405 4101 50.

201 4111 271 4180 iiii).
306 4115 361 4166 Sed
384 4115 507 4165 Valerius
533 4116 560 4164 iu
579 4114 762 4165 discernendis
785 4111 828 4161 bis
850 4113 1000 4169 nottenibus
1024 4127 1076 4164 uon
1100 4115 1169 4164 adeo
1190 4117 1331 4164 scuuratus
1352 4115 1405 4171 ast,

199 4185 427 4320 {stetit
443 4183 1064 4317 :timi”titttttttitt'ettttt
1082 4184 1227 4306 ‘iiiiii‘
1248 4183 1356 4307 i⁰‘.¹i¹;
1377 4180 1406 4302 i

215 4276 247 4310 x·
1216 4289 1224 4314 ἱ
1271 4287 1279 4312 i
1356 4285 1364 4302 ⁸

201 4344 269 4396 eopse
278 4327 358 4395 sacto
376 4323 497 4393 eritipcta
512 4324 632 4377 cratim
648 4323 694 4393 pei
710 4322 824 4376 rasisse
841 4338 965 4376 mereare
980 4323 1118 4391 periturae
1135 4330 1292 4392 reciperem
1309 4320 1405 4375 aeden

98 4418 99 4421 ¹
201 4400 266 4452 triete
281 4397 437 4466 reffrcpiem
453 4395 552 4450 tadmt.
587 4398 642 4448 Ites
655 4400 744 4448 autem
762 4396 801 4448 ita
818 4410 849 4446 se
863 4396 991 4446 babuisse
1004 4397 1119 4448 uideturr
1138 4397 1255 4461 equitum
1267 4397 1342 4458 orde.
1361 4397 1405 4460 qut

201 4476 249 4524 tum
264 4471 406 4522 member
422 4470 532 4525 iudicia.
557 4471 666 4533 propter
688 4469 776 4537 legem
800 4468 880 4517 istam
903 4467 1038 4534 agrariam
1056 4468 1266 4532 popularemque
1285 4467 1405 4522 inuocem

201 4545 308 4596 intensus
326 4541 410 4599 Titio.
428 4555 504 4592 reum
528 4540 679 4599 damnauit,
704 4553 815 4590 causam
840 4551 887 4601 per
905 4537 1101 4590 simulationem
1120 4537 1312 4602 praetendens,
1336 4538 1406 4604 quod

98 4648 99 4653 =
201 4614 321 4669 suerunt
337 4611 483 4682 imsgiuem
501 4610 572 4662 domi
590 4611 739 4664 habuisset.

259 4682 284 4738 i.
302 4683 341 4736 Gi.
359 4684 419 4736 Lim
437 4684 500 4747 epit.
517 4683 577 4736 libr.
595 4683 670 4734 xix.
693 4683 724 4736 A.
746 4683 813 4735 Geli.
830 4683 866 4743 X,
884 4678 910 4734 ii,
934 4681 1007 4734 Suet
1026 4677 1085 4730 Tib.
1102 4673 1129 4732 2.

260 4755 385 4811 ιἰιιοιιίαιι
413 4752 537 4811 maiae.
568 4768 619 4823 peu
647 4751 843 4818 weuabmr.)
870 4754 960 4808 Verba
986 4765 1036 4820 pso
1064 4745 1256 4808 umatum,
1283 4752 1404 4806 omnium
