<?xml version="1.0" encoding="UTF-8"?>
<!DOCTYPE html PUBLIC "-//W3C//DTD XHTML 1.0 Transitional//EN"
    "http://www.w3.org/TR/xhtml1/DTD/xhtml1-transitional.dtd">
<html xmlns="http://www.w3.org/1999/xhtml" xml:lang="en" lang="en">
 <head>
  <title>
</title>
<meta http-equiv="Content-Type" content="text/html;charset=utf-8" />
  <meta name='ocr-system' content='tesseract 3.04.00' />
  <meta name='ocr-capabilities' content='ocr_page ocr_carea ocr_par ocr_line ocrx_word'/>
</head>
<body>
  <div class='ocr_page' id='page_1' title='image "./valerimaximifac00parigoog_0102.png"; bbox 0 0 3409 5400; ppageno 0'>
   <div class='ocr_carea' id='block_1_1' title="bbox 1405 474 1564 601">
    <p class='ocr_par' dir='ltr' id='par_1_1' title="bbox 1405 474 1564 601">
     <span class='ocr_line' id='line_1_1' title="bbox 1405 474 1564 601; baseline -0.019 0"><span class='ocrx_word' id='word_1_1' title='bbox 1405 474 1564 601; x_wconf 63' lang='lat' dir='ltr'><strong>erv</strong></span> 
     </span>
    </p>
   </div>
   <div class='ocr_carea' id='block_1_2' title="bbox 157 687 1532 4104">
    <p class='ocr_par' dir='ltr' id='par_1_2' title="bbox 157 687 1532 1521">
     <span class='ocr_line' id='line_1_2' title="bbox 221 687 1448 777; baseline 0 -18"><span class='ocrx_word' id='word_1_2' title='bbox 221 692 365 759; x_wconf 85' lang='lat' dir='ltr'><strong>diuersis</strong></span> <span class='ocrx_word' id='word_1_3' title='bbox 394 687 615 758; x_wconf 88' lang='lat' dir='ltr'><strong>uoluminibus</strong></span> <span class='ocrx_word' id='word_1_4' title='bbox 642 688 757 777; x_wconf 79' lang='lat' dir='ltr'><strong>lapsos</strong></span> <span class='ocrx_word' id='word_1_5' title='bbox 786 711 863 757; x_wconf 90' lang='lat' dir='ltr'><strong>esse</strong></span> <span class='ocrx_word' id='word_1_6' title='bbox 890 690 1059 769; x_wconf 76' lang='lat' dir='ltr'>librarios,</span> <span class='ocrx_word' id='word_1_7' title='bbox 1095 712 1302 761; x_wconf 88' lang='lat' dir='ltr'><strong>communem</strong></span> <span class='ocrx_word' id='word_1_8' title='bbox 1335 714 1448 759; x_wconf 86' lang='lat' dir='ltr'><strong>eorum</strong></span> 
     </span>
     <span class='ocr_line' id='line_1_3' title="bbox 220 796 1447 888; baseline 0.002 -23"><span class='ocrx_word' id='word_1_9' title='bbox 220 800 385 887; x_wconf 77' lang='lat' dir='ltr'>originem</span> <span class='ocrx_word' id='word_1_10' title='bbox 408 796 645 873; x_wconf 78' lang='lat' dir='ltr'><strong>demonstrent,</strong></span> <span class='ocrx_word' id='word_1_11' title='bbox 668 816 687 859; x_wconf 93' lang='lat' dir='ltr'><strong>e</strong></span> <span class='ocrx_word' id='word_1_12' title='bbox 709 796 827 885; x_wconf 88' lang='lat' dir='ltr'><strong>quibus</strong></span> <span class='ocrx_word' id='word_1_13' title='bbox 852 821 953 865; x_wconf 90' lang='lat' dir='ltr'><strong>unum</strong></span> <span class='ocrx_word' id='word_1_14' title='bbox 969 798 1048 865; x_wconf 89' lang='lat' dir='ltr'><strong>illud</strong></span> <span class='ocrx_word' id='word_1_15' title='bbox 1068 797 1447 888; x_wconf 79' lang='lat' dir='ltr'><strong>exhibeemquodPeris</strong></span> 
     </span>
     <span class='ocr_line' id='line_1_4' title="bbox 219 903 1448 993; baseline 0 -20"><span class='ocrx_word' id='word_1_16' title='bbox 219 904 247 983; x_wconf 81' lang='lat'><strong>1,</strong></span> <span class='ocrx_word' id='word_1_17' title='bbox 270 908 304 984; x_wconf 82' lang='lat'><strong>4,</strong></span> <span class='ocrx_word' id='word_1_18' title='bbox 326 907 347 973; x_wconf 81' lang='lat' dir='ltr'><strong>o</strong></span> <span class='ocrx_word' id='word_1_19' title='bbox 371 911 417 992; x_wconf 88' lang='lat' dir='ltr'><strong>(p.</strong></span> <span class='ocrx_word' id='word_1_20' title='bbox 440 906 462 973; x_wconf 84' lang='lat'><em>8</em></span> <span class='ocrx_word' id='word_1_21' title='bbox 485 905 538 970; x_wconf 89' lang='lat' dir='ltr'><strong>ed.</strong></span> <span class='ocrx_word' id='word_1_22' title='bbox 562 903 656 986; x_wconf 76' lang='lat' dir='ltr'><strong>Mai.)</strong></span> <span class='ocrx_word' id='word_1_23' title='bbox 681 903 874 973; x_wconf 82' lang='lat' dir='ltr'><strong>Ciceronem</strong></span> <span class='ocrx_word' id='word_1_24' title='bbox 898 906 987 993; x_wconf 81' lang='lat' dir='ltr'><strong>apud</strong></span> <span class='ocrx_word' id='word_1_25' title='bbox 1010 906 1204 973; x_wconf 77' lang='lat' dir='ltr'><strong>Caletanum</strong></span> <span class='ocrx_word' id='word_1_26' title='bbox 1225 907 1354 985; x_wconf 82' lang='lat' dir='ltr'><strong>uillam,</strong></span> <span class='ocrx_word' id='word_1_27' title='bbox 1382 907 1448 975; x_wconf 90' lang='lat' dir='ltr'><strong>Ne-</strong></span> 
     </span>
     <span class='ocr_line' id='line_1_5' title="bbox 220 1012 1449 1101; baseline 0.006 -24"><span class='ocrx_word' id='word_1_28' title='bbox 220 1015 377 1101; x_wconf 73' lang='lat' dir='ltr'><strong>potianus</strong></span> <span class='ocrx_word' id='word_1_29' title='bbox 405 1012 436 1090; x_wconf 89' lang='lat'><strong>1,</strong></span> <span class='ocrx_word' id='word_1_30' title='bbox 460 1014 492 1090; x_wconf 77' lang='grc' dir='ltr'><strong>ὅ,</strong></span> <span class='ocrx_word' id='word_1_31' title='bbox 521 1015 542 1081; x_wconf 82' lang='lat' dir='ltr'><strong>o</strong></span> <span class='ocrx_word' id='word_1_32' title='bbox 575 1019 620 1101; x_wconf 87' lang='lat' dir='ltr'><strong>(p.</strong></span> <span class='ocrx_word' id='word_1_33' title='bbox 653 1016 696 1084; x_wconf 81' lang='lat'><strong>98</strong></span> <span class='ocrx_word' id='word_1_34' title='bbox 724 1018 777 1083; x_wconf 85' lang='lat' dir='ltr'><strong>ed.</strong></span> <span class='ocrx_word' id='word_1_35' title='bbox 805 1014 899 1097; x_wconf 83' lang='lat' dir='ltr'><strong>Mei.)</strong></span> <span class='ocrx_word' id='word_1_36' title='bbox 927 1015 962 1081; x_wconf 92' lang='lat' dir='ltr'><strong>in</strong></span> <span class='ocrx_word' id='word_1_37' title='bbox 992 1014 1149 1081; x_wconf 80' lang='lat' dir='ltr'><strong>Caietano</strong></span> <span class='ocrx_word' id='word_1_38' title='bbox 1181 1015 1268 1096; x_wconf 82' lang='lat' dir='ltr'><strong>(cod.</strong></span> <span class='ocrx_word' id='word_1_39' title='bbox 1292 1017 1449 1099; x_wconf 60' lang='lat' dir='ltr'><strong>mereo)</strong></span> 
     </span>
     <span class='ocr_line' id='line_1_6' title="bbox 220 1120 1532 1211; baseline 0.003 -26"><span class='ocrx_word' id='word_1_40' title='bbox 220 1142 307 1209; x_wconf 76' lang='lat' dir='ltr'><strong>egro</strong></span> <span class='ocrx_word' id='word_1_41' title='bbox 329 1121 397 1186; x_wconf 86' lang='lat' dir='ltr'><strong>foto</strong></span> <span class='ocrx_word' id='word_1_42' title='bbox 420 1120 568 1187; x_wconf 84' lang='lat' dir='ltr'><strong>functum</strong></span> <span class='ocrx_word' id='word_1_43' title='bbox 592 1144 668 1189; x_wconf 87' lang='lat' dir='ltr'><strong>esse</strong></span> <span class='ocrx_word' id='word_1_44' title='bbox 695 1126 838 1191; x_wconf 81' lang='lat' dir='ltr'><strong>referunt</strong></span> <span class='ocrx_word' id='word_1_45' title='bbox 859 1124 1037 1189; x_wconf 83' lang='lat' dir='ltr'><strong>manifesto</strong></span> <span class='ocrx_word' id='word_1_46' title='bbox 1065 1122 1251 1210; x_wconf 71' lang='lat' dir='ltr'><strong>corruptela</strong></span> <span class='ocrx_word' id='word_1_47' title='bbox 1276 1144 1337 1211; x_wconf 83' lang='lat' dir='ltr'><strong>pro</strong></span> <span class='ocrx_word' id='word_1_48' title='bbox 1362 1124 1449 1189; x_wconf 79' lang='lat' dir='ltr'><strong>Gete-</strong></span> <span class='ocrx_word' id='word_1_49' title='bbox 1527 1122 1532 1131; x_wconf 82' lang='grc'><em>“</em></span> 
     </span>
     <span class='ocr_line' id='line_1_7' title="bbox 219 1228 1448 1318; baseline 0.003 -25"><span class='ocrx_word' id='word_1_50' title='bbox 219 1236 298 1293; x_wconf 81' lang='lat' dir='ltr'><strong>tarra</strong></span> <span class='ocrx_word' id='word_1_51' title='bbox 320 1240 351 1294; x_wconf 86' lang='lat' dir='ltr'><strong>et</strong></span> <span class='ocrx_word' id='word_1_52' title='bbox 374 1229 531 1293; x_wconf 67' lang='lat' dir='ltr'><strong>cddeoo.</strong></span> <span class='ocrx_word' id='word_1_53' title='bbox 575 1228 751 1298; x_wconf 80' lang='lat' dir='ltr'><strong>Breuitotis</strong></span> <span class='ocrx_word' id='word_1_54' title='bbox 774 1253 879 1297; x_wconf 78' lang='lat' dir='ltr'><strong>censs</strong></span> <span class='ocrx_word' id='word_1_55' title='bbox 900 1229 987 1297; x_wconf 85' lang='lat' dir='ltr'><strong>lnmc</strong></span> <span class='ocrx_word' id='word_1_56' title='bbox 1011 1231 1158 1298; x_wconf 81' lang='lat' dir='ltr'><strong>codicem</strong></span> <span class='ocrx_word' id='word_1_57' title='bbox 1180 1229 1318 1304; x_wconf 79' lang='lat' dir='ltr'><strong>Valerii.</strong></span> <span class='ocrx_word' id='word_1_58' title='bbox 1342 1252 1360 1297; x_wconf 89' lang='lat' dir='ltr'><strong>e</strong></span> <span class='ocrx_word' id='word_1_59' title='bbox 1384 1254 1448 1318; x_wconf 93' lang='lat' dir='ltr'><strong>quo</strong></span> 
     </span>
     <span class='ocr_line' id='line_1_8' title="bbox 219 1335 1448 1429; baseline 0.006 -28"><span class='ocrx_word' id='word_1_60' title='bbox 219 1337 289 1403; x_wconf 87' lang='lat' dir='ltr'><strong>duo</strong></span> <span class='ocrx_word' id='word_1_61' title='bbox 313 1336 359 1403; x_wconf 90' lang='lat' dir='ltr'><strong>illi</strong></span> <span class='ocrx_word' id='word_1_62' title='bbox 379 1335 454 1405; x_wconf 86' lang='lat' dir='ltr'><strong>libri</strong></span> <span class='ocrx_word' id='word_1_63' title='bbox 481 1336 658 1414; x_wconf 82' lang='lat' dir='ltr'><strong>fluxerunt,</strong></span> <span class='ocrx_word' id='word_1_64' title='bbox 687 1360 826 1426; x_wconf 91' lang='lat' dir='ltr'><strong>quornm</strong></span> <span class='ocrx_word' id='word_1_65' title='bbox 848 1338 950 1405; x_wconf 83' lang='lat' dir='ltr'><strong>ultero</strong></span> <span class='ocrx_word' id='word_1_66' title='bbox 973 1339 1083 1415; x_wconf 84' lang='lat' dir='ltr'><strong>Paris,</strong></span> <span class='ocrx_word' id='word_1_67' title='bbox 1112 1338 1214 1404; x_wconf 79' lang='lat' dir='ltr'><strong>altero</strong></span> <span class='ocrx_word' id='word_1_68' title='bbox 1244 1338 1448 1429; x_wconf 70' lang='lat' dir='ltr'><strong>Nepotianus</strong></span> 
     </span>
     <span class='ocr_line' id='line_1_9' title="bbox 157 1445 761 1521; baseline -0.01 -5"><span class='ocrx_word' id='word_1_69' title='bbox 157 1512 160 1516; x_wconf 24' lang='lat' dir='ltr'><em>f</em></span> <span class='ocrx_word' id='word_1_70' title='bbox 219 1468 306 1513; x_wconf 90' lang='lat' dir='ltr'><strong>usus</strong></span> <span class='ocrx_word' id='word_1_71' title='bbox 328 1456 389 1521; x_wconf 83' lang='lat' dir='ltr'><strong>est,</strong></span> <span class='ocrx_word' id='word_1_72' title='bbox 412 1455 564 1511; x_wconf 82' lang='lat' dir='ltr'><strong>notemus</strong></span> <span class='ocrx_word' id='word_1_73' title='bbox 585 1445 692 1511; x_wconf 66' lang='lat' dir='ltr'><strong>liuere</strong></span> <span class='ocrx_word' id='word_1_74' title='bbox 717 1451 761 1514; x_wconf 90' lang='grc' dir='ltr'><strong>ΙΙ.</strong></span> 
     </span>
    </p>

    <p class='ocr_par' dir='ltr' id='par_1_3' title="bbox 218 1550 1495 3034">
     <span class='ocr_line' id='line_1_10' title="bbox 314 1550 1449 1641; baseline 0.001 -23"><span class='ocrx_word' id='word_1_75' title='bbox 314 1550 427 1618; x_wconf 82' lang='lat' dir='ltr'><strong>Codex</strong></span> <span class='ocrx_word' id='word_1_76' title='bbox 464 1563 574 1618; x_wconf 83' lang='lat' dir='ltr'><strong>sutem</strong></span> <span class='ocrx_word' id='word_1_77' title='bbox 602 1558 640 1619; x_wconf 88' lang='lat'><strong>11</strong></span> <span class='ocrx_word' id='word_1_78' title='bbox 678 1563 884 1639; x_wconf 89' lang='lat' dir='ltr'><strong>peruetustus</strong></span> <span class='ocrx_word' id='word_1_79' title='bbox 914 1554 1061 1641; x_wconf 89' lang='lat' dir='ltr'><strong>quidem,</strong></span> <span class='ocrx_word' id='word_1_80' title='bbox 1089 1574 1197 1641; x_wconf 88' lang='lat' dir='ltr'><strong>neque</strong></span> <span class='ocrx_word' id='word_1_81' title='bbox 1226 1566 1336 1619; x_wconf 83' lang='lat' dir='ltr'><strong>temon</strong></span> <span class='ocrx_word' id='word_1_82' title='bbox 1364 1554 1449 1619; x_wconf 83' lang='lat' dir='ltr'><strong>snti-</strong></span> 
     </span>
     <span class='ocr_line' id='line_1_11' title="bbox 220 1657 1449 1749; baseline 0.003 -24"><span class='ocrx_word' id='word_1_83' title='bbox 220 1661 405 1749; x_wconf 73' lang='lat' dir='ltr'><strong>quissimus</strong></span> <span class='ocrx_word' id='word_1_84' title='bbox 431 1681 495 1725; x_wconf 88' lang='lat' dir='ltr'><strong>nsc</strong></span> <span class='ocrx_word' id='word_1_85' title='bbox 521 1658 654 1725; x_wconf 87' lang='lat' dir='ltr'><strong>ultimus</strong></span> <span class='ocrx_word' id='word_1_86' title='bbox 682 1660 758 1725; x_wconf 79' lang='lat' dir='ltr'><strong>linis</strong></span> <span class='ocrx_word' id='word_1_87' title='bbox 786 1672 853 1737; x_wconf 87' lang='lat' dir='ltr'><strong>est,</strong></span> <span class='ocrx_word' id='word_1_88' title='bbox 882 1662 918 1725; x_wconf 94' lang='lat' dir='ltr'><strong>in</strong></span> <span class='ocrx_word' id='word_1_89' title='bbox 945 1682 1010 1749; x_wconf 95' lang='lat' dir='ltr'><strong>quo</strong></span> <span class='ocrx_word' id='word_1_90' title='bbox 1040 1658 1194 1727; x_wconf 81' lang='lat' dir='ltr'><strong>traditam</strong></span> <span class='ocrx_word' id='word_1_91' title='bbox 1218 1657 1345 1727; x_wconf 78' lang='lat' dir='ltr'><strong>Valerii</strong></span> <span class='ocrx_word' id='word_1_92' title='bbox 1367 1660 1449 1729; x_wconf 84' lang='lat' dir='ltr'><strong>seri-</strong></span> 
     </span>
     <span class='ocr_line' id='line_1_12' title="bbox 219 1765 1450 1855; baseline -0.001 -22"><span class='ocrx_word' id='word_1_93' title='bbox 219 1778 353 1855; x_wconf 75' lang='lat' dir='ltr'><strong>ptruem</strong></span> <span class='ocrx_word' id='word_1_94' title='bbox 375 1765 602 1853; x_wconf 82' lang='lat' dir='ltr'><strong>exploreturos</strong></span> <span class='ocrx_word' id='word_1_95' title='bbox 618 1765 799 1833; x_wconf 68' lang='lat' dir='ltr'><strong>subsistere</strong></span> <span class='ocrx_word' id='word_1_96' title='bbox 816 1778 914 1855; x_wconf 80' lang='lat' dir='ltr'><strong>etque</strong></span> <span class='ocrx_word' id='word_1_97' title='bbox 931 1769 1142 1855; x_wconf 82' lang='lat' dir='ltr'><strong>acquiescere</strong></span> <span class='ocrx_word' id='word_1_98' title='bbox 1161 1778 1317 1855; x_wconf 79' lang='lat' dir='ltr'><strong>oporteat.</strong></span> <span class='ocrx_word' id='word_1_99' title='bbox 1362 1766 1450 1833; x_wconf 84' lang='lat' dir='ltr'><strong>Nam</strong></span> 
     </span>
     <span class='ocr_line' id='line_1_13' title="bbox 219 1872 1450 1963; baseline -0.002 -23"><span class='ocrx_word' id='word_1_100' title='bbox 219 1876 254 1940; x_wconf 89' lang='lat' dir='ltr'><strong>si</strong></span> <span class='ocrx_word' id='word_1_101' title='bbox 276 1872 427 1959; x_wconf 83' lang='lat' dir='ltr'><strong>exemplu</strong></span> <span class='ocrx_word' id='word_1_102' title='bbox 450 1872 562 1939; x_wconf 80' lang='lat' dir='ltr'><strong>efferri</strong></span> <span class='ocrx_word' id='word_1_103' title='bbox 577 1883 738 1960; x_wconf 74' lang='lat' dir='ltr'><strong>poterunt,</strong></span> <span class='ocrx_word' id='word_1_104' title='bbox 759 1876 794 1939; x_wconf 95' lang='lat' dir='ltr'><strong>in</strong></span> <span class='ocrx_word' id='word_1_105' title='bbox 813 1875 930 1963; x_wconf 87' lang='lat' dir='ltr'><strong>quibus</strong></span> <span class='ocrx_word' id='word_1_106' title='bbox 949 1898 971 1940; x_wconf 79' lang='lat' dir='ltr'><strong>e</strong></span> <span class='ocrx_word' id='word_1_107' title='bbox 985 1876 1142 1963; x_wconf 79' lang='lat' dir='ltr'><strong>primerio</strong></span> <span class='ocrx_word' id='word_1_108' title='bbox 1153 1872 1323 1941; x_wconf 78' lang='lat' dir='ltr'><strong>Valeriani</strong></span> <span class='ocrx_word' id='word_1_109' title='bbox 1340 1874 1450 1960; x_wconf 87' lang='lat' dir='ltr'><strong>operis</strong></span> 
     </span>
     <span class='ocr_line' id='line_1_14' title="bbox 219 1980 1450 2067; baseline -0.003 -21"><span class='ocrx_word' id='word_1_110' title='bbox 219 1982 332 2046; x_wconf 82' lang='lat' dir='ltr'><strong>torma</strong></span> <span class='ocrx_word' id='word_1_111' title='bbox 354 1989 411 2046; x_wconf 85' lang='lat' dir='ltr'><strong>snt</strong></span> <span class='ocrx_word' id='word_1_112' title='bbox 432 1980 616 2045; x_wconf 81' lang='lat' dir='ltr'><strong>scribarum</strong></span> <span class='ocrx_word' id='word_1_113' title='bbox 639 2003 749 2046; x_wconf 90' lang='lat' dir='ltr'><strong>errore</strong></span> <span class='ocrx_word' id='word_1_114' title='bbox 772 1993 828 2047; x_wconf 85' lang='lat' dir='ltr'><strong>aut</strong></span> <span class='ocrx_word' id='word_1_115' title='bbox 847 1982 986 2048; x_wconf 86' lang='lat' dir='ltr'><strong>aliorum</strong></span> <span class='ocrx_word' id='word_1_116' title='bbox 1009 1982 1179 2047; x_wconf 90' lang='lat' dir='ltr'><strong>hominum</strong></span> <span class='ocrx_word' id='word_1_117' title='bbox 1202 1980 1450 2067; x_wconf 81' lang='lat' dir='ltr'><strong>interpolatione</strong></span> 
     </span>
     <span class='ocr_line' id='line_1_15' title="bbox 220 2085 1450 2177; baseline 0.002 -25"><span class='ocrx_word' id='word_1_118' title='bbox 220 2085 423 2153; x_wconf 75' lang='lat' dir='ltr'><strong>declinatum</strong></span> <span class='ocrx_word' id='word_1_119' title='bbox 444 2097 510 2163; x_wconf 83' lang='lat' dir='ltr'><strong>est,</strong></span> <span class='ocrx_word' id='word_1_120' title='bbox 539 2109 688 2175; x_wconf 79' lang='lat' dir='ltr'><strong>quaeque</strong></span> <span class='ocrx_word' id='word_1_121' title='bbox 715 2091 763 2154; x_wconf 86' lang='lat' dir='ltr'><strong>ite</strong></span> <span class='ocrx_word' id='word_1_122' title='bbox 790 2089 973 2177; x_wconf 80' lang='lat' dir='ltr'><strong>deprauata</strong></span> <span class='ocrx_word' id='word_1_123' title='bbox 1001 2112 1059 2176; x_wconf 87' lang='lat' dir='ltr'><strong>per</strong></span> <span class='ocrx_word' id='word_1_124' title='bbox 1082 2088 1221 2155; x_wconf 87' lang='lat' dir='ltr'><strong>duorum</strong></span> <span class='ocrx_word' id='word_1_125' title='bbox 1244 2089 1450 2155; x_wconf 85' lang='lat' dir='ltr'><strong>diuersorum</strong></span> 
     </span>
     <span class='ocr_line' id='line_1_16' title="bbox 220 2192 1450 2283; baseline 0 -24"><span class='ocrx_word' id='word_1_126' title='bbox 220 2215 383 2283; x_wconf 82' lang='lat' dir='ltr'><strong>generum</strong></span> <span class='ocrx_word' id='word_1_127' title='bbox 404 2192 517 2269; x_wconf 87' lang='lat' dir='ltr'><strong>libros,</strong></span> <span class='ocrx_word' id='word_1_128' title='bbox 546 2194 729 2282; x_wconf 88' lang='lat' dir='ltr'><strong>descriptos</strong></span> <span class='ocrx_word' id='word_1_129' title='bbox 757 2198 877 2283; x_wconf 82' lang='lat' dir='ltr'><strong>purtim</strong></span> <span class='ocrx_word' id='word_1_130' title='bbox 906 2218 924 2259; x_wconf 91' lang='lat' dir='ltr'><strong>e</strong></span> <span class='ocrx_word' id='word_1_131' title='bbox 953 2196 1026 2263; x_wconf 93' lang='lat' dir='ltr'><strong>cod.</strong></span> <span class='ocrx_word' id='word_1_132' title='bbox 1049 2201 1098 2271; x_wconf 85' lang='lat'><strong>11,</strong></span> <span class='ocrx_word' id='word_1_133' title='bbox 1127 2198 1243 2282; x_wconf 75' lang='lat' dir='ltr'><strong>partim</strong></span> <span class='ocrx_word' id='word_1_134' title='bbox 1268 2217 1308 2259; x_wconf 88' lang='lat' dir='ltr'><strong>ex</strong></span> <span class='ocrx_word' id='word_1_135' title='bbox 1335 2194 1450 2260; x_wconf 81' lang='lat' dir='ltr'><strong>erche-</strong></span> 
     </span>
     <span class='ocr_line' id='line_1_17' title="bbox 219 2300 1450 2393; baseline -0.001 -27"><span class='ocrx_word' id='word_1_136' title='bbox 219 2314 298 2390; x_wconf 81' lang='lat' dir='ltr'><strong>typo</strong></span> <span class='ocrx_word' id='word_1_137' title='bbox 335 2300 419 2365; x_wconf 93' lang='lat' dir='ltr'><strong>libro</strong></span> <span class='ocrx_word' id='word_1_138' title='bbox 461 2300 632 2389; x_wconf 75' lang='lat' dir='ltr'><strong>diuulgata</strong></span> <span class='ocrx_word' id='word_1_139' title='bbox 664 2312 697 2366; x_wconf 90' lang='lat' dir='ltr'><strong>et</strong></span> <span class='ocrx_word' id='word_1_140' title='bbox 732 2314 936 2393; x_wconf 73' lang='lat' dir='ltr'><strong>propagate,</strong></span> <span class='ocrx_word' id='word_1_141' title='bbox 974 2302 1115 2390; x_wconf 89' lang='lat' dir='ltr'><strong>ideoque</strong></span> <span class='ocrx_word' id='word_1_142' title='bbox 1144 2305 1332 2368; x_wconf 81' lang='lat' dir='ltr'><strong>communia</strong></span> <span class='ocrx_word' id='word_1_143' title='bbox 1365 2322 1450 2366; x_wconf 91' lang='lat' dir='ltr'><strong>nunc</strong></span> 
     </span>
     <span class='ocr_line' id='line_1_18' title="bbox 220 2406 1451 2497; baseline -0.002 -23"><span class='ocrx_word' id='word_1_144' title='bbox 220 2419 300 2474; x_wconf 84' lang='lat' dir='ltr'><strong>sunt</strong></span> <span class='ocrx_word' id='word_1_145' title='bbox 323 2407 475 2472; x_wconf 88' lang='lat' dir='ltr'><strong>omnibus</strong></span> <span class='ocrx_word' id='word_1_146' title='bbox 499 2407 668 2474; x_wconf 88' lang='lat' dir='ltr'><strong>codicibus</strong></span> <span class='ocrx_word' id='word_1_147' title='bbox 693 2412 815 2476; x_wconf 89' lang='lat' dir='ltr'><strong>nostris</strong></span> <span class='ocrx_word' id='word_1_148' title='bbox 839 2421 872 2475; x_wconf 89' lang='lat' dir='ltr'><strong>et</strong></span> <span class='ocrx_word' id='word_1_149' title='bbox 894 2408 1180 2497; x_wconf 80' lang='lat' dir='ltr'><strong>epitomatoribus‚</strong></span> <span class='ocrx_word' id='word_1_150' title='bbox 1204 2406 1451 2474; x_wconf 83' lang='lat' dir='ltr'><strong>concedendurn</strong></span> 
     </span>
     <span class='ocr_line' id='line_1_19' title="bbox 220 2513 1450 2605; baseline 0 -28"><span class='ocrx_word' id='word_1_151' title='bbox 220 2516 283 2580; x_wconf 90' lang='lat' dir='ltr'><strong>erit</strong></span> <span class='ocrx_word' id='word_1_152' title='bbox 311 2514 395 2578; x_wconf 72' lang='lat' dir='ltr'><strong>istas</strong></span> <span class='ocrx_word' id='word_1_153' title='bbox 425 2514 646 2600; x_wconf 80' lang='lat' dir='ltr'><strong>corruptelas,</strong></span> <span class='ocrx_word' id='word_1_154' title='bbox 678 2516 935 2605; x_wconf 82' lang='lat' dir='ltr'><strong>qualescumque</strong></span> <span class='ocrx_word' id='word_1_155' title='bbox 969 2527 1061 2591; x_wconf 85' lang='lat' dir='ltr'><strong>sunt,</strong></span> <span class='ocrx_word' id='word_1_156' title='bbox 1096 2516 1239 2602; x_wconf 86' lang='lat' dir='ltr'><strong>exeeptis</strong></span> <span class='ocrx_word' id='word_1_157' title='bbox 1268 2515 1302 2579; x_wconf 92' lang='lat' dir='ltr'><strong>in</strong></span> <span class='ocrx_word' id='word_1_158' title='bbox 1333 2513 1450 2600; x_wconf 85' lang='lat' dir='ltr'><strong>quibus</strong></span> 
     </span>
     <span class='ocr_line' id='line_1_20' title="bbox 219 2610 1451 2712; baseline -0.004 -25"><span class='ocrx_word' id='word_1_159' title='bbox 219 2621 374 2687; x_wconf 85' lang='lat' dir='ltr'><strong>fortuitus</strong></span> <span class='ocrx_word' id='word_1_160' title='bbox 396 2610 582 2688; x_wconf 74' lang='lat' dir='ltr'><strong>consensus</strong></span> <span class='ocrx_word' id='word_1_161' title='bbox 606 2624 772 2712; x_wconf 84' lang='lat' dir='ltr'><strong>utriusque</strong></span> <span class='ocrx_word' id='word_1_162' title='bbox 794 2624 940 2691; x_wconf 81' lang='lat' dir='ltr'><strong>familiae</strong></span> <span class='ocrx_word' id='word_1_163' title='bbox 956 2624 1135 2689; x_wconf 84' lang='lat' dir='ltr'><strong>recentiore</strong></span> <span class='ocrx_word' id='word_1_164' title='bbox 1151 2622 1283 2687; x_wconf 90' lang='lat' dir='ltr'><strong>demum</strong></span> <span class='ocrx_word' id='word_1_165' title='bbox 1306 2630 1451 2708; x_wconf 83' lang='lat' dir='ltr'><strong>tempore</strong></span> 
     </span>
     <span class='ocr_line' id='line_1_21' title="bbox 220 2727 1452 2819; baseline -0.005 -23"><span class='ocrx_word' id='word_1_166' title='bbox 220 2741 313 2796; x_wconf 88' lang='lat' dir='ltr'><strong>ortus</strong></span> <span class='ocrx_word' id='word_1_167' title='bbox 346 2727 624 2816; x_wconf 81' lang='lat' dir='ltr'><strong>deprehendatur,</strong></span> <span class='ocrx_word' id='word_1_168' title='bbox 646 2734 713 2798; x_wconf 82' lang='lat' dir='ltr'><strong>iam</strong></span> <span class='ocrx_word' id='word_1_169' title='bbox 741 2755 925 2819; x_wconf 84' lang='lat' dir='ltr'><strong>occupasse</strong></span> <span class='ocrx_word' id='word_1_170' title='bbox 952 2732 1071 2798; x_wconf 88' lang='lat' dir='ltr'><strong>librum</strong></span> <span class='ocrx_word' id='word_1_171' title='bbox 1095 2731 1320 2818; x_wconf 80' lang='lat' dir='ltr'><strong>antiquiorem.</strong></span> <span class='ocrx_word' id='word_1_172' title='bbox 1338 2727 1452 2794; x_wconf 87' lang='lat' dir='ltr'><strong>codice</strong></span> 
     </span>
     <span class='ocr_line' id='line_1_22' title="bbox 218 2836 1451 2927; baseline -0.004 -22"><span class='ocrx_word' id='word_1_173' title='bbox 218 2844 266 2914; x_wconf 82' lang='grc' dir='ltr'><strong>ΙΙ,</strong></span> <span class='ocrx_word' id='word_1_174' title='bbox 289 2859 309 2900; x_wconf 88' lang='lat' dir='ltr'><strong>e</strong></span> <span class='ocrx_word' id='word_1_175' title='bbox 332 2859 398 2925; x_wconf 89' lang='lat' dir='ltr'><strong>quo</strong></span> <span class='ocrx_word' id='word_1_176' title='bbox 421 2847 453 2900; x_wconf 90' lang='lat' dir='ltr'><strong>et</strong></span> <span class='ocrx_word' id='word_1_177' title='bbox 474 2838 589 2923; x_wconf 87' lang='lat' dir='ltr'><strong>isipse</strong></span> <span class='ocrx_word' id='word_1_178' title='bbox 611 2850 644 2904; x_wconf 90' lang='lat' dir='ltr'><strong>et</strong></span> <span class='ocrx_word' id='word_1_179' title='bbox 664 2839 728 2916; x_wconf 88' lang='lat' dir='ltr'><strong>ille,</strong></span> <span class='ocrx_word' id='word_1_180' title='bbox 752 2861 848 2927; x_wconf 87' lang='lat' dir='ltr'><strong>quem</strong></span> <span class='ocrx_word' id='word_1_181' title='bbox 866 2862 929 2906; x_wconf 85' lang='lat' dir='ltr'><strong>nos</strong></span> <span class='ocrx_word' id='word_1_182' title='bbox 941 2838 1072 2927; x_wconf 85' lang='lat' dir='ltr'><strong>quidem</strong></span> <span class='ocrx_word' id='word_1_183' title='bbox 1096 2836 1308 2925; x_wconf 79' lang='lat' dir='ltr'><strong>archetypum</strong></span> <span class='ocrx_word' id='word_1_184' title='bbox 1332 2857 1451 2903; x_wconf 85' lang='lat' dir='ltr'><strong>uocare</strong></span> 
     </span>
     <span class='ocr_line' id='line_1_23' title="bbox 220 2941 1495 3034; baseline 0 -22"><span class='ocrx_word' id='word_1_185' title='bbox 220 2945 382 3019; x_wconf 84' lang='lat' dir='ltr'><strong>solemus,</strong></span> <span class='ocrx_word' id='word_1_186' title='bbox 405 2944 568 3031; x_wconf 82' lang='lat' dir='ltr'><strong>originem</strong></span> <span class='ocrx_word' id='word_1_187' title='bbox 590 2948 787 3034; x_wconf 77' lang='lat' dir='ltr'><strong>acceperint.</strong></span> <span class='ocrx_word' id='word_1_188' title='bbox 1493 2941 1495 2946; x_wconf 74' lang='grc'><strong>’</strong></span> 
     </span>
    </p>

    <p class='ocr_par' dir='ltr' id='par_1_4' title="bbox 221 3049 1457 4104">
     <span class='ocr_line' id='line_1_24' title="bbox 311 3049 1455 3141; baseline 0.003 -28"><span class='ocrx_word' id='word_1_189' title='bbox 311 3049 356 3114; x_wconf 82' lang='lat' dir='ltr'><strong>Et</strong></span> <span class='ocrx_word' id='word_1_190' title='bbox 378 3060 459 3114; x_wconf 85' lang='lat' dir='ltr'><strong>sunt</strong></span> <span class='ocrx_word' id='word_1_191' title='bbox 476 3052 623 3137; x_wconf 87' lang='lat' dir='ltr'><strong>profecto</strong></span> <span class='ocrx_word' id='word_1_192' title='bbox 647 3053 826 3141; x_wconf 80' lang='lat' dir='ltr'><strong>quaedem,</strong></span> <span class='ocrx_word' id='word_1_193' title='bbox 859 3075 944 3140; x_wconf 82' lang='lat' dir='ltr'><strong>quae</strong></span> <span class='ocrx_word' id='word_1_194' title='bbox 967 3074 1098 3120; x_wconf 86' lang='lat' dir='ltr'><strong>omnem</strong></span> <span class='ocrx_word' id='word_1_195' title='bbox 1120 3053 1163 3118; x_wconf 77' lang='lat' dir='ltr'><strong>tle</strong></span> <span class='ocrx_word' id='word_1_196' title='bbox 1188 3076 1229 3118; x_wconf 80' lang='lat' dir='ltr'><strong>ee</strong></span> <span class='ocrx_word' id='word_1_197' title='bbox 1251 3073 1286 3117; x_wconf 84' lang='lat' dir='ltr'><strong>re</strong></span> <span class='ocrx_word' id='word_1_198' title='bbox 1311 3053 1455 3118; x_wconf 78' lang='lat' dir='ltr'><strong>eximant</strong></span> 
     </span>
     <span class='ocr_line' id='line_1_25' title="bbox 221 3157 1453 3249; baseline 0.001 -25"><span class='ocrx_word' id='word_1_199' title='bbox 221 3158 470 3224; x_wconf 73' lang='lat' dir='ltr'><strong>dubitationem.</strong></span> <span class='ocrx_word' id='word_1_200' title='bbox 516 3157 668 3224; x_wconf 81' lang='lat' dir='ltr'><strong>Notabile</strong></span> <span class='ocrx_word' id='word_1_201' title='bbox 690 3163 725 3226; x_wconf 88' lang='lat' dir='ltr'><strong>in</strong></span> <span class='ocrx_word' id='word_1_202' title='bbox 754 3162 871 3247; x_wconf 85' lang='lat' dir='ltr'><strong>primis</strong></span> <span class='ocrx_word' id='word_1_203' title='bbox 895 3161 1077 3249; x_wconf 77' lang='lat' dir='ltr'><strong>exemplum</strong></span> <span class='ocrx_word' id='word_1_204' title='bbox 1105 3161 1269 3226; x_wconf 88' lang='lat' dir='ltr'><strong>inuenitur</strong></span> <span class='ocrx_word' id='word_1_205' title='bbox 1296 3158 1341 3234; x_wconf 76' lang='lat' dir='ltr'><strong>ll,</strong></span> <span class='ocrx_word' id='word_1_206' title='bbox 1368 3161 1398 3234; x_wconf 86' lang='lat'><strong>1,</strong></span> <span class='ocrx_word' id='word_1_207' title='bbox 1421 3160 1453 3234; x_wconf 84' lang='lat'><strong>4,</strong></span> 
     </span>
     <span class='ocr_line' id='line_1_26' title="bbox 221 3264 1453 3354; baseline 0.002 -24"><span class='ocrx_word' id='word_1_208' title='bbox 221 3265 279 3330; x_wconf 89' lang='lat' dir='ltr'><strong>ubi</strong></span> <span class='ocrx_word' id='word_1_209' title='bbox 302 3287 364 3351; x_wconf 90' lang='lat' dir='ltr'><strong>pro</strong></span> <span class='ocrx_word' id='word_1_210' title='bbox 388 3264 588 3352; x_wconf 57' lang='lat' dir='ltr'><strong>quingentis⁸</strong></span> <span class='ocrx_word' id='word_1_211' title='bbox 605 3269 718 3342; x_wconf 78' lang='lat' dir='ltr'><strong>annis,</strong></span> <span class='ocrx_word' id='word_1_212' title='bbox 748 3290 831 3354; x_wconf 88' lang='lat' dir='ltr'><strong>quos</strong></span> <span class='ocrx_word' id='word_1_213' title='bbox 861 3269 1052 3334; x_wconf 77' lang='lat' dir='ltr'><strong>necessario</strong></span> <span class='ocrx_word' id='word_1_214' title='bbox 1081 3269 1236 3354; x_wconf 85' lang='lat' dir='ltr'><strong>posuisse</strong></span> <span class='ocrx_word' id='word_1_215' title='bbox 1265 3267 1362 3332; x_wconf 86' lang='lat' dir='ltr'><strong>debet</strong></span> <span class='ocrx_word' id='word_1_216' title='bbox 1384 3265 1453 3332; x_wconf 78' lang='lat' dir='ltr'><strong>Vs·</strong></span> 
     </span>
     <span class='ocr_line' id='line_1_27' title="bbox 222 3371 1456 3461; baseline -0.002 -23"><span class='ocrx_word' id='word_1_217' title='bbox 222 3373 340 3446; x_wconf 85' lang='lat' dir='ltr'><strong>lerins,</strong></span> <span class='ocrx_word' id='word_1_218' title='bbox 361 3373 395 3436; x_wconf 91' lang='lat' dir='ltr'><strong>iu</strong></span> <span class='ocrx_word' id='word_1_219' title='bbox 419 3371 573 3438; x_wconf 88' lang='lat' dir='ltr'><strong>omnibus</strong></span> <span class='ocrx_word' id='word_1_220' title='bbox 596 3373 704 3449; x_wconf 81' lang='lat' dir='ltr'><strong>codd,</strong></span> <span class='ocrx_word' id='word_1_221' title='bbox 726 3373 863 3449; x_wconf 79' lang='lat' dir='ltr'><strong>Paride,</strong></span> <span class='ocrx_word' id='word_1_222' title='bbox 885 3373 1071 3461; x_wconf 81' lang='lat' dir='ltr'><strong>Nepotieno</strong></span> <span class='ocrx_word' id='word_1_223' title='bbox 1096 3377 1131 3456; x_wconf 85' lang='lat' dir='ltr'><strong>(i.</strong></span> <span class='ocrx_word' id='word_1_224' title='bbox 1155 3396 1174 3438; x_wconf 89' lang='lat' dir='ltr'><strong>e</strong></span> <span class='ocrx_word' id='word_1_225' title='bbox 1202 3376 1237 3438; x_wconf 93' lang='lat' dir='ltr'><strong>in</strong></span> <span class='ocrx_word' id='word_1_226' title='bbox 1266 3373 1339 3438; x_wconf 89' lang='lat' dir='ltr'><strong>cod.</strong></span> <span class='ocrx_word' id='word_1_227' title='bbox 1362 3379 1399 3438; x_wconf 88' lang='lat'><strong>11</strong></span> <span class='ocrx_word' id='word_1_228' title='bbox 1423 3383 1456 3436; x_wconf 88' lang='lat' dir='ltr'><strong>et</strong></span> 
     </span>
     <span class='ocr_line' id='line_1_28' title="bbox 221 3477 1455 3569; baseline -0.003 -23"><span class='ocrx_word' id='word_1_229' title='bbox 221 3483 261 3546; x_wconf 92' lang='lat' dir='ltr'><strong>in</strong></span> <span class='ocrx_word' id='word_1_230' title='bbox 284 3477 362 3543; x_wconf 90' lang='lat' dir='ltr'><strong>cod.</strong></span> <span class='ocrx_word' id='word_1_231' title='bbox 385 3477 580 3566; x_wconf 81' lang='lat' dir='ltr'><strong>archetypo)</strong></span> <span class='ocrx_word' id='word_1_232' title='bbox 602 3480 644 3546; x_wconf 88' lang='lat' dir='ltr'><strong>de</strong></span> <span class='ocrx_word' id='word_1_233' title='bbox 668 3491 797 3547; x_wconf 90' lang='lat' dir='ltr'><strong>centum</strong></span> <span class='ocrx_word' id='word_1_234' title='bbox 820 3494 852 3546; x_wconf 92' lang='lat' dir='ltr'><strong>et</strong></span> <span class='ocrx_word' id='word_1_235' title='bbox 875 3481 1114 3569; x_wconf 82' lang='lat' dir='ltr'><strong>quinquaginta</strong></span> <span class='ocrx_word' id='word_1_236' title='bbox 1137 3491 1261 3546; x_wconf 83' lang='lat' dir='ltr'><strong>tantum</strong></span> <span class='ocrx_word' id='word_1_237' title='bbox 1285 3481 1380 3544; x_wconf 82' lang='lat' dir='ltr'><strong>annis</strong></span> <span class='ocrx_word' id='word_1_238' title='bbox 1404 3499 1455 3542; x_wconf 89' lang='lat' dir='ltr'><strong>re·</strong></span> 
     </span>
     <span class='ocr_line' id='line_1_29' title="bbox 221 3569 1455 3676; baseline -0.001 -25"><span class='ocrx_word' id='word_1_239' title='bbox 221 3587 339 3661; x_wconf 79' lang='lat' dir='ltr'><strong>ferun,</strong></span> <span class='ocrx_word' id='word_1_240' title='bbox 362 3583 454 3652; x_wconf 76' lang='lat' dir='ltr'><strong>haud</strong></span> <span class='ocrx_word' id='word_1_241' title='bbox 476 3587 574 3654; x_wconf 87' lang='lat' dir='ltr'><strong>dubie</strong></span> <span class='ocrx_word' id='word_1_242' title='bbox 597 3588 676 3675; x_wconf 81' lang='lat' dir='ltr'><strong>quie</strong></span> <span class='ocrx_word' id='word_1_243' title='bbox 698 3611 720 3653; x_wconf 83' lang='lat' dir='ltr'><strong>n</strong></span> <span class='ocrx_word' id='word_1_244' title='bbox 742 3589 951 3676; x_wconf 82' lang='lat' dir='ltr'><strong>quingenarii</strong></span> <span class='ocrx_word' id='word_1_245' title='bbox 972 3589 1100 3652; x_wconf 89' lang='lat' dir='ltr'><strong>numeri</strong></span> <span class='ocrx_word' id='word_1_246' title='bbox 1120 3599 1199 3652; x_wconf 82' lang='lat' dir='ltr'><strong>note</strong></span> <span class='ocrx_word' id='word_1_247' title='bbox 1221 3569 1240 3650; x_wconf 93' lang='lat' dir='ltr'><strong>ti</strong></span> <span class='ocrx_word' id='word_1_248' title='bbox 1270 3586 1455 3650; x_wconf 82' lang='lat' dir='ltr'><strong>aberratum</strong></span> 
     </span>
     <span class='ocr_line' id='line_1_30' title="bbox 224 3677 1457 3782; baseline -0.003 -24"><span class='ocrx_word' id='word_1_249' title='bbox 224 3704 298 3760; x_wconf 77' lang='lat' dir='ltr'><strong>eret</strong></span> <span class='ocrx_word' id='word_1_250' title='bbox 319 3693 356 3758; x_wconf 93' lang='lat' dir='ltr'><strong>in</strong></span> <span class='ocrx_word' id='word_1_251' title='bbox 378 3677 409 3758; x_wconf 86' lang='lat' dir='ltr'><strong>cl</strong></span> <span class='ocrx_word' id='word_1_252' title='bbox 421 3700 457 3775; x_wconf 88' lang='lat'><strong>¹).</strong></span> <span class='ocrx_word' id='word_1_253' title='bbox 509 3692 629 3772; x_wconf 79' lang='lat'>111,2‚</span> <span class='ocrx_word' id='word_1_254' title='bbox 653 3694 697 3760; x_wconf 81' lang='lat'><strong>23</strong></span> <span class='ocrx_word' id='word_1_255' title='bbox 723 3696 841 3760; x_wconf 86' lang='lat' dir='ltr'><strong>uitiose</strong></span> <span class='ocrx_word' id='word_1_256' title='bbox 869 3696 904 3760; x_wconf 92' lang='lat' dir='ltr'><strong>in</strong></span> <span class='ocrx_word' id='word_1_257' title='bbox 932 3705 1069 3782; x_wconf 82' lang='lat' dir='ltr'><strong>utreque</strong></span> <span class='ocrx_word' id='word_1_258' title='bbox 1099 3692 1226 3758; x_wconf 75' lang='lat' dir='ltr'><strong>familie</strong></span> <span class='ocrx_word' id='word_1_259' title='bbox 1252 3691 1371 3778; x_wconf 84' lang='lat' dir='ltr'><strong>legitur</strong></span> <span class='ocrx_word' id='word_1_260' title='bbox 1402 3691 1457 3756; x_wconf 73' lang='lat' dir='ltr'><strong>Aa</strong></span> 
     </span>
     <span class='ocr_line' id='line_1_31' title="bbox 222 3798 1455 3891; baseline -0.005 -23"><span class='ocrx_word' id='word_1_261' title='bbox 222 3823 295 3868; x_wconf 72' lang='lat' dir='ltr'><strong>m</strong></span> <span class='ocrx_word' id='word_1_262' title='bbox 316 3803 512 3886; x_wconf 53' lang='lat' dir='ltr'><strong>embadum,</strong></span> <span class='ocrx_word' id='word_1_263' title='bbox 534 3800 691 3891; x_wconf 36' lang='lat' dir='ltr'><strong>nissfallon</strong></span> <span class='ocrx_word' id='word_1_264' title='bbox 714 3824 773 3888; x_wconf 93' lang='lat' dir='ltr'><strong>pro</strong></span> <span class='ocrx_word' id='word_1_265' title='bbox 796 3803 839 3865; x_wconf 82' lang='lat' dir='ltr'><strong>etl</strong></span> <span class='ocrx_word' id='word_1_266' title='bbox 859 3803 895 3866; x_wconf 82' lang='lat' dir='ltr'><strong>id</strong></span> <span class='ocrx_word' id='word_1_267' title='bbox 915 3801 1106 3884; x_wconf 73' lang='lat' dir='ltr'><strong>capisterium,</strong></span> <span class='ocrx_word' id='word_1_268' title='bbox 1131 3799 1190 3875; x_wconf 86' lang='lat' dir='ltr'><strong>Vl,</strong></span> <span class='ocrx_word' id='word_1_269' title='bbox 1216 3800 1245 3873; x_wconf 89' lang='lat'><strong>1,</strong></span> <span class='ocrx_word' id='word_1_270' title='bbox 1271 3798 1311 3864; x_wconf 84' lang='lat'><strong>13</strong></span> <span class='ocrx_word' id='word_1_271' title='bbox 1335 3819 1455 3873; x_wconf 82' lang='lat' dir='ltr'><strong>errore,</strong></span> 
     </span>
     <span class='ocr_line' id='line_1_32' title="bbox 223 3904 1456 3997; baseline -0.003 -23"><span class='ocrx_word' id='word_1_272' title='bbox 223 3911 320 3976; x_wconf 86' lang='lat' dir='ltr'><strong>euius</strong></span> <span class='ocrx_word' id='word_1_273' title='bbox 349 3931 455 3982; x_wconf 76' lang='lat' dir='ltr'><strong>ceusu</strong></span> <span class='ocrx_word' id='word_1_274' title='bbox 476 3909 574 3976; x_wconf 79' lang='lat' dir='ltr'><strong>facile</strong></span> <span class='ocrx_word' id='word_1_275' title='bbox 596 3908 804 3997; x_wconf 84' lang='lat' dir='ltr'><strong>intellegitur,</strong></span> <span class='ocrx_word' id='word_1_276' title='bbox 827 3909 1030 3976; x_wconf 76' lang='lat' dir='ltr'><strong>scribebatur</strong></span> <span class='ocrx_word' id='word_1_277' title='bbox 1058 3909 1093 3972; x_wconf 93' lang='lat' dir='ltr'><strong>in</strong></span> <span class='ocrx_word' id='word_1_278' title='bbox 1121 3906 1194 3972; x_wconf 91' lang='lat' dir='ltr'><strong>cod.</strong></span> <span class='ocrx_word' id='word_1_279' title='bbox 1224 3904 1402 3994; x_wconf 76' lang='lat' dir='ltr'><strong>archetypo</strong></span> <span class='ocrx_word' id='word_1_280' title='bbox 1424 3915 1456 3971; x_wconf 87' lang='lat' dir='ltr'><strong>et</strong></span> 
     </span>
     <span class='ocr_line' id='line_1_33' title="bbox 223 4014 1456 4104; baseline -0.002 -20"><span class='ocrx_word' id='word_1_281' title='bbox 223 4019 259 4084; x_wconf 89' lang='lat' dir='ltr'><strong>in</strong></span> <span class='ocrx_word' id='word_1_282' title='bbox 281 4022 319 4082; x_wconf 86' lang='lat'><strong>11</strong></span> <span class='ocrx_word' id='word_1_283' title='bbox 343 4037 434 4101; x_wconf 72' lang='lat' dir='ltr'><strong>quem</strong></span> <span class='ocrx_word' id='word_1_284' title='bbox 459 4018 700 4102; x_wconf 69' lang='lat' dir='ltr'><strong>deprehenderat</strong></span> <span class='ocrx_word' id='word_1_285' title='bbox 728 4038 789 4104; x_wconf 84' lang='lat' dir='ltr'><strong>pro</strong></span> <span class='ocrx_word' id='word_1_286' title='bbox 819 4018 873 4101; x_wconf 82' lang='lat' dir='ltr'><strong>qui</strong></span> <span class='ocrx_word' id='word_1_287' title='bbox 900 4017 1147 4101; x_wconf 72' lang='lat' dir='ltr'><strong>deprehenderet.</strong></span> <span class='ocrx_word' id='word_1_288' title='bbox 1192 4014 1249 4092; x_wconf 86' lang='lat'>111,</span> <span class='ocrx_word' id='word_1_289' title='bbox 1276 4015 1308 4090; x_wconf 77' lang='lat'><strong>2,</strong></span> <span class='ocrx_word' id='word_1_290' title='bbox 1332 4015 1376 4082; x_wconf 77' lang='lat'><strong>20</strong></span> <span class='ocrx_word' id='word_1_291' title='bbox 1394 4036 1456 4098; x_wconf 75' lang='lat' dir='ltr'><strong>pu·</strong></span> 
     </span>
    </p>
   </div>
   <div class='ocr_carea' id='block_1_3' title="bbox 223 4284 1458 4861">
    <p class='ocr_par' dir='ltr' id='par_1_5' title="bbox 223 4284 1458 4861">
     <span class='ocr_line' id='line_1_34' title="bbox 295 4284 1456 4353; baseline -0.001 -18"><span class='ocrx_word' id='word_1_292' title='bbox 295 4284 318 4351; x_wconf 87' lang='lat'><strong>¹)</strong></span> <span class='ocrx_word' id='word_1_293' title='bbox 337 4287 366 4335; x_wconf 83' lang='lat' dir='ltr'><strong>id</strong></span> <span class='ocrx_word' id='word_1_294' title='bbox 385 4287 509 4338; x_wconf 82' lang='lat' dir='ltr'><strong>mendum</strong></span> <span class='ocrx_word' id='word_1_295' title='bbox 528 4288 690 4353; x_wconf 72' lang='lat' dir='ltr'><strong>saepissime</strong></span> <span class='ocrx_word' id='word_1_296' title='bbox 709 4287 823 4338; x_wconf 88' lang='lat' dir='ltr'><strong>occurrit</strong></span> <span class='ocrx_word' id='word_1_297' title='bbox 839 4288 867 4337; x_wconf 89' lang='lat' dir='ltr'><strong>in</strong></span> <span class='ocrx_word' id='word_1_298' title='bbox 885 4285 1025 4337; x_wconf 84' lang='lat' dir='ltr'><strong>minutiore</strong></span> <span class='ocrx_word' id='word_1_299' title='bbox 1044 4286 1152 4336; x_wconf 85' lang='lat' dir='ltr'><strong>cursiun</strong></span> <span class='ocrx_word' id='word_1_300' title='bbox 1177 4301 1257 4352; x_wconf 83' lang='lat' dir='ltr'><strong>qnam</strong></span> <span class='ocrx_word' id='word_1_301' title='bbox 1276 4286 1373 4336; x_wconf 83' lang='lat' dir='ltr'><strong>nocent</strong></span> <span class='ocrx_word' id='word_1_302' title='bbox 1392 4285 1456 4334; x_wconf 87' lang='lat' dir='ltr'><strong>scri·</strong></span> 
     </span>
     <span class='ocr_line' id='line_1_35' title="bbox 223 4357 1458 4424; baseline -0.005 -14"><span class='ocrx_word' id='word_1_303' title='bbox 223 4360 306 4423; x_wconf 62' lang='lat' dir='ltr'><strong>{mire</strong></span> <span class='ocrx_word' id='word_1_304' title='bbox 321 4359 386 4410; x_wconf 79' lang='lat' dir='ltr'><strong>inde</strong></span> <span class='ocrx_word' id='word_1_305' title='bbox 404 4361 551 4412; x_wconf 71' lang='lat' dir='ltr'><strong>assecuto</strong></span> <span class='ocrx_word' id='word_1_306' title='bbox 569 4361 637 4412; x_wconf 87' lang='lat' dir='ltr'><strong>Vlll.</strong></span> <span class='ocrx_word' id='word_1_307' title='bbox 672 4361 714 4411; x_wconf 90' lang='lat' dir='ltr'><strong>Ne</strong></span> <span class='ocrx_word' id='word_1_308' title='bbox 731 4362 823 4411; x_wconf 82' lang='lat' dir='ltr'><strong>temen</strong></span> <span class='ocrx_word' id='word_1_309' title='bbox 840 4359 901 4424; x_wconf 78' lang='lat' dir='ltr'><strong>quis</strong></span> <span class='ocrx_word' id='word_1_310' title='bbox 913 4359 1015 4409; x_wconf 87' lang='lat' dir='ltr'><strong>dubitet</strong></span> <span class='ocrx_word' id='word_1_311' title='bbox 1033 4359 1067 4408; x_wconf 76' lang='lat' dir='ltr'><strong>de</strong></span> <span class='ocrx_word' id='word_1_312' title='bbox 1085 4357 1153 4408; x_wconf 77' lang='lat' dir='ltr'><strong>setis</strong></span> <span class='ocrx_word' id='word_1_313' title='bbox 1171 4359 1281 4423; x_wconf 69' lang='lat' dir='ltr'><strong>antiquo</strong></span> <span class='ocrx_word' id='word_1_314' title='bbox 1298 4359 1351 4406; x_wconf 82' lang='lat' dir='ltr'><strong>beo</strong></span> <span class='ocrx_word' id='word_1_315' title='bbox 1368 4357 1458 4423; x_wconf 81' lang='lat' dir='ltr'><strong>ligore</strong></span> 
     </span>
     <span class='ocr_line' id='line_1_36' title="bbox 225 4427 1455 4498; baseline -0.003 -18"><span class='ocrx_word' id='word_1_316' title='bbox 225 4433 255 4490; x_wconf 83' lang='grc' dir='ltr'><strong>ιΙ,</strong></span> <span class='ocrx_word' id='word_1_317' title='bbox 265 4459 303 4470; x_wconf 89' lang='lat'>-</span> <span class='ocrx_word' id='word_1_318' title='bbox 312 4445 376 4481; x_wconf 74' lang='lat' dir='ltr'><strong>nom</strong></span> <span class='ocrx_word' id='word_1_319' title='bbox 386 4430 409 4480; x_wconf 92' lang='lat' dir='ltr'><strong>D</strong></span> <span class='ocrx_word' id='word_1_320' title='bbox 419 4446 472 4482; x_wconf 93' lang='lat' dir='ltr'><strong>non</strong></span> <span class='ocrx_word' id='word_1_321' title='bbox 490 4433 606 4483; x_wconf 74' lang='lat' dir='ltr'><strong>admittit</strong></span> <span class='ocrx_word' id='word_1_322' title='bbox 623 4447 685 4482; x_wconf 81' lang='lat' dir='ltr'><strong>cnm</strong></span> <span class='ocrx_word' id='word_1_323' title='bbox 704 4448 783 4498; x_wconf 89' lang='lat' dir='ltr'><strong>quom</strong></span> <span class='ocrx_word' id='word_1_324' title='bbox 802 4431 956 4494; x_wconf 80' lang='lat' dir='ltr'><strong>occepimus</strong></span> <span class='ocrx_word' id='word_1_325' title='bbox 975 4430 1168 4488; x_wconf 79' lang='lat' dir='ltr'><strong>contusionem,</strong></span> <span class='ocrx_word' id='word_1_326' title='bbox 1180 4458 1213 4466; x_wconf 94' lang='lat'><em>-</em></span> <span class='ocrx_word' id='word_1_327' title='bbox 1223 4430 1355 4480; x_wconf 84' lang='lat' dir='ltr'><strong>inuenitur</strong></span> <span class='ocrx_word' id='word_1_328' title='bbox 1373 4428 1399 4476; x_wconf 90' lang='lat' dir='ltr'><strong>in</strong></span> <span class='ocrx_word' id='word_1_329' title='bbox 1417 4427 1455 4476; x_wconf 89' lang='lat' dir='ltr'><strong>in·</strong></span> 
     </span>
     <span class='ocr_line' id='line_1_37' title="bbox 225 4495 1456 4567; baseline -0.006 -16"><span class='ocrx_word' id='word_1_330' title='bbox 225 4503 317 4567; x_wconf 74' lang='lat' dir='ltr'><strong>script.</strong></span> <span class='ocrx_word' id='word_1_331' title='bbox 337 4504 409 4565; x_wconf 80' lang='lat' dir='ltr'><strong>epod</strong></span> <span class='ocrx_word' id='word_1_332' title='bbox 427 4503 610 4554; x_wconf 65' lang='lat' dir='ltr'><strong>mabillonii</strong></span> <span class='ocrx_word' id='word_1_333' title='bbox 628 4504 661 4553; x_wconf 80' lang='lat' dir='ltr'><strong>tle</strong></span> <span class='ocrx_word' id='word_1_334' title='bbox 679 4517 709 4553; x_wconf 89' lang='lat' dir='ltr'><strong>re</strong></span> <span class='ocrx_word' id='word_1_335' title='bbox 728 4501 863 4567; x_wconf 79' lang='lat' dir='ltr'><strong>diplomat.</strong></span> <span class='ocrx_word' id='word_1_336' title='bbox 883 4515 909 4565; x_wconf 87' lang='lat' dir='ltr'><strong>p.</strong></span> <span class='ocrx_word' id='word_1_337' title='bbox 931 4495 980 4550; x_wconf 79' lang='lat' dir='ltr'><strong>ltt</strong></span> <span class='ocrx_word' id='word_1_338' title='bbox 1000 4503 1041 4552; x_wconf 76' lang='lat' dir='ltr'><strong>erl.</strong></span> <span class='ocrx_word' id='word_1_339' title='bbox 1056 4499 1182 4560; x_wconf 68' lang='lat' dir='ltr'><strong>Adimor„</strong></span> <span class='ocrx_word' id='word_1_340' title='bbox 1202 4513 1271 4566; x_wconf 88' lang='lat' dir='ltr'><strong>qune</strong></span> <span class='ocrx_word' id='word_1_341' title='bbox 1291 4497 1401 4548; x_wconf 84' lang='lat' dir='ltr'><strong>recurrit</strong></span> <span class='ocrx_word' id='word_1_342' title='bbox 1421 4497 1456 4544; x_wconf 79' lang='lat' dir='ltr'><strong>art</strong></span> 
     </span>
     <span class='ocr_line' id='line_1_38' title="bbox 225 4567 1454 4640; baseline -0.007 -16"><span class='ocrx_word' id='word_1_343' title='bbox 225 4590 288 4624; x_wconf 75' lang='lat' dir='ltr'><strong>eun.</strong></span> <span class='ocrx_word' id='word_1_344' title='bbox 308 4573 522 4634; x_wconf 69' lang='lat' dir='ltr'><strong>cccxxxviii,</strong></span> <span class='ocrx_word' id='word_1_345' title='bbox 542 4576 658 4626; x_wconf 82' lang='lat' dir='ltr'><strong>Vrsoet</strong></span> <span class='ocrx_word' id='word_1_346' title='bbox 676 4575 794 4626; x_wconf 85' lang='lat' dir='ltr'><strong>Polemio</strong></span> <span class='ocrx_word' id='word_1_347' title='bbox 814 4587 886 4624; x_wconf 86' lang='lat' dir='ltr'><strong>coss.</strong></span> <span class='ocrx_word' id='word_1_348' title='bbox 931 4573 1049 4640; x_wconf 86' lang='lat' dir='ltr'><strong>Vuigntu</strong></span> <span class='ocrx_word' id='word_1_349' title='bbox 1066 4574 1120 4623; x_wconf 84' lang='lat' dir='ltr'><strong>inm</strong></span> <span class='ocrx_word' id='word_1_350' title='bbox 1145 4574 1188 4622; x_wconf 85' lang='lat' dir='ltr'><strong>est</strong></span> <span class='ocrx_word' id='word_1_351' title='bbox 1212 4585 1285 4620; x_wconf 85' lang='lat' dir='ltr'><strong>socc.</strong></span> <span class='ocrx_word' id='word_1_352' title='bbox 1310 4569 1333 4619; x_wconf 92' lang='lat' dir='ltr'>V</span> <span class='ocrx_word' id='word_1_353' title='bbox 1359 4568 1386 4616; x_wconf 86' lang='lat' dir='ltr'><strong>ct</strong></span> <span class='ocrx_word' id='word_1_354' title='bbox 1412 4567 1454 4618; x_wconf 92' lang='lat' dir='ltr'><strong>Vl.</strong></span> 
     </span>
     <span class='ocr_line' id='line_1_39' title="bbox 226 4637 1457 4720; baseline -0.008 -22"><span class='ocrx_word' id='word_1_355' title='bbox 226 4647 266 4698; x_wconf 86' lang='lat' dir='ltr'><strong>ct.</strong></span> <span class='ocrx_word' id='word_1_356' title='bbox 284 4647 425 4710; x_wconf 72' lang='lat' dir='ltr'><strong>specimen</strong></span> <span class='ocrx_word' id='word_1_357' title='bbox 442 4661 459 4697; x_wconf 89' lang='lat' dir='ltr'><strong>e</strong></span> <span class='ocrx_word' id='word_1_358' title='bbox 476 4647 536 4698; x_wconf 83' lang='lat' dir='ltr'><strong>eod.</strong></span> <span class='ocrx_word' id='word_1_359' title='bbox 554 4648 639 4698; x_wconf 79' lang='lat' dir='ltr'><strong>Velie.</strong></span> <span class='ocrx_word' id='word_1_360' title='bbox 659 4645 753 4696; x_wconf 73' lang='lat' dir='ltr'><strong>Hilarii</strong></span> <span class='ocrx_word' id='word_1_361' title='bbox 771 4645 940 4709; x_wconf 81' lang='lat' dir='ltr'><strong>desumptum</strong></span> <span class='ocrx_word' id='word_1_362' title='bbox 958 4659 1003 4708; x_wconf 80' lang='lat' dir='ltr'><strong>ep.</strong></span> <span class='ocrx_word' id='word_1_363' title='bbox 1015 4644 1118 4694; x_wconf 85' lang='lat' dir='ltr'><strong>Mobilt.</strong></span> <span class='ocrx_word' id='word_1_364' title='bbox 1137 4643 1157 4701; x_wconf 84' lang='lat'><strong>1.</strong></span> <span class='ocrx_word' id='word_1_365' title='bbox 1176 4659 1202 4706; x_wconf 88' lang='lat' dir='ltr'><strong>p.</strong></span> <span class='ocrx_word' id='word_1_366' title='bbox 1221 4637 1271 4692; x_wconf 76' lang='lat'><strong>311</strong></span> <span class='ocrx_word' id='word_1_367' title='bbox 1293 4639 1320 4690; x_wconf 89' lang='lat' dir='ltr'><strong>ot</strong></span> <span class='ocrx_word' id='word_1_368' title='bbox 1339 4637 1457 4720; x_wconf 46' lang='lat' dir='ltr'><strong>stlud&#39;in</strong></span> 
     </span>
     <span class='ocr_line' id='line_1_40' title="bbox 225 4709 1456 4782; baseline -0.006 -13"><span class='ocrx_word' id='word_1_369' title='bbox 225 4717 346 4782; x_wconf 70' lang='lat' dir='ltr'><strong>epistota</strong></span> <span class='ocrx_word' id='word_1_370' title='bbox 364 4717 443 4768; x_wconf 73' lang='lat' dir='ltr'><strong>Penii</strong></span> <span class='ocrx_word' id='word_1_371' title='bbox 459 4719 495 4768; x_wconf 78' lang='lat' dir='ltr'><strong>ed</strong></span> <span class='ocrx_word' id='word_1_372' title='bbox 512 4717 649 4771; x_wconf 70' lang='lat' dir='ltr'><strong>Romanos</strong></span> <span class='ocrx_word' id='word_1_373' title='bbox 667 4718 696 4768; x_wconf 87' lang='lat' dir='ltr'><strong>in</strong></span> <span class='ocrx_word' id='word_1_374' title='bbox 712 4718 842 4770; x_wconf 78' lang='lat' dir='ltr'><strong>Nouveeu</strong></span> <span class='ocrx_word' id='word_1_375' title='bbox 862 4709 941 4767; x_wconf 86' lang='lat' dir='ltr'><strong>treite&#39;</strong></span> <span class='ocrx_word' id='word_1_376' title='bbox 967 4717 1000 4764; x_wconf 82' lang='lat' dir='ltr'><strong>de</strong></span> <span class='ocrx_word' id='word_1_377' title='bbox 1025 4715 1213 4780; x_wconf 75' lang='lat' dir='ltr'><strong>diplomatique</strong></span> <span class='ocrx_word' id='word_1_378' title='bbox 1237 4725 1288 4776; x_wconf 86' lang='lat' dir='ltr'><strong>por</strong></span> <span class='ocrx_word' id='word_1_379' title='bbox 1306 4711 1376 4761; x_wconf 82' lang='lat' dir='ltr'><strong>deux</strong></span> <span class='ocrx_word' id='word_1_380' title='bbox 1393 4709 1456 4762; x_wconf 88' lang='lat' dir='ltr'><strong>reli·</strong></span> 
     </span>
     <span class='ocr_line' id='line_1_41' title="bbox 226 4779 1146 4861; baseline -0.007 -19"><span class='ocrx_word' id='word_1_381' title='bbox 226 4791 311 4861; x_wconf 57' lang='grc' dir='ltr'><strong>μοι</strong></span> <span class='ocrx_word' id='word_1_382' title='bbox 327 4783 503 4842; x_wconf 69' lang='lat' dir='ltr'><strong>Benedictus</strong></span> <span class='ocrx_word' id='word_1_383' title='bbox 522 4791 556 4842; x_wconf 88' lang='lat' dir='ltr'><strong>de</strong></span> <span class='ocrx_word' id='word_1_384' title='bbox 574 4790 602 4842; x_wconf 81' lang='lat' dir='ltr'><strong>ie</strong></span> <span class='ocrx_word' id='word_1_385' title='bbox 620 4804 748 4860; x_wconf 82' lang='lat' dir='ltr'><strong>congreg.</strong></span> <span class='ocrx_word' id='word_1_386' title='bbox 767 4792 801 4842; x_wconf 84' lang='lat' dir='ltr'><strong>de</strong></span> <span class='ocrx_word' id='word_1_387' title='bbox 819 4787 848 4842; x_wconf 81' lang='lat' dir='ltr'><strong>S.</strong></span> <span class='ocrx_word' id='word_1_388' title='bbox 866 4789 953 4841; x_wconf 78' lang='lat' dir='ltr'><strong>Meur.</strong></span> <span class='ocrx_word' id='word_1_389' title='bbox 972 4787 1017 4848; x_wconf 85' lang='lat'>111,</span> <span class='ocrx_word' id='word_1_390' title='bbox 1039 4802 1067 4852; x_wconf 86' lang='lat' dir='ltr'><strong>p.</strong></span> <span class='ocrx_word' id='word_1_391' title='bbox 1087 4779 1146 4837; x_wconf 80' lang='lat'><strong>143.</strong></span> 
     </span>
    </p>
   </div>
   <div class='ocr_carea' id='block_1_4' title="bbox 0 0 1717 5400">
    <p class='ocr_par' dir='ltr' id='par_1_6' title="bbox 0 0 1717 5400">
     <span class='ocr_line' id='line_1_42' title="bbox 0 0 1717 5400; baseline 0 0"><span class='ocrx_word' id='word_1_392' title='bbox 0 0 1717 5400; x_wconf 95' lang='lat' dir='ltr'><strong> </strong></span> 
     </span>
    </p>
   </div>
  </div>
 </body>
</html>
