3409 5400
320 486 388 555 608
539 482 600 548 Dii
621 478 829 548 PRIVATIS
851 477 1030 549 IVDICIIS
1052 478 1314 551 INSIGNIBVS.

323 645 432 727 Quam
453 664 523 711 rem
545 642 718 711 Dolabella
740 640 785 709 ad
806 662 845 709 se
869 640 1010 711 delatam
1033 641 1182 709 Athenas
1206 640 1250 707 ad
1273 641 1353 711 Arei
1376 643 1462 731 pagi
1488 665 1534 707 co·

322 754 502 838 gallionem
528 751 704 839 relegauit,
741 750 818 837 quia
840 750 914 835 ipse
936 771 1044 837 neque
1066 750 1205 817 liberare
1229 748 1355 815 duabus
1385 748 1534 815 caedibus

321 860 578 927 contaminatam
607 878 712 945 neque
741 856 857 940 punire
886 876 959 925 eam
986 858 1072 926 iusto
1108 858 1221 923 dolore
1249 856 1416 944 inpulsam
1446 857 1535 921 susti·

320 967 429 1034 nebat.
477 965 731 1031 consideranter
754 975 786 1027 et
806 974 977 1029 mansuete
1006 965 1117 1052 populi
1140 964 1283 1031 Romani
1310 965 1535 1051 magistratum

321 1072 382 1139 sed
411 1074 633 1160 Areopagitae
663 1092 794 1158 quoque
827 1092 894 1135 non
936 1072 1045 1137 mInus
1081 1073 1261 1159 sapienter,
1295 1072 1352 1157 qui
1394 1072 1552 1156 inspectat

322 1202 426 1247 eausa
448 1192 480 1243 et
502 1190 726 1243 accusatorem
750 1189 782 1241 et
803 1198 894 1241 ream
916 1190 993 1264 post
1015 1192 1145 1243 eentum
1167 1200 1275 1249 annos
1299 1179 1342 1243 ad
1364 1199 1404 1241 se
1426 1178 1535 1241 reuerti

320 1286 502 1362 laeserunt,
530 1286 648 1354 eodem
676 1284 797 1349 affectu
823 1284 906 1349 moti
934 1306 999 1371 quo
1026 1285 1209 1352 Dolabella.
1263 1283 1332 1349 Sed
1358 1282 1414 1348 ille
1439 1295 1534 1347 trans·

319 1392 455 1458 ferendo
479 1395 721 1480 quaestionem,
744 1389 777 1456 hi
800 1390 983 1457 differendo
1014 1391 1194 1459 damnandi
1222 1402 1319 1478 atque
1348 1388 1535 1455 absoluendi

279 1581 291 1600 ·
319 1500 579 1587 inexplicabilem
602 1500 841 1567 cunctationem
864 1500 1020 1566 nitebant.

828 1805 1038 1815 ----——-

543 2171 603 2239 Dii
626 2170 832 2240 PRIVATIS
857 2172 1034 2239 IVDICIIS
1057 2169 1320 2239 INSIGNIBVS.
1545 2170 1561 2213 ¹⁸

270 2348 311 2418 ll.
411 2350 553 2418 Publicis
584 2352 712 2419 iudiciis
740 2351 882 2417 adiciam
912 2352 1056 2438 priuata,
1087 2372 1225 2438 quorum
1252 2351 1362 2438 magis
1395 2353 1537 2437 nequitu

321 2459 552 2545 quaestionum
567 2459 731 2525 delectare
748 2480 846 2547 quam
863 2456 1081 2525 immoderata
1097 2457 1191 2522 turba
1208 2454 1377 2523 offendere
1387 2454 1538 2521 lectoren

319 2567 446 2651 polerit.

281 2670 310 2738 1.
410 2671 566 2740 Claudius
580 2671 792 2739 Centumalus
815 2670 857 2737 ab
875 2669 1055 2760 auguribus
1073 2671 1183 2736 iussus
1197 2668 1401 2736 altitudinem
1427 2668 1538 2738 domus

322 2813 346 2867 i.
365 2817 496 2884 areopagi
513 2813 570 2876 (aed
587 2813 637 2868 titt.
655 2833 671 2865 o
690 2814 718 2867 ia
736 2823 843 2880 rotare)
860 2815 892 2874 Α,
915 2813 992 2870 Ten.
1011 2816 1133 2883 ariopagi
1152 2807 1279 2866 DEFI'.
1308 2807 1342 2864 Vt
1359 2827 1412 2864 nor
1433 2809 1465 2868 Ο.
1487 2809 1537 2864 litt

320 2882 358 2934 ad
375 2883 411 2940 11.
430 2884 458 2940 t.
477 2882 503 2938 t.
514 2884 566 2952 112
586 2887 720 2956 delagault
737 2885 773 2940 lt.
787 2887 800 2957 li
814 2889 884 2955 ipse}
904 2903 953 2941 om.
967 2883 995 2940 lt
1013 2889 1077 2954 port
1093 2901 1180 2952 ueqne
1192 2882 1225 2936 Γ.
1235 2883 1249 2952 ΙΙ
1266 2885 1390 2938 laborare
1406 2899 1460 2952 pr.
1478 2883 1529 2952 ali

320 2955 447 3006 caedibus
466 2959 571 3007 «luobus
591 2955 669 3011 Torr.
680 2958 695 3024 ΙΙ
706 2956 730 3012 3.
749 2959 882 3021 inpulsum
897 2972 943 3026 pr.
955 2956 986 3010 A.
998 2958 1012 3026 ΙΙ
1023 2954 1049 3009 4.
1061 2955 1248 3025 magistratus]
1260 2976 1276 3006 a
1290 2977 1306 3006 a
1318 2977 1334 3008 a
1346 2953 1378 3008 A.
1394 2953 1410 3024 Π
1425 2953 1454 3010 5.
1475 2971 1538 3006 areo

320 3026 414 3094 pagita
433 3024 462 3079 C.
482 3028 648 3096 ariopagitae
665 3025 790 3083 DEFI'.
803 3029 817 3096 ΙΙ
827 3045 880 3080 non
899 3031 986 3079 minus
1000 3025 1148 3096 quoquere,
1163 3025 1175 3094 ΙΙ
1190 3029 1340 3090 inspectata
1355 3025 1386 3079 F.
1403 3027 1419 3093 ΙΙ
1435 3025 1463 3081 8.
1477 3031 1538 3077 darn·

319 3099 435 3147 nandum
455 3095 491 3149 D.
503 3096 518 3166 ΙΙ
529 3100 685 3149 soluendum
703 3096 740 3149 D.
762 3102 882 3151 soluendi
901 3098 933 3152 Γ.
945 3100 958 3169 ΙΙ
970 3097 994 3152 it.
1014 3102 1152 3150 mutabant
1171 3095 1289 3152 CDEI'
1306 3103 1331 3150 et
1343 3113 1390 3168 pr.
1411 3099 1450 3154 A.
1473 3097 1540 3150 Tora

319 3171 449 3220 nutabant
466 3183 536 3220 corr.
553 3167 586 3222 A.
604 3173 738 3222 mutarunt
753 3167 786 3221 12.
797 3168 812 3238 ΙΙ
825 3169 866 3224 10.
886 3169 1081 3224 INSIGNIBVS
1100 3185 1149 3224 om.
1167 3169 1229 3221 Par.
1244 3175 1256 3238 ΙΙ
1274 3165 1313 3222 ll.
1332 3165 1505 3222 centumalus
1516 3164 1539 3220 l'.

390 3291 599 3362 iaazpiieediieat
616 3293 804 3346 mactationem
821 3286 952 3357 alteim)
969 3297 1081 3347 codices
1101 3297 1203 3346 tantum
1222 3309 1275 3345 non
1287 3307 1383 3346 omnes
1402 3294 1539 3347 numni.

319 3363 373 3416 Sed
392 3382 446 3428 qua
465 3367 567 3417 ratione
586 3367 728 3418 Dolabella
745 3368 773 3418 et
790 3367 972 3435 Areopagitae
991 3367 1062 3418 iilam
1088 3367 1280 3416 cunctationem
1302 3367 1500 3419 transferendo
1521 3370 1539 3414 rt

320 3437 466 3488 dinamio
484 3437 644 3488 mutauerint
662 3439 785 3500 equidem
798 3438 885 3489 iateor
903 3453 946 3488 ane
964 3453 1017 3489 nou
1030 3437 1193 3506 intellegere.
1229 3435 1300 3486 Nihil
1313 3438 1440 3500 proiecto
1461 3436 1539 3489 muit'u

319 3510 461 3560 uerborum
479 3510 641 3578 ambagibus
659 3509 749 3560 etieelt
764 3509 924 3566 Torrenius.
944 3523 1004 3560 eum
1022 3509 1170 3574 explicaret
1187 3521 1236 3560 eos
1254 3508 1280 3559 in
1299 3509 1455 3560 maximam
1474 3523 1540 3560 eane

318 3580 445 3630 tationem
464 3583 572 3644 propter
590 3581 802 3644 pronuntiandae
819 3581 970 3632 sententiae
989 3581 1171 3632 difficultatem
1190 3579 1333 3637 conlectos,
1356 3582 1435 3632 unde
1455 3595 1489 3631 se
1505 3595 1541 3630 ex·

318 3651 410 3713 pedire
428 3665 483 3700 nou
500 3652 664 3714 potuissent,
683 3653 790 3702 diuerso
808 3653 888 3702 ruodo
907 3666 939 3702 se
957 3653 984 3702 lu
1003 3667 1038 3704 aa
1054 3652 1180 3719 gessisse
1198 3653 1226 3700 et
1242 3649 1415 3701 Dolabellam
1438 3653 1541 3702 darnm

317 3722 416 3772 tionem
440 3723 485 3772 uei
506 3723 702 3776 absolutionem
725 3724 847 3774 mutasse
871 3722 909 3787 (i)
933 3735 1034 3774 causae
1063 3723 1096 3772 nd
1127 3722 1195 3774 aiios
1219 3722 1320 3772 iudices
1350 3724 1541 3774 translatione:

318 3791 498 3860 Areopagitas
520 3809 585 3846 nero
608 3795 730 3846 metasse
752 3793 866 3844 candent
891 3793 1016 3844 dilatione
1039 3793 1065 3842 ln
1088 3793 1274 3861 longissimum
1298 3793 1375 3844 diem.
1427 3795 1543 3859 Ineptias

319 3863 399 3912 etlam
417 3862 530 3929 Pighius
549 3871 574 3914 ‘a
592 3867 684 3916 uetere
701 3863 800 3916 eodiee'
823 3879 872 3927 pro
897 3878 929 3914 eo
952 3865 1041 3928 posuit
1065 3860 1226 3922 insiluisset,
1250 3864 1334 3930 quod.
1359 3865 1386 3914 sl
1412 3868 1483 3932 quid
1502 3875 1544 3916 est.

319 3934 479 3983 eontrarium
496 3947 609 3996 prorsus
626 3936 685 3988 eius
703 3935 846 4004 siguificat,
865 3935 934 3997 qued
948 3935 1148 3998 exprimendum
1167 3939 1235 3985 erat.
1270 3934 1363 3999 Neque
1382 3939 1484 4006 magis
1496 3937 1544 3986 seio

320 4003 381 4066 quid
399 4003 549 4054 ascensius
572 4006 624 4055 sibi
643 4007 767 4062 rrolearit.
791 4022 850 4057 eum
871 4007 1000 4056 scriberet
1017 4001 1177 4060 manebant.
1218 4005 1364 4056 Dicendum
1384 4009 1465 4058 enirn
1486 4012 1545 4059 erat

319 4080 471 4136 ‘numquam
489 4074 592 4126 iudices
610 4090 644 4126 ex
661 4077 709 4126 iiia
725 4077 894 4128 fluctuatione
913 4080 992 4141 atque
1004 4077 1184 4128 haesitatione
1196 4077 1282 4128 utrum
1295 4079 1466 4130 damnarent
1478 4095 1546 4130 reas

318 4160 355 4195 an
372 4145 545 4196 absoluereut
568 4159 600 4198 se
623 4147 809 4210 expedissem,
832 4149 884 4198 nisi
908 4149 1003 4198 callido
1027 4147 1169 4198 Dolabella
1192 4161 1277 4198 eausa
1300 4148 1334 4198 ad
1359 4148 1546 4219 Areopagitas

316 4216 464 4276 translata,
482 4216 664 4285 Areopagitae
681 4217 708 4267 ia
727 4219 834 4285 longum
853 4223 959 4282 tempus
977 4233 1013 4270 ea
1031 4219 1115 4269 dilata
1131 4219 1345 4281 inexplicabilem
1361 4219 1453 4271 istam
1474 4237 1548 4272 eune·

316 4290 443 4340 tationem
467 4287 658 4340 declinassent.
692 4287 784 4353 ltaque
808 4289 915 4340 omuino
938 4305 998 4340 eum
1022 4291 1127 4354 Guyeto
1152 4291 1320 4350 scribendum
1345 4294 1390 4340 ast
1414 4291 1547 4344 matut

317 4361 400 4411 liutai
418 4359 537 4410 tortasse
554 4359 600 4424 qui
617 4358 770 4408 desiderent
788 4356 936 4414 matut.
961 4362 1024 4422 quia
1049 4363 1161 4412 euentus
1187 4361 1339 4410 calliditatis
1358 4360 1440 4414 illius
1463 4366 1547 4429 potius

316 4431 458 4482 iudicanda
469 4433 514 4482 esi
530 4445 610 4496 quam
629 4428 705 4480 solus
722 4431 839 4480 euitaudi
852 4434 973 4490 conatus,
993 4432 1036 4498 qui
1055 4432 1210 4497 pierumque
1224 4431 1323 4482 uitandi
1336 4435 1426 4482 uerbo
1449 4437 1549 4488 desen·

317 4503 394 4556 bitur.
429 4500 484 4552 Sed
502 4502 626 4552 Valerius
644 4502 763 4564 saepius.
784 4502 880 4551 abida
900 4503 1050 4554 denotando
1070 4506 1165 4554 euentu
1185 4503 1230 4566 (de
1249 4503 1408 4567 abitatione)
1431 4505 1550 4556 dubitari

316 4575 414 4636 nequit.
427 4574 518 4623 minen
530 4572 629 4623 uitandi
642 4575 725 4624 narbo
738 4585 804 4622 naus
817 4574 868 4630 est,
886 4574 1022 4637 umquam
1036 4574 1070 4624 de
1083 4577 1180 4624 conatu
1192 4577 1220 4625 ei
1231 4574 1342 4625 consilio
1356 4575 1473 4628 tantum
1489 4593 1549 4650 age·

318 4645 398 4690 retur.
434 4643 473 4693 cf.
491 4643 512 4699 1,
531 4639 557 4700 ii,
577 4641 693 4702 10.1111,
712 4640 738 4702 i,
757 4639 853 4695 sxta.
875 4643 917 4701 Vl.
937 4637 964 4704 8,
982 4640 1007 4698 3.
1028 4644 1097 4706 vlll,
1117 4639 1140 4704 l,
1160 4639 1186 4698 b'.

388 4707 899 4776 istoeffimffimmffi
1270 4725 1275 4736 '
