3409 5400
294 457 357 525 708
713 447 772 512 DE
796 443 1086 512 TEMERITATE.

251 619 279 683 1.
381 613 489 694 Quam
514 612 600 675 enim
625 619 744 673 temere
769 629 805 672 se
822 607 997 672 Africanus
1023 606 1172 691 superior
1195 625 1234 667 ex
1250 603 1411 688 Hispania
1433 602 1519 664 ‹lua-

289 721 351 786 bus
381 717 668 806 quinqueremibus
700 715 741 778 ed
773 713 959 800 Syphacem
989 713 1129 786 traiecit,
1162 711 1196 774 in
1225 711 1323 774 unius
1351 708 1517 772 Numidae

290 827 400 893 infidis
425 823 627 912 praecordiis
652 841 745 885 stram
772 821 890 905 pariter
918 832 949 882 et
971 820 1096 903 patriae
1125 817 1264 881 salutem
1288 813 1517 901 depositurus!

291 932 404 1019 ltaque
428 933 546 1018 exiguo
571 939 735 992 momento
759 928 922 990 maximae
939 925 985 987 rei
1010 945 1109 988 casus
1126 922 1300 987 fluctuatus
1324 936 1384 996 est,
1407 933 1516 984 utrum

291 1039 477 1103 interfector
500 1058 542 1098 an
567 1037 715 1120 captiuus
740 1033 907 1116 Scipionis
931 1029 1068 1117 Syphax
1096 1032 1195 1094 lieret.
1529 1051 1542 1092 s

250 1145 282 1210 2.
381 1143 466 1207 Nam
491 1143 526 1207 G.
545 1142 698 1204 Caesaris
716 1161 839 1223 arieeps
865 1149 1013 1209 conatus,
1037 1137 1098 1199 etsi
1122 1137 1313 1201 caelestium
1336 1157 1414 1200 cura
1439 1156 1517 1220 pro·

292 1265 396 1316 tectus
421 1261 485 1322 est,
516 1253 607 1327 [uon]
638 1260 747 1310 tamen
777 1247 831 1310 uix
860 1245 932 1307 sine
961 1241 1096 1305 horrore
1128 1244 1228 1306 animi
1259 1245 1372 1306 referri
1396 1251 1517 1327 potest.

293 1355 463 1444 Siquidem
492 1355 655 1439 inpatiens
684 1353 850 1439 legionum
880 1351 1033 1417 tardioris
1062 1372 1083 1413 a
1105 1347 1282 1414 Brundisio
1305 1348 1517 1434 Apolloniam

294 1464 445 1556 traiectos
462 1479 520 1548 per
536 1459 775 1525 simulationem
793 1459 954 1522 adirersae
974 1455 1171 1522 ualetudinis
1187 1457 1339 1519 conuiuio
1355 1475 1516 1542 egressus

292 1573 464 1635 maiestate
488 1589 550 1632 sua
573 1564 683 1630 seruili
707 1575 796 1628 ueste
827 1564 989 1628 occultata
1019 1562 1201 1626 nauiculam
1231 1561 1421 1626 conscendit
1443 1566 1476 1623 ci
1498 1581 1549 1620 eo

295 1677 426 1741 flumine
450 1680 516 1754 [ac]
540 1673 640 1736 meris
656 1671 836 1736 Hadriatici
861 1691 965 1735 saeua
988 1679 1179 1756 tempestate
1203 1671 1316 1734 fauces
1339 1669 1416 1754 petit
1438 1687 1516 1752 pro·

294 1785 447 1866 linusque
469 1783 502 1844 in
528 1779 627 1842 altum
651 1776 747 1862 dirigi
771 1778 864 1840 iusso
889 1778 1024 1863 nauigio
1047 1775 1182 1841 multum
1206 1799 1246 1841 ac
1263 1775 1318 1839 diu
1342 1774 1514 1838 contrariis

294 1889 432 1951 iactatus
458 1882 608 1947 fluuibus
632 1881 763 1946 tandem
788 1884 977 1947 necessitati
1001 1884 1112 1950 cessit.

252 1989 282 2055 3.
383 1991 473 2078 Age,
501 1988 557 2053 illa
587 2011 684 2075 quam
717 1988 907 2053 execrabilis
937 1990 1073 2054 militum
1102 1988 1281 2054 temeritas!
1316 1987 1405 2052 Fecit
1425 1988 1515 2049 enim

294 2110 329 2163 ut
352 2097 391 2164 A.
417 2097 570 2170 Albinus,
598 2095 779 2169 nobilitate,
808 2096 968 2170 moribus,
996 2094 1157 2160 honorum
1189 2097 1333 2160 omnium
1361 2109 1546 2157 consum-¹⁵

295 2207 438 2270 mationa
462 2202 541 2267 ciuis
566 2203 718 2274 eximiae,
749 2209 880 2286 propter
909 2200 1013 2264 falsas
1044 2215 1076 2265 et
1101 2202 1217 2265 inanes
1247 2203 1452 2287 suspiciones
1480 2204 1514 2265 in

799 2331 1013 2344 1-

295 2397 321 2453 2.
341 2415 469 2467 sypscem
489 2395 520 2449 A.
538 2392 594 2462 115.
613 2397 696 2460 scipio
719 2395 849 2460 syphacis
868 2391 1016 2448 Acusr.
1035 2391 1090 2463 116.
1110 2393 1172 2460 §.2
1195 2410 1244 2449 om.
1263 2393 1294 2449 Γ.
1311 2396 1325 2465 ΙΙ
1341 2399 1395 2448 lam
1415 2395 1474 2449 DE
1490 2401 1514 2446 et

296 2485 365 2524 eurr.
385 2468 417 2525 Α,
439 2467 516 2524 Torr.
541 2465 599 2519 Vid.
619 2465 655 2517 ad
674 2464 695 2520 l,
716 2463 742 2520 ii.
767 2462 806 2517 10.
826 2464 838 2530 ΙΙ
858 2465 881 2515 i.
901 2483 953 2516 nou
973 2471 1063 2517 leucen
1083 2466 1138 2532 uix}
1164 2469 1208 2518 trix
1230 2471 1319 2518 tumen
1337 2466 1365 2519 D
1384 2473 1410 2518 st
1425 2467 1453 2518 is
1471 2482 1512 2518 re·

295 2555 360 2593 sure
378 2541 408 2598 A.
430 2539 506 2592 Torr.
522 2538 533 2604 ΙΙ
548 2539 627 2587 animi
647 2539 755 2587 horrore
776 2535 851 2588 Torr.
868 2533 880 2603 ΙΙ
900 2535 925 2589 8.
944 2538 1016 2605 legio
1035 2535 1070 2590 Ε.
1087 2537 1100 2603 ΙΙ
1119 2541 1263 2588 brundusio
1284 2537 1453 2591 CDETurr,
1481 2533 1512 2587 Vr

296 2626 344 2662 aos
362 2611 439 2662 ctiam
457 2610 519 2662 Par.
535 2609 546 2676 li
560 2604 585 2659 e.
606 2609 757 2657 reatitudinis
778 2605 831 2658 CD
839 2607 873 2660 E.
886 2608 900 2675 Η
913 2606 954 2661 10.
969 2609 1136 2658 maiestatem
1156 2625 1233 2659 stram
1247 2609 1278 2662 A.
1288 2608 1303 2675 ΙΙ
1315 2614 1341 2661 et
1360 2625 1409 2663 om.
1420 2607 1511 2662 ΑΘΕ.

310 2681 322 2752 ΙΙ
338 2680 379 2734 il.
399 2700 433 2804 αδ
449 2696 497 2733 om.
518 2678 594 2730 Torr.
607 2679 620 2747 ΙΙ
633 2679 705 2743 petiit
724 2676 783 2729 DE
803 2683 827 2729 et
846 2694 916 2731 corr.
934 2677 966 2739 A,
988 2676 1063 2731 Torr.
1075 2678 1089 2747 ΙΙ
1110 2675 1149 2732 12.
1168 2682 1250 2730 multo
1265 2695 1309 2749 pr.
1328 2678 1449 2749 41115,
1468 2683 1510 2731 50.

296 2770 389 2807 norom
432 2791 439 2805 .

298 2910 356 2945 cum
377 2896 458 2944 autea
477 2893 558 2959 uulgo
578 2892 711 2958 legeretur
730 2889 768 2941 ita
786 2890 867 2943 subiti
884 2898 912 2942 at
929 2891 1096 2943 uehementes.
1137 2894 1238 2959 Estque
1263 2908 1330 2945 seue
1350 2896 1450 2946 facilior
1467 2896 1510 2944 sli-

298 2967 397 3027 qusnlo
411 2966 478 3013 haec
491 2964 639 3013 emendatio
654 2962 708 3017 ille.
728 2978 806 3023 quum
822 2965 976 3014 Perizonius
989 2965 1134 3027 proposuit.
1153 2969 1182 3014 st
1193 2962 1282 3019 subiti,
1299 2964 1338 3015 ite
1349 2964 1510 3016 uehementes.

299 3032 407 3084 Minime
432 3049 494 3083 uero
516 3032 669 3083 'Torreniurn
694 3028 791 3095 prebe.
816 3050 875 3083 cum
900 3034 1001 3098 aliquot
1023 3035 1098 3084 libris
1121 3036 1291 3086 scribendum
1314 3040 1467 3087 censentem
1484 3040 1511 3084 st

298 3103 387 3159 subiti.
408 3102 565 3155 uehementes
584 3116 684 3151 omisso
703 3101 749 3158 ite,
769 3106 802 3153 do
822 3121 874 3169 quo
892 3120 992 3171 genere
1011 3106 1125 3155 disserui
1144 3106 1177 3155 sd
1198 3106 1246 3160 111.
1265 3102 1297 3165 2.
1319 3104 1360 3159 ts.
1396 3106 1447 3157 Sed
1467 3107 1509 3155 sd·

299 3178 405 3225 modom
425 3177 489 3225 dore
508 3173 679 3236 comparendi
700 3175 827 3235 particulo
841 3177 867 3224 iu
881 3178 932 3224 hoc
944 3190 1013 3225 nexo
1027 3178 1096 3238 apud
1111 3176 1222 3225 alteram
1242 3178 1353 3227 duarum
1372 3179 1508 3230 notionum.

248 3252 253 3266 ‘
297 3248 372 3297 iuxta
390 3246 545 3308 positurum,
564 3244 703 3307 inquibus
723 3245 789 3294 solis
808 3247 972 3309 comparatio
990 3249 1121 3302 uersstur.
1141 3247 1312 3299 omitteretur.

359 3314 394 3378 ΙΙ.
414 3317 452 3367 Cl'.
472 3317 529 3365 tiu.
548 3315 669 3369 xxviii.
693 3311 731 3365 ll.
756 3315 824 3379 App.
844 3317 920 3380 llisp.
938 3312 981 3367 29.
1004 3318 1100 3369 Zonar.
1120 3318 1166 3375 lx,
1188 3313 1228 3367 10.

369 3385 501 3453 Scipionis
518 3384 633 3453 Syphax)
654 3386 726 3434 Libri
750 3386 837 3448 inepto
861 3388 1020 3437 contrarium
1044 3389 1158 3450 produnt
1181 3388 1340 3440 exhibentes
1362 3387 1452 3457 Scipio
1469 3388 1510 3455 Sy·

292 3456 398 3526 phocis.
418 3459 487 3524 qood
502 3458 612 3507 consilio
623 3457 720 3507 iecisse
734 3458 837 3505 uidetur
850 3460 941 3507 nescio
954 3458 1015 3519 quis
1027 3458 1160 3516 librarius,
1179 3461 1223 3525 qui
1236 3476 1284 3523 pro
1295 3462 1401 3511 inscitie
1413 3461 1510 3511 illorum

297 3532 432 3579 hominurn
451 3528 571 3592 proxima
590 3542 711 3592 quaeque
724 3528 863 3577 dundoxut
881 3529 1058 3592 spectantium
1070 3527 1223 3592 Scipionem
1243 3532 1368 3581 facillime
1379 3531 1510 3596 Syphacis

297 3600 430 3663 captiuum
448 3604 511 3648 tunc
530 3598 585 3647 fleri
599 3598 718 3660 potuisse
737 3598 887 3655 crediderit,
905 3614 964 3648 com
983 3600 1008 3649 is
1023 3600 1138 3649 astartem
1151 3614 1229 3651 susm
1247 3602 1274 3651 in
1294 3604 1372 3652 tinius
1385 3602 1511 3652 Numidae

296 3671 384 3721 inlidis
404 3670 566 3732 praecordiis
585 3670 710 3731 posuisse
730 3668 838 3719 dicatur.
876 3669 970 3737 Longe
985 3684 1050 3719 uero
1062 3672 1220 3721 abonorum
1239 3673 1365 3723 librorum
1385 3675 1512 3737 scriptura

297 3742 438 3791 discedens
457 3743 537 3805 utque
555 3742 624 3788 adeo
643 3740 781 3789 arbitraris
800 3740 941 3789 sdmodum
958 3740 1069 3808 Pighius
1088 3756 1104 3791 e
1122 3742 1259 3792 codicibus
1277 3744 1469 3793 Polmsnnisno
1487 3746 1512 3793 et

297 3810 413 3861 Susiano
438 3811 558 3861 ediderat
577 3806 722 3875 fisewauit
748 3815 835 3860 stram
859 3808 981 3877 captiosa
1003 3826 1039 3861 es
1061 3810 1149 3862 uictor
1170 3810 1262 3879 Scipio
1284 3811 1414 3881 Syphacis
1427 3811 1511 3881 fieret.

297 3882 415 3931 Correxit
433 3881 555 3931 mendum
576 3882 705 3942 probante
725 3880 862 3931 Perizonio
881 3882 1031 3931 Grououius
1049 3881 1097 3932 llll
1116 3885 1223 3934 obsero.
1242 3881 1268 3935 o.

366 3947 392 4001 2
411 3951 450 4001 Gi.
470 3950 537 3999 Plnt.
557 3950 634 4001 Caes.
652 3947 700 4002 ³8:
720 3952 754 4000 id.
773 3952 1087 4018 spopltth.(1ul.t)ues.)
1106 3950 1132 4005 9.
1151 3949 1255 4017 pm
1275 3956 1310 4004 tle
1328 3950 1511 4010 sortitum&

295 4037 323 4084 p.
340 4016 394 4072 iob
412 4021 503 4072 lielsk.
523 4020 579 4085 (ubi
599 4035 645 4083 pro
663 4022 783 4086 Σαβίνου
801 4023 943 4089 legendum
962 4025 1005 4072 est
1021 4025 1161 4089 rupimus
1180 4024 1241 4076 coll.
1258 4027 1326 4089 App.
1344 4026 1418 4091 illyr.
1438 4023 1471 4077 12
1488 4028 1512 4075 et

295 4092 346 4213 Birt.
365 4091 397 4149 ll,
416 4086 661 4211 {idpssSueq-flcrtes.
679 4088 723 4143 58.
744 4092 812 4144 sior.
832 4094 887 4150 llll,
906 4090 932 4150 2,
951 4087 995 4145 ³1.
1014 4094 1082 4158 App.
1102 4096 1153 4144 ciu.
1172 4094 1204 4154 ΙΙ,
1223 4091 1511 4155 salamantin.

321 4165 345 4213 ἰο
364 4164 440 4215 Cass.
498 4162 530 4219 ,1,
584 4198 591 4212 .

368 4238 392 4284 et
410 4248 424 4283 e
432 4231 553 4300 fiamine)
577 4232 696 4281 Correxit
716 4233 827 4301 Pighius
847 4248 863 4283 e
880 4234 1020 4284 Poimanni
1038 4236 1066 4285 et
1082 4234 1156 4285 Sosii
1174 4236 1373 4300 exemplaribus
1391 4239 1510 4288 uitiossm

297 4306 455 4369 scripturam
475 4302 623 4367 archetypi,
643 4303 668 4352 ln
688 4320 817 4368 quocum
837 4304 982 4355 excidisset
1003 4308 1099 4370 copula
1115 4310 1162 4366 (et)
1178 4310 1242 4357 sote
1260 4322 1287 4367 e,
1311 4308 1435 4359 librarius
1453 4324 1509 4358 esm

296 4377 454 4426 desiderans
472 4375 542 4424 luiso
562 4374 619 4422 loco
638 4374 781 4423 intruserat
799 4388 839 4425 oc.
878 4374 944 4424 Nam
959 4376 1115 4439 Apolloniae
1127 4391 1223 4428 nauem
1244 4381 1436 4431 conscendlsse
1447 4382 1510 4429 Ges·

296 4460 394 4504 sarem,
414 4449 442 4496 ut
460 4444 578 4496 secondo
596 4443 701 4493 flumine
720 4460 794 4494 more
813 4448 925 4508 peteret.
944 4461 959 4496 e
978 4446 1113 4497 Plutarchi
1132 4450 1149 4500 l.
1168 4462 1191 4500 c.
1210 4450 1300 4514 liquet.

366 4511 391 4568 3.
411 4516 468 4567 Liu.
488 4516 549 4580 epit.
567 4516 624 4565 libr.
645 4514 769 4563 LXXVll
789 4516 818 4567 A.
839 4516 1001 4567 Postumium
1021 4519 1144 4569 Albinum
1168 4519 1296 4570 lnfamem
1322 4521 1431 4573 crlmiue
1453 4536 1509 4585 pro·

295 4588 409 4644 ditionis,
429 4587 541 4635 Orosius
561 4586 592 4642 V,
613 4582 645 4635 18
663 4590 771 4649 propter
789 4586 982 4638 intolerabilem
1002 4590 1154 4653 superbiam
1175 4592 1210 4640 sb
1228 4591 1346 4641 exercitu
1367 4606 1416 4643 suo
1435 4593 1508 4643 inter·

295 4654 392 4705 tectum
409 4668 474 4707 esse
492 4656 617 4707 scribunt
645 4654 685 4707 ct.
702 4658 782 4707 ettam
801 4656 870 4707 etur.
887 4656 954 4724 Syll
972 4654 998 4713 d.
