3409 5400
630 519 713 587 LIB.
736 520 761 600 I,
785 522 822 588 C.
847 525 877 599 1,
901 532 931 602 ς.
954 526 1061 595 2-7.
1397 530 1460 599 109

229 684 267 748 G.
294 681 452 748 claudius
475 690 609 769 propter
631 694 706 749 exta
727 706 845 771 parum
861 686 989 753 curiose
1013 686 1146 753 adrnota
1169 688 1304 755 nieorum
1327 690 1459 755 humor·

227 792 345 857 talium
361 792 431 855 eris
443 790 546 855 uariis
558 791 760 878 temporibus
774 791 934 880 bellisque
954 794 1094 863 diuersis
1110 793 1255 861 ilarninio
1269 796 1358 863 abire
1375 797 1459 863 iussi

228 911 306 966 sunt
330 899 501 986 coactique
525 898 634 963 etiam.

318 1006 364 1071 At
375 1005 522 1094 Stdpicie
537 994 621 1071 inter
633 992 887 1075 sacrificandus
904 1028 922 1072 e
939 1010 1045 1098 capite
1062 1030 1147 1098 apex
1161 1008 1336 1099 prolapsus
1352 1009 1459 1077 eidem

204 1114 453 1183 asacerdotinm
477 1113 624 1190 abstulit,
648 1125 869 1203 occentusque
893 1119 1010 1185 soricis
1035 1118 1164 1185 auditus
1188 1118 1290 1185 Fabio
1312 1118 1457 1185 Maximo
1469 1117 1498 1186 5.
1532 1164 1556 1202 ‚q

228 1224 435 1297 dictaturam,
460 1220 497 1287 0.
512 1220 675 1288 Flaminio
697 1222 925 1310 magisterium
948 1228 1091 1313 equitnm
1114 1226 1300 1314 deponendi
1322 1248 1459 1293 cansam

229 1328 389 1417 praebuit.
410 1324 416 1332 ’

317 1433 539 1501 Adiciendum
574 1433 627 1503 his
663 1436 752 1525 qnod
777 1436 817 1503 P.
851 1436 980 1505 Licinio
1009 1440 1154 1528 pontifici
1184 1442 1327 1507 maximo
1361 1441 1456 1530 uirgo
1468 1442 1498 1509 6.

227 1542 388 1619 Vestalis,
412 1544 491 1631 quia
514 1543 657 1631 quadam
676 1556 907 1630 noctepamrm
926 1546 1068 1635 diligens
1086 1550 1209 1613 aeterni
1231 1549 1319 1636 ignis
1344 1561 1455 1615 eustos

192 1654 360 1725 infuisset,
387 1650 492 1739 digna
512 1652 589 1717 nisa
611 1664 661 1716 est
684 1674 770 1740 qnae
792 1651 898 1739 flagro
922 1652 1160 1720 aelmonereinr.

317 1759 483 1825 Maximae
495 1780 574 1825 nero
585 1760 725 1847 uirginis
737 1758 896 1823 Aemiliae
909 1758 1102 1847 discipulam
1115 1765 1253 1829 extincto
1265 1763 1342 1852 igne
1356 1772 1455 1831 tutam
1468 1766 1497 1829 7.

231 1990 255 2048 i.
273 2008 361 2064 gneus
380 1993 502 2043 claudius
519 1988 556 2044 D.
576 1994 603 2043 et
621 1994 649 2043 C.
659 1994 787 2044 Claudius
799 1990 876 2046 Tem
890 1992 902 2065 ΙΙ
918 1996 1027 2047 deorum
1037 2022 1071 2035 ·-
1082 1998 1195 2049 dictersis
1208 2012 1257 2050 em.
1269 1994 1302 2051 A.
1316 1992 1368 2068 112.
1386 1996 1453 2064 arte]

227 2084 278 2120 on.
296 2062 429 2123 ΒΟΒΕ.
454 2066 641 2117 amaseorum
667 2063 745 2117 Terr.
764 2063 779 2190 qi
796 2068 921 2119 itamonio
939 2066 1002 2119 Par.
1023 2067 1036 2138 ΙΙ
1055 2064 1081 2121 4.
1100 2084 1169 2135 apex
1189 2085 1204 2120 e
1223 2072 1310 2135 eapite
1331 2066 1407 2121 Tere.
1428 2068 1440 2140 ΙΙ

227 2136 254 2190 5.
264 2141 370 2189 seriens
380 2133 416 2187 D.
430 2133 444 2205 11
458 2133 484 2187 ti.
493 2136 648 2186 Flamonins
657 2134 720 2189 Pur.
735 2132 748 2209 ΙΙ
780 2140 931 2203 ‚praestitit
940 2136 972 2190 Β.
988 2137 1000 2205 ΙΙ
1015 2138 1040 2191 8.
1057 2140 1137 2207 qnod]
1154 2138 1257 2191 litterae
1266 2145 1299 2192 od
1316 2140 1344 2191 in
1358 2154 1455 2192 resera

226 2210 258 2261 A.
277 2225 329 2261 en.
348 2206 377 2259 0.
395 2204 440 2274 ΙΙρ
459 2233 472 2260 0
487 2235 499 2259 ι
519 2209 605 2259 ticinio
622 2206 654 2259 A.
677 2227 714 2273 po
732 2212 821 2262 licinio
845 2208 905 2276 (sed
922 2208 971 2259 iiie.
991 2229 1006 2260 o
1025 2212 1034 2261 I
1053 2209 1081 2261 ia
1099 2218 1204 2273 rasere)
1223 2210 1249 2264 0.
1281 2216 1343 2277 post
1366 2212 1454 2263 ticinio

226 2279 296 2333 BD.
314 2281 450 2346 postumio
469 2280 557 2328 lietuio
574 2276 608 2331 E.
635 2279 665 2332 P.
685 2280 807 2333 Maniae
824 2286 936 2333 uocanti·
954 2296 970 2331 a
988 2280 1061 2335 Pur..
1084 2281 1174 2339 Liuio,
1200 2281 1287 2334 Voler.
1310 2278 1453 2339 V1,ti.3.

239 2348 293 2423 qe.
314 2351 389 2474 quiq}
410 2366 470 2401 cnm
488 2348 516 2399 t'n
533 2364 630 2401 rasura
648 2348 675 2403 C.
695 2370 727 2403 eo
750 2356 820 2418 qnod
837 2351 874 2405 D.
889 2348 901 2422 ΙΙ
919 2348 959 2403 10.
979 2350 1059 2418 eltnae]
1079 2357 1107 2403 nt
1119 2351 1154 2405 D.
1170 2348 1181 2424 ΙΙ
1197 2356 1383 2405 admoneretur
1400 2350 1454 2404 CD

225 2430 253 2476 et
269 2438 342 2476 corr.
387 2460 394 2475 .
412 2424 583 2473 amoneretur
594 2437 640 2489 pr.
652 2421 684 2474 e.
699 2420 711 2491 ΙΙ
727 2422 769 2476 II.
788 2425 956 2490 disciplinam
973 2422 1001 2474 ia
1018 2438 1116 2476 rasura
1134 2422 1156 2477 G
1171 2432 1198 2478 et
1217 2424 1330 2479 sorra

737 2558 951 2573 hm

203 2641 344 2692 -simitem
366 2638 581 2689 terminationem
603 2640 790 2704 praecedentis
814 2643 889 2692 vocis
914 2640 1047 2693 excidisse
1069 2642 1186 2703 videtur,
1210 2642 1346 2693 servatum
1369 2642 1413 2692 est
1435 2654 1453 2691 a

226 2715 284 2767 ‚tot
308 2713 417 2768 Paride,
439 2725 455 2761 e
479 2726 531 2776 qne
556 2712 582 2760 in
607 2714 755 2779 marginem
782 2714 841 2763 iibri
871 2715 1018 2766 Beruensis
1049 2715 1076 2764 et
1104 2715 1131 2766 in
1166 2715 1330 2766 recentiores
1354 2715 1453 2780 aliquot

227 2786 337 2836 codices
360 2782 473 2832 transiit
519 2779 573 2831 Sed
594 2783 664 2832 Idem
690 2785 751 2833 iilud
778 2801 928 2852 cognomen
952 2787 1117 2836 demonstrat
1139 2787 1167 2838 in
1190 2787 1324 2854 gentilicio
1349 2799 1452 2852 qnoque

226 2858 335 2909 nonnae
353 2857 389 2904 ab
405 2854 590 2918 antiquissimo
606 2856 721 2918 quodam
737 2857 844 2906 librario
861 2858 1012 2907 aberratum
1035 2871 1107 2916 esse,
1126 2874 1185 2908 enm
1202 2861 1228 2908 ct
1244 2871 1337 2907 omnes
1353 2857 1453 2906 Valerii

225 2930 338 2980 codices
356 2929 384 2976 ct
401 2925 506 2975 Paridis
525 2925 670 2976 Vaticanus
688 2943 737 2992 pro
757 2928 857 2978 Cloelio
876 2929 994 2978 Coelium
1012 2929 1056 2978 vel
1074 2929 1192 2980 Caelium
1210 2930 1337 2980 habeant.
1360 2927 1453 2992 Neque

227 3001 300 3052 cutm
323 2999 352 3049 in
374 2997 482 3060 plebeia
506 2997 656 3047 Caelianum
673 3000 723 3048 sed
745 3000 774 3048 in
790 2998 904 3063 patricia
922 2998 1082 3050 Cloeliornm
1100 3002 1179 3068 gente
1198 3000 1279 3052 Siculi
1303 3013 1453 3068 cognomen

226 3071 361 3122 tnrenItnr
385 3068 454 3131 (Lis.
477 3068 539 3127 IIII,
560 3064 607 3125 ii,
632 3063 659 3120 5.
684 3071 732 3127 vi,
751 3066 801 3130 31,
820 3065 873 3134 2),
899 3072 927 3120 ut
949 3073 1021 3122 reete
1040 3073 1140 3122 meanti
1156 3073 1237 3126 Drak.
1262 3073 1296 3122 sd
1316 3072 1375 3122 Liv.
1393 3071 1451 3130 XL,

226 3139 272 3201 42,
294 3139 337 3198 11.
355 3141 402 3189 nbi
419 3140 533 3190 eaedem
549 3141 647 3206 gentes
670 3142 801 3193 contusae
822 3143 884 3193 sunt
907 3143 934 3192 in
952 3143 981 3194 P.
1002 3143 1100 3194 Cloelio
1119 3142 1216 3205 Siculo,
1235 3157 1301 3212 rege
1320 3143 1451 3203 sacrifiea,

226 3229 310 3282 quem
327 3213 457 3262 bonorem
474 3226 529 3262 nun
546 3211 599 3259 nisi
614 3213 719 3274 patricii
735 3213 860 3276 poterant
877 3214 1004 3266 obtinere.

301 3281 373 3334 eris
395 3279 483 3334 uariis
505 3277 673 3348 mneritas)
691 3281 749 3333 arte
765 3286 896 3336 ourissnm
913 3287 941 3336 in
959 3286 1092 3344 omnibus.
1112 3301 1178 3352 qnos
1192 3287 1315 3354 equidem
1333 3285 1450 3342 excussi.

226 3357 366 3407 codicibus
385 3356 412 3404 et
429 3354 547 3402 iodaese
566 3353 647 3403 etiam
665 3355 691 3403 in
704 3356 835 3412 omnibns,
856 3357 950 3420 quibus
969 3371 1037 3406 nens
1056 3359 1099 3407 est
1116 3358 1267 3416 Tessenios,
1290 3359 1339 3407 sed
1358 3357 1451 3406 contir-

225 3429 333 3479 matnm
350 3425 489 3476 Paridensi
507 3425 674 3488 compendio.
697 3427 791 3489 procui
815 3429 894 3478 dnbio
917 3427 945 3478 in
969 3429 1116 3493 archetypo
1139 3431 1273 3478 exciderat
1290 3429 1399 3492 propter
1416 3426 1451 3474 si·

226 3501 320 3550 saitem
338 3497 451 3547 tonnam
473 3513 500 3547 n.
524 3493 617 3546 uarie.
660 3498 828 3560 Quapropter
850 3499 922 3548 recte
947 3499 1053 3563 quidem
1078 3515 1093 3549 e
1118 3501 1267 3549 contectura
1291 3493 1450 3560 suppletum,

224 3587 283 3623 non
300 3568 434 3634 probabili
455 3569 548 3618 tamen
565 3568 624 3617 loco
648 3567 777 3618 insertum
798 3570 857 3618 erat
877 3570 941 3618 aute
966 3563 1083 3620 deornm.
1128 3570 1222 3636 Longe
1246 3569 1324 3632 ptura
1347 3567 1451 3617 interie-

225 3645 291 3693 runt
312 3644 342 3691 in
369 3640 437 3690 libro
452 3641 540 3697 Bere..
559 3639 604 3688 nbi
626 3639 697 3690 haee
719 3640 823 3689 tantm
847 3640 984 3706 leguntur,
1008 3643 1122 3706 prepter
1147 3643 1206 3690 ecta
1225 3652 1323 3706 parum
1350 3636 1453 3690 cutim

225 3711 337 3765 adnoto
344 3709 469 3778 flaminio
487 3707 562 3761 ubire
579 3711 638 3770 ete„
658 3725 727 3775 qnae
744 3725 795 3774 per
812 3724 844 3761 se
863 3711 967 3775 quidem
986 3713 1058 3760 recte
1076 3711 1229 3774 procedunt.
1251 3725 1314 3760 nam
1332 3711 1371 3760 sie
1389 3710 1451 3760 stm-

225 3786 333 3850 pliciter
350 3783 734 3833 hostieeadmoneridienutnr
750 3776 1008 3838 annuntiantia
1028 3783 1077 3832 sed
1099 3797 1134 3832 ne
1153 3796 1187 3832 ca
1205 3782 1318 3848 quidem,
1338 3797 1408 3847 qnae
1424 3782 1452 3833 in

225 3857 342 3908 sinens
366 3856 483 3904 imnitiae
507 3853 642 3904 codicibus
666 3855 810 3912 adduntur,
834 3853 1045 3917 interpolationis
1069 3854 1188 3918 speciem
1210 3867 1277 3918 prae
1301 3867 1333 3904 se
1356 3853 1451 3904 ierunt.

225 3929 306 3990 Quod
323 3941 375 3977 nos
393 3927 524 3976 edidimus
541 3927 719 3990 proposuerat
734 3925 789 3974 iem
806 3924 882 3974 Turr.

300 3993 326 4049 5.
364 3998 432 4049 Plut.
446 3998 531 4048 Marc.
549 3990 567 4046 5
584 3997 700 4045 Minucio
718 3995 838 4046 dictatori
855 3996 882 4044 id
901 3996 1033 4048 accidisse
1050 3997 1150 4056 scribit,
1178 3997 1211 4048 de
1229 3997 1361 4065 magistre
1379 3997 1450 4064 equi·

222 4073 283 4123 m
303 4071 332 4120 c.
350 4069 481 4120 Flaminio
499 4083 560 4117 cnm
577 4067 685 4118 Valerio
702 4068 840 4118 consentit.
876 4066 989 4118 Aliunde
1007 4069 1072 4120 nibil
1090 4069 1123 4120 de
1141 4069 1192 4120 bae
1208 4084 1240 4122 re
1258 4071 1371 4122 comtat.

299 4138 326 4192 n.
362 4142 402 4193 Gt
420 4140 480 4190 Liv.
496 4139 619 4197 XXVIII,
640 4133 725 4198 lia

300 4209 325 4264 7.
363 4211 402 4263 Ct'.
420 4212 497 4262 Dion.
516 4210 577 4262 ilat
595 4211 627 4269 11,
646 4205 689 4261 tis.
726 4210 805 4274 Prop.
821 4209 878 4269 1111,
901 4205 940 4266 ll.
959 4203 1002 4261 55.

297 4281 427 4336 Aemiliae
450 4278 617 4349 disciputus»)
641 4281 746 4332 codicis
770 4281 947 4347 antiquissimi
971 4283 1142 4346 scripturam,
1167 4285 1196 4336 in
1220 4301 1274 4351 qna
1297 4283 1451 4349 conspirant

223 4356 334 4408 Paridis
352 4357 380 4405 et
397 4355 557 4420 optimorum
575 4367 736 4419 quorumque
754 4354 830 4412 codd.
849 4353 1010 4412 testimonia,
1029 4349 1193 4421 discipulas,
1212 4372 1272 4406 enm
1288 4371 1306 4406 a
1317 4357 1451 4420 plerisque

222 4433 291 4480 ante
314 4427 393 4494 Pigb.
417 4427 542 4477 ederetur
565 4421 733 4491 deceptuose
756 4425 931 4488 probantibus
956 4423 1097 4484 'Porrenim
1123 4427 1241 4491 Keppto.
1271 4425 1448 4490 Calmbergio‚

223 4501 298 4556 eliis,
316 4499 430 4565 egregie
447 4497 587 4547 confirmat
603 4497 681 4548 Dion.
699 4495 759 4546 Ilei.
778 4495 795 4546 I.
814 4512 850 4554 c..
870 4509 984 4546 narrans
1002 4511 1056 4548 non
1078 4501 1135 4548 tam
1153 4499 1307 4556 Aemiliam,
1331 4494 1451 4547 ἀναίτιον
1500 4532 1507 4550 .

222 4569 279 4639 μὲν
295 4559 394 4629 οὖσαν,
418 4585 500 4634 quam
517 4567 599 4618 aliam
622 4567 754 4634 uirginem
776 4562 828 4618 τῶν
849 4563 941 4618 seueri
962 4567 1169 4638 κατειλεγμένων
1193 4567 1239 4620 eet
1262 4563 1322 4639 ἄρτι
1342 4567 1450 4636 μανθα-

223 4637 344 4696 νουσῶν,
369 4641 413 4689 cni
436 4641 595 4690 mandasset
616 4639 665 4688 itia
688 4639 836 4689 custodiam
867 4639 952 4705 ignis,
983 4639 1071 4690 officio
1101 4654 1150 4690 sno
1180 4640 1307 4690 demisse.
1358 4639 1451 4702 Itaque

226 4711 377 4775 discipulae
391 4711 608 4761 commemoratio
621 4711 727 4760 omnino
735 4710 894 4760 necessaria
905 4711 956 4766 est„
970 4725 1030 4760 enm
1041 4711 1199 4762 interimam
1210 4709 1373 4776 intellegitur
1380 4709 1451 4759 nude

223 4785 347 4849 positam
363 4778 540 4850 erupisset
575 4781 635 4836 Iam
651 4795 726 4842 uero,
745 4796 806 4832 enm
822 4781 933 4834 strictae
949 4781 1029 4849 leges
1052 4781 1245 4849 grummadcae
1264 4781 1400 4846 poetrdent
1422 4781 1463 4831 nt.
