3409 5400
322 444 387 514 tto
749 440 1113 513 STRATEGEMATA.

320 616 377 671 aut
410 626 505 693 quem
542 608 640 670 linem
669 604 807 671 habuiti
845 606 1026 693 Postquam
1055 627 1135 671 uero
1169 618 1200 671 et
1233 610 1434 673 exercitum
1472 630 1578 673 suns:

320 712 510 800 ignorantia
533 728 565 774 et
586 722 687 775 totam
711 712 918 779 Celtiberiam
943 734 1053 777 errore
1075 712 1265 798 implieauit.
1290 736 1378 779 cum
1406 715 1478 779 alio
1494 736 1578 777 cn:-

321 842 395 885 sum
419 819 601 891 direxisset,
626 819 733 883 subito
757 819 799 883 ad
816 820 1017 883 Contrebiam
1035 820 1161 883 rellexit
1175 842 1319 906 eamque
1347 822 1574 907 inopinatam*=

321 938 353 990 et
373 927 544 991 attonitam
567 928 740 1013 oppressit.
786 925 877 1011 Ergo
902 927 966 990 nisi
990 938 1133 991 mentem
1156 948 1251 991 suam
1283 926 1390 991 dolos
1421 930 1573 991 scrutari

320 1035 503 1119 coegisset,
538 1034 578 1097 ad
611 1031 757 1097 ultimam
786 1034 816 1096 ei
844 1042 1044 1098 senectutem
1076 1033 1163 1120 apud
1190 1034 1327 1097 moenia
1362 1033 1596 1097 Contrebiae-³

321 1150 447 1203 armato
471 1124 769 1206 sedendum'foret.

186 1235 259 1303 Exi.
281 1236 310 1302 l.
409 1244 611 1331 Agathocles
624 1258 744 1312 autem.
760 1248 1001 1333 Syracusarum
1014 1266 1080 1320 rex,
1097 1244 1263 1310 audaciter
1275 1247 1446 1312 callidus.
1480 1248 1570 1311 con:

321 1350 409 1414 enim
433 1350 546 1414 urbem
569 1354 640 1417 eius
663 1354 787 1418 maiore
811 1376 850 1417 ex
874 1366 965 1439 parte
989 1351 1282 1437 Karthaginienses
1309 1366 1572 1439 occupassent.

321 1458 495 1521 exereitum
524 1479 620 1523 suum
647 1460 681 1523 in
711 1460 858 1524 Africam
889 1460 1028 1533 traiecit,
1064 1468 1096 1520 ut
1122 1468 1241 1522 metum
1271 1470 1384 1535 metu,
1426 1462 1503 1523 uim
1537 1464 1571 1521 m'

321 1562 514 1639 discuterem
537 1587 599 1628 nec
623 1567 695 1630 sine
719 1566 846 1632 effectu.
898 1565 982 1629 Nam
1006 1566 1174 1649 repentino
1203 1564 1274 1629 eius
1298 1564 1461 1631 aduentu
1487 1588 1569 1652 pcr-
1583 1583 1605 1621 r·

321 1668 406 1732 culsi
433 1668 536 1733 Poeni
566 1671 703 1734 libenter
730 1672 984 1737 incolomitatem
1013 1692 1107 1735 suam
1137 1670 1241 1735 salute
1269 1670 1424 1735 hostium
1464 1674 1568 1736 rede·

322 1786 464 1847 merant,
491 1776 642 1858 pactique
671 1788 748 1839 sunt
777 1790 811 1840 ut
838 1778 954 1843 eodem
984 1790 1129 1862 tempore
1158 1787 1189 1839 et
1216 1776 1330 1839 Africa
1359 1776 1500 1842 Siculis
1534 1797 1568 1839 rt

320 1876 435 1941 Sicilia
456 1876 591 1941 Punicis
615 1881 716 1945 armis
739 1882 941 1947 liberaretur.
987 1885 1061 1972 Age
1091 1884 1121 1947 si
1145 1882 1391 1968 Syracusarum
1416 1884 1564 1947 moenis

320 1982 401 2045 tueri
431 1984 702 2065 perseuerasset?
740 1987 797 2051 illa
824 1988 901 2054 belli
931 1990 1027 2055 malis
1064 2000 1295 2077 urguerentur.
1329 1988 1428 2053 bona
1461 1992 1559 2075 pacis

318 2087 458 2152 fruenda
486 2110 624 2154 securae
654 2091 850 2182 Karthagini
878 2096 1074 2183 reliquisset.
1130 2094 1225 2159 Nunc
1253 2094 1435 2159 inferendo
1470 2109 1594 2182 quaese

319 2193 512 2280 patiebatur,
535 2194 614 2262 dum
637 2198 762 2264 alienas
785 2204 895 2287 potius
918 2203 1053 2267 lacessit
1082 2224 1162 2287 opes
1192 2222 1289 2287 quant
1319 2222 1404 2265 suas
1430 2212 1556 2277 utetur,

320 2323 386 2389 quo
410 2303 564 2393 aequiore
588 2307 697 2370 animo
720 2328 860 2393 regnum
885 2309 1029 2373 deseruit
1052 2330 1090 2371 eo
1115 2309 1212 2371 tutius
1236 2308 1367 2391 recepit.

321 2467 343 2523 1.
363 2484 427 2521 uero
446 2484 494 2521 ora.
514 2466 544 2521 F.
556 2468 570 2535 ΙΙ
582 2470 734 2520 exercitium
755 2466 783 2522 0.
796 2467 809 2535 ΙΙ
821 2465 845 2519 2.
866 2471 1043 2519 celtibericam
1063 2466 1091 2520 F.
1103 2465 1116 2534 ΙΙ
1129 2468 1191 2517 alibi
1203 2464 1240 2517 D.
1252 2462 1265 2532 ΙΙ
1277 2478 1356 2517 cursu
1374 2462 1410 2517 Γ.
1423 2464 1438 2530 ΙΙ
1451 2462 1482 2519 3.
1504 2470 1553 2517 trs

319 2544 390 2591 bism
408 2538 676 2606 adnumerat!
688 2543 824 2604 opinatam
840 2554 883 2610 pr.
901 2538 933 2592 A.
952 2542 1131 2603 inopinantem
1150 2535 1181 2589 Γ.
1193 2535 1247 2601 115.
1267 2536 1302 2602 ei]
1323 2537 1395 2586 enirn
1416 2535 1481 2602 Eli
1502 2544 1551 2588 tre

319 2614 380 2662 biae
401 2608 555 2662 ADEFI'.
580 2613 681 2661 trebete
708 2610 736 2664 0.
751 2611 766 2678 ΙΙ
784 2609 808 2663 7.
832 2625 1060 2677 syracusanorum
1086 2605 1313 2661 CDEFI'Torr.
1341 2604 1375 2657 Vr
1397 2622 1450 2659 sos
1471 2608 1550 2659 etin

318 2682 382 2736 Pur.
402 2679 444 2740 cf.
461 2677 526 2739 1111,
546 2680 572 2739 8,
591 2685 640 2735 eat.
662 2679 683 2734 l.
695 2680 709 2750 ΙΙ
721 2683 778 2747 retr}
799 2684 852 2732 dux
870 2680 905 2734 Ε.
917 2681 930 2751 Η
943 2683 1069 2732 audacter
1087 2679 1112 2732 F
1116 2677 1148 2734 Γ.
1162 2679 1174 2750 ΙΙ
1189 2676 1214 2732 9.
1234 2681 1306 2730 ut-
1320 2674 1386 2741 llil.)
1408 2693 1464 2729 nec
1478 2679 1548 2746 sine}

318 2752 347 2804 is
364 2767 461 2804 rasura
478 2751 510 2804 Α.
521 2751 535 2818 ΙΙ
548 2755 617 2802 metu
637 2756 735 2804 metum
754 2751 817 2806 EF.
830 2754 843 2820 ΙΙ
861 2755 896 2820 ui]
917 2757 977 2804 aate
996 2755 1047 2803 uim
1066 2751 1099 2806 E.
1118 2767 1168 2806 om.
1186 2749 1215 2804 F.
1227 2750 1241 2818 ΙΙ
1259 2747 1299 2803 10.
1317 2764 1408 2810 neque
1430 2747 1516 2802 Torr.
1526 2751 1540 2816 ,Ἰ

323 2822 362 2877 ll.
380 2824 585 2873 incolumitatem
611 2821 754 2876 CDEFI'
769 2829 794 2874 et
812 2839 881 2876 corr.
898 2822 932 2879 A.
956 2821 1032 2877 Tarr.
1050 2823 1063 2890 ll
1080 2825 1258 2874 reddimerunt
1277 2819 1307 2873 F.
1328 2817 1340 2888 ΙΙ
1361 2815 1404 2872 13.
1425 2821 1502 2890 Age]
1523 2826 1547 2870 st

318 2890 817 2962 eorr.tl.agbatoclesageE.llsi1
841 2910 890 2948 ara.
910 2909 956 2962 pr.
979 2893 1010 2946 A.
1030 2899 1093 2960 post
1115 2896 1222 2944 moenia
1244 2889 1276 2944 F.
1296 2889 1308 2959 ΙΙ
1328 2889 1545 2956 Syracusarum!

319 2963 411 3017 ultima
426 2961 528 3032 quoda
546 2961 574 3013 ia
591 2977 689 3016 rasura
700 2963 735 3017 D.
753 2979 983 3028 syracusanorum
1003 2963 1055 3017 CF
1056 2964 1087 3018 Γ.
1099 2963 1112 3031 ΙΙ
1127 2960 1167 3014 11.
1180 2968 1338 3033 urgueretur
1352 2975 1398 3028 pr.
1410 2960 1445 3014 Δ.
1466 2978 1546 3031 urge·

317 3039 390 3086 retur
410 3032 495 3088 CDE
513 3039 538 3085 et
554 3047 623 3089 corr.
642 3033 675 3086 A.
697 3038 857 3103 purgaretur
876 3034 906 3088 F.
931 3042 1088 3104 urgerentur
1111 3032 1218 3090 PTorn
1243 3031 1285 3102 θ’.
1304 3029 1373 3096 1111,
1394 3029 1426 3091 1,
1446 3038 1502 3086 att.
1520 3030 1544 3086 5.

323 3103 382 3167 Vll,
400 3104 426 3165 1,
445 3103 470 3159 A.
485 3101 496 3173 ΙΙ
514 3102 554 3158 15.
573 3105 659 3171 Nune]
678 3107 727 3156 sed
745 3121 814 3156 aune
832 3103 893 3174 13.ss
911 3103 950 3160 lli.
969 3111 1085 3158 tueretur
1102 3103 1137 3160 E.

389 3248 530 3317 Postquam
547 3261 610 3298 uero
629 3252 654 3298 et
671 3246 821 3304 scaritum)
848 3249 1052 3300 Aduersatlnam
1076 3249 1235 3313 particulam
1257 3260 1320 3298 uero
1343 3247 1406 3308 post
1430 3245 1541 3296 interro·

319 3323 454 3391 gallonem
479 3317 608 3376 Quorsum
631 3317 713 3384 icitur
735 3318 788 3370 ista
810 3317 986 3372 dissimulatio
1010 3315 1119 3386 erupit?
1141 3321 1191 3371 etc.
1221 3333 1312 3381 parum
1336 3319 1541 3366 conuenientem

319 3409 383 3444 esse
401 3396 544 3443 senserunt
567 3391 720 3440 Perizonius
745 3394 772 3440 et
794 3392 946 3443 Turranius.
987 3393 1089 3441 Vereor
1112 3395 1201 3439 tamen
1227 3393 1254 3438 ut
1276 3393 1347 3439 recte
1371 3387 1540 3436 librariorum

318 3466 343 3514 id
363 3470 501 3529 peccatum
521 3462 680 3527 putauerint.
716 3462 789 3513 Male
807 3467 879 3514 certo
893 3463 938 3512 ille
956 3461 1088 3512 enimuero
1106 3461 1249 3528 legendum
1268 3458 1388 3514 coniecit.
1408 3457 1454 3506 bic
1471 3455 1539 3512 ueri.

318 3550 398 3598 quent
418 3535 564 3603 genitiuam
587 3535 623 3582 sb
640 3531 790 3598 iynoraatt'a
815 3539 905 3598 aptum
929 3547 992 3584 esse
1017 3534 1182 3596 opinabatur.
1225 3531 1301 3580 liaud
1325 3529 1404 3578 dubie
1424 3527 1540 3584 Valerio.
1611 3544 1612 3582 l

318 3621 379 3656 cum
398 3607 467 3656 hsce
485 3606 614 3655 scriberet
632 3617 666 3654 ea
678 3604 738 3653 sala
750 3607 971 3660 obuersabsntar.
992 3619 1060 3668 qtrae
1079 3605 1159 3652 antea
1171 3607 1352 3656 recensuerat.
1370 3599 1540 3661 imperatoris
1611 3652 1612 3667 χ

304 3679 522 3743 strategemata.
559 3675 698 3741 lamuero
718 3675 760 3723 his
781 3677 983 3740 comprehensis
1007 3675 1101 3724 transit
1124 3674 1157 3722 ad
1183 3673 1305 3722 effectum
1329 3685 1436 3727 eorum,
1461 3683 1539 3734 quem
1611 3681 1612 3690 ¹

318 3747 417 3795 oblitus
435 3747 608 3808 interpositae
625 3745 840 3811 interrogationis
858 3748 1048 3814 neglegentius
1066 3745 1239 3794 aduersatiua
1262 3740 1393 3807 particule
1410 3740 1539 3791 adiunxit.

319 3816 430 3864 Omissa
447 3817 517 3865 enlm
536 3817 582 3864 illa
599 3815 815 3882 interrogatione.
835 3831 913 3866 nemo
933 3817 1011 3866 facile
1030 3817 1055 3864 in
1073 3830 1142 3865 nexu
1163 3814 1290 3864 orationis
1310 3812 1439 3862 haerebit.

389 3883 449 3932 uxr.
471 3882 494 3934 l.
512 3885 550 3934 Cf.
569 3886 644 3936 Diod.
663 3885 716 3935 Sic.
735 3886 796 3942 XX.
814 3883 841 3943 3,
861 3903 887 3949 p.
905 3882 967 3935 ⁴07.
994 3887 1084 3936 lustin.
1103 3885 1189 3944 xxu.
1208 3880 1233 3936 4.
1335 3933 1339 3941 ,

389 3951 444 4017 Aac
461 3951 486 4002 εἰ
502 3952 693 4018 δγναοκεαννω
715 3956 828 4017 masaia)
855 3954 1007 4005 Perizonius
1032 3959 1103 4007 recle
1128 3954 1469 4006 aduerbinm.bortatiuum
1492 3967 1540 4018 aas

318 4023 444 4086 usurpari
462 4024 571 4089 negauit
588 4025 639 4073 nisi
657 4026 683 4074 in
702 4027 867 4076 exhortando
886 4029 913 4075 ot
931 4026 956 4073 ln
976 4025 1174 4096 interrogando,
1194 4027 1219 4075 in
1238 4041 1290 4090 quo
1299 4038 1404 4148 genere
1417 4025 1539 4085 frequen-

320 4097 404 4145 tatum
423 4095 466 4142 est
482 4108 501 4141 a
520 4093 634 4144 Valerio.
662 4096 702 4146 Cl.
721 4096 753 4152 11,
772 4093 798 4153 6,
817 4093 843 4145 tl.
866 4095 898 4151 11.
918 4093 943 4153 1,
962 4093 987 4147 i.
1012 4098 1056 4154 111,
1075 4097 1101 4152 2.
1120 4093 1217 4148 esi-2.
1236 4096 1280 4151 111,
1318 4091 1370 4152 ,2.
1393 4094 1450 4150 1111,
1471 4092 1538 4151 1,1.

321 4166 377 4224 1111,
395 4161 422 4223 3,
443 4161 484 4215 11.
504 4162 535 4218 V.
557 4158 624 4221 1,1.
644 4164 675 4222 V,
695 4163 720 4223 6,
739 4161 764 4216 8.
785 4166 828 4221 Vl.
840 4162 867 4223 2,
891 4161 928 4216 12.
949 4167 1004 4224 Vll.
1023 4165 1050 4224 2.
1070 4169 1123 4220 ext.
1141 4165 1199 4218 Tot
1213 4163 1246 4218 10
1264 4169 1314 4216 etc.
1351 4165 1410 4216 Non
1423 4167 1539 4215 debebat

320 4242 411 4289 umen
430 4236 469 4285 uir
485 4247 606 4282 seramus
624 4236 770 4297 praeterire
788 4250 837 4286 eas
855 4239 1016 4295 sententias.
1041 4239 1067 4288 ia
1092 4241 1188 4300 quibus
1211 4239 1282 4300 quod
1305 4237 1411 4300 proprie
1429 4236 1537 4286 interro·

322 4322 402 4378 gatru
419 4307 523 4359 reticuit
540 4305 661 4368 scriptor.
681 4307 760 4370 quale
778 4307 841 4356 illud
862 4311 905 4357 est
924 4309 1021 4360 Valerii
1040 4309 1089 4366 111,
1111 4304 1142 4367 8,
1161 4305 1178 4360 3
1200 4305 1256 4374 Aac
1273 4307 1298 4358 si
1314 4312 1418 4358 ussum
1427 4303 1538 4372 suerit?

324 4381 450 4430 Similiter
468 4378 537 4428 enlm
556 4378 607 4426 hoc
625 4375 683 4424 loco
696 4379 758 4439 post
769 4378 949 4429 condicionem
966 4377 1036 4431 si·-
1041 4385 1239 4446 perseuerasset
1257 4380 1350 4430 siletur
1367 4379 1535 4446 interrogatio

324 4448 388 4517 qaid
405 4444 566 4501 accidisset?
585 4452 612 4497 et
629 4449 717 4497 statim
737 4450 884 4499 annectitur
902 4465 1069 4514 responsum.
1107 4451 1198 4516 ltaque
1217 4465 1269 4501 noa
1288 4463 1355 4514 opus
1369 4453 1426 4500 erat
1444 4449 1536 4500 audaci

324 4522 453 4571 Peruenit
472 4522 623 4571 coniectura
639 4514 793 4584 Apattocles
810 4534 872 4587 erpo
889 4518 1079 4588 Syracusarum
1097 4520 1199 4572 atomio
1215 4520 1242 4572 si
1253 4519 1321 4572 tueri
1335 4524 1533 4588 passuum&

324 4589 372 4642 itia
389 4594 454 4650 etc..
478 4607 494 4641 e
517 4592 676 4643 deteriorum
698 4591 825 4643 librorum
848 4593 980 4656 scripture
1000 4589 1156 4659 dominatos
1178 4607 1227 4658 aye
1249 4593 1339 4657 petite.
1375 4591 1459 4642 Paulo
1477 4591 1534 4654 post

324 4675 373 4724 pro
390 4661 523 4730 singulari
544 4677 655 4714 numero
676 4667 831 4729 sryuerstur
852 4665 898 4715 uel
919 4669 1070 4730 erueretur,
1093 4678 1171 4729 quem
1195 4664 1303 4716 codices
1324 4661 1443 4722 emunt.
1465 4661 1532 4713 rests
