3409 5400
344 501 385 568 16

344 661 432 749 apud
454 660 542 726 hunc
565 660 591 736 Ι,
616 662 646 739 1,
672 661 724 727 10.
987 659 1075 746 apud
1097 658 1188 726 illum
1209 655 1254 735 V,
1277 658 1331 725 40.

394 770 473 834 Vrbe
495 791 516 834 o
539 770 641 834 Cottio
663 775 756 853 capto
778 787 849 832 cum
872 765 931 832 fla·
1029 765 1166 833 Flamen
1176 762 1302 832 interim
1313 765 1485 851 Quirinalis
1495 767 1532 832 uir

344 899 421 944 men
430 877 609 958 Quirinalis
622 878 835 963 uirginesque
843 869 931 938 Ves-
986 875 1146 961 ginesque
1161 871 1317 941 Vestales
1330 914 1375 924 —
1389 883 1485 942 cetero
1497 879 1532 952 (a

345 986 426 1052 tales
442 1005 536 1052 sacro
553 1006 651 1050 onere
666 985 784 1070 partito
800 983 930 1055 ferrent,
985 989 1053 1060 cra)
1065 983 1147 1046 inter
1163 1003 1197 1047 ee
1217 1004 1317 1050 onere
1329 985 1443 1071 partito
1461 985 1532 1047 lenu

344 1114 456 1178 eceptio
477 1104 610 1179 pontem
625 1090 806 1156 Sublicium
829 1096 932 1152 trone-
985 1090 1048 1163 eio,
1066 1109 1143 1173 qaue
1157 1089 1304 1157 Sublicio
1316 1103 1413 1179 ponte
1426 1091 1532 1157 ducite

341 1221 470 1284 precem
496 1207 525 1263 et
547 1199 677 1274 cliuum,
701 1199 753 1280 qui
778 1197 866 1261 ducit
888 1195 931 1260 ad
984 1194 1176 1263 Ianiculum.
1221 1199 1261 1262 Ia
1275 1219 1311 1264 eo
1329 1198 1413 1264 cliuo
1427 1220 1478 1264 ece
1496 1219 1532 1263 cc

343 1306 534 1382 Ianiculum,
559 1307 724 1372 accendere
746 1306 932 1387 incipientes
984 1302 1023 1368 L.
1036 1303 1532 1393 Albiniueconspexissetplaustr

343 1414 382 1479 L.
409 1413 560 1478 Albinius
584 1413 729 1500 plaustro
754 1414 929 1499 coniugem
986 1414 1159 1500 coniugem
1183 1412 1353 1478 ocliberos
1372 1411 1532 1489 uehens,-

344 1528 374 1585 et
384 1521 504 1586 liberos
517 1519 641 1586 uehens
650 1521 845 1607 aspexisset,
855 1539 931 1602 pro·
985 1521 1196 1604 iaoctipioecm
1215 1527 1304 1585 rotae
1319 1521 1491 1586 sacerdotes
1501 1542 1532 1606 p

339 1631 434 1712 prior
443 1628 589 1712 publicae
603 1629 748 1710 retipioni
761 1649 852 1710 petam
858 1627 931 1710 pri-
986 1628 1082 1692 tticoe
1089 1628 1223 1710 petitor
1239 1631 1296 1703 ire,
1319 1649 1354 1692 ec
1370 1649 1407 1692 oc
1427 1650 1532 1693 coeca

344 1743 435 1800 cotoe
458 1737 593 1808 caritati,
626 1736 694 1797 auio
728 1739 763 1798 ot
784 1736 930 1816 plaustro
985 1737 1088 1799 triecto
1104 1737 1254 1818 conspici,
1276 1735 1473 1801 descendere
1492 1758 1532 1801 oe

346 1842 584 1906 descenderent
598 1844 772 1923 imperauit,
795 1849 886 1924 etque
896 1842 932 1905 in
985 1862 1052 1905 rem
1078 1863 1116 1905 cc
1133 1863 1253 1926 pueror
1282 1846 1391 1919 iuset't,
1422 1845 1530 1932 uirgin

252 2021 258 2026 ,
345 1947 380 2014 id
405 1950 553 2035 uirgines
589 1960 620 2010 et
654 1957 751 2013 sacra
787 1949 933 2034 inposita
987 1968 1148 2036 sacraque
1171 1952 1205 2014 in
1224 1953 1403 2032 plaustrum
1425 1952 1532 2037 inposr

345 2058 459 2119 omieeo
491 2061 595 2138 coepto
623 2056 737 2121 itinere
762 2055 932 2120 Caeretem
986 2061 1016 2119 et
1038 2055 1156 2134 Caere,
1188 2078 1248 2139 quo
1274 2058 1335 2121 iter
1358 2059 1532 2123 sacerdotii

346 2164 494 2247 oppidum
517 2163 672 2248 peruenit.
986 2168 1061 2236 erat,
1087 2165 1241 2248 peruenit.

435 2268 528 2351 Quae
553 2269 698 2336 secundo
722 2271 819 2357 primi
840 2268 915 2334 libri
947 2271 1052 2356 capite
1075 2282 1315 2357 recognouerat
1337 2269 1491 2335 Valerius
1515 2273 1532 2335 d

345 2379 473 2465 perdita
495 2390 580 2444 sunt.
627 2375 752 2444 Verum
774 2377 933 2442 nonnulla
954 2397 994 2442 ex
1015 2377 1069 2443 his
1093 2379 1237 2443 seruauit
1260 2381 1452 2464 epitomator
1472 2374 1531 2441 Iuli

262 2473 263 2476 ¹
344 2485 441 2550 Paris
465 2487 499 2549 in
522 2486 663 2573 singulis
687 2505 792 2572 paene
815 2484 925 2574 uerbis
943 2486 1157 2574 congruentia
1173 2507 1247 2551 cum
1262 2483 1404 2550 Liuiana
1426 2482 1532 2548 eiusde

345 2593 424 2656 facti
445 2593 616 2656 relatione.

389 2695 466 2764 Val.
491 2700 713 2780 (abbrcuiatus
745 2724 766 2765 a
794 2700 929 2780 Paride)
1030 2697 1104 2765 Liu.
1127 2700 1153 2776 I,
1179 2703 1232 2769 19.

346 2806 370 2883 I,
394 2807 425 2883 2,
450 2807 481 2871 1.
505 2842 549 2853 -
571 2808 678 2870 Nemo
699 2808 875 2891 Pompilius
886 2842 1471 2857 ------

346 2950 391 2961 —
412 2914 533 2977 colebat
554 2914 657 2977 uideri
682 2914 746 2979 sibi
769 2936 841 2979 cum
867 2915 932 2980 dea
985 2950 1030 2962 -
1052 2916 1179 2979 aimotot
1201 2915 1266 2980 sibi
1289 2937 1363 2981 cum
1395 2914 1460 2979 dea
1488 2913 1532 3002 Eg

346 3020 468 3107 Egeria
514 3040 714 3107 congressus
754 3042 829 3085 esse
871 3044 930 3085 no·
984 3022 1036 3087 cla
1058 3043 1262 3109 congressus
1278 3035 1456 3089 nocturnos
1482 3044 1532 3088 esc

347 3139 478 3192 cturnos
503 3130 632 3210 eiusque
643 3129 768 3193 monitu
785 3150 821 3192 se
845 3149 930 3214 quae
987 3130 1058 3195 cius
1081 3151 1120 3194 se
1142 3130 1267 3193 monitu
1297 3150 1382 3218 quae
1414 3143 1532 3215 accept

348 3236 578 3320 acceptissima
607 3235 678 3299 deis
706 3235 932 3299 immortalibus
989 3238 1075 3301 sima
1111 3238 1175 3303 diis
1208 3243 1311 3302 errent
1347 3259 1446 3303 sacra
1485 3239 1532 3301 ine

348 3364 445 3407 sacra
457 3342 570 3425 serent
595 3343 772 3406 instituere.
989 3353 1089 3406 tuere.

434 3448 585 3515 Eandem
605 3450 796 3515 allinitatcm
811 3449 928 3536 prodet
938 3448 1092 3514 Valerius
1115 3448 1141 3527 Ι,
1167 3451 1196 3524 l,
1219 3451 1241 3517 8
1265 3461 1477 3540 comparatus
1503 3474 1532 3516 ce

346 3556 420 3623 Liu.
443 3555 583 3633 XXVII,
607 3558 661 3624 25.
685 3594 731 3605 -
751 3556 781 3633 Ι,
807 3558 841 3635 l,
869 3558 909 3622 12
933 3580 1006 3623 cum
1026 3556 1100 3621 Liu.
1123 3556 1195 3634 XL,
1219 3560 1272 3626 29.
1295 3594 1342 3610 »-
1363 3558 1388 3636 Ι,
1413 3560 1445 3635 5,
1472 3560 1532 3624 lcr

347 3664 419 3729 Liu.
443 3662 486 3739 V,
511 3665 564 3731 55.
587 3702 633 3714 -
654 3663 679 3740 Ι,
704 3666 734 3741 6,
760 3666 779 3732 5
804 3688 879 3731 cum
901 3664 973 3730 Liu.
996 3664 1095 3742 XXI,
1120 3666 1163 3731 62
1187 3677 1218 3731 et
1239 3664 1346 3742 XXII,
1372 3670 1402 3731 1.
1425 3704 1475 3715 -«
1496 3666 1523 3740 Ι,

347 3770 368 3835 8
392 3792 467 3835 cum
487 3770 561 3834 Liu.
583 3770 693 3847 XXV,
719 3774 771 3837 16.
794 3808 840 3820 —·
861 3770 901 3848 Π,
925 3773 956 3846 2,
981 3774 1001 3840 9
1026 3796 1100 3839 cum
1121 3772 1194 3838 Liu.
1217 3772 1275 3848 ΙΧ,
1298 3772 1352 3848 46,
1377 3785 1452 3837 cett.
1503 3774 1531 3836 C

350 3876 413 3941 tius
437 3897 515 3941 uero
541 3898 639 3963 quam
671 3879 759 3963 apud
783 3880 975 3944 Ciceronem
1005 3882 1076 3943 fieri
1107 3882 1210 3967 potuit
1230 3878 1333 3944 multa
1356 3900 1373 3941 e
1397 3880 1529 3968 deperd

347 3982 433 4047 Liuii
455 3982 675 4047 uoluminibus
705 4008 726 4049 a
748 3982 884 4048 Valerio
915 3984 1075 4050 translata
1103 3987 1293 4073 significare
1315 3985 1408 4063 licet,
1440 4011 1521 4053 cum

284 4115 286 4128 ¹
350 4092 492 4177 epitoma
504 4111 614 4155 eorum
633 4091 829 4177 saepissime
848 4092 1009 4156 factorum
1030 4092 1253 4179 dictorumque
1266 4093 1391 4171 relatio,
1415 4096 1531 4159 interd*

348 4200 442 4285 ipsae
473 4196 654 4263 locutiones
689 4220 763 4263 cum
791 4196 981 4262 Valerianis
1011 4200 1184 4286 insigniter
1215 4203 1413 4288 conspirent.
1475 4201 1529 4266 Nc

350 4307 435 4370 eninr
460 4305 618 4370 dubitabit
641 4306 718 4393 quin
741 4303 907 4381 Valerius,
930 4327 1005 4370 cum
1021 4306 1178 4371 scriberet
1200 4306 1238 4387 (Ι,
1263 4310 1292 4384 Ι,
1310 4301 1355 4390 2'.)
1379 4310 1422 4373 de
1447 4308 1532 4373 Met(

349 4414 500 4502 pontifice
523 4415 665 4479 maximo
691 4414 871 4501 eodemque
902 4412 1034 4477 flamine
1058 4412 1201 4479 Martiali
1230 4438 1251 4480 a
1278 4417 1384 4481 sacris
1413 4415 1532 4503 prohil

350 4522 530 4596 discedere,
555 4534 629 4585 ante
653 4520 766 4585 oculos
782 4520 933 4585 habuerit
943 4518 1029 4584 Liuii
1051 4520 1349 4597 undeuicesimum,
1380 4523 1440 4588 ubi
1465 4523 1532 4587 ead

351 4628 518 4715 copiosius
542 4628 639 4715 paulo
664 4627 724 4692 sed
746 4628 866 4694 iisdem
888 4628 956 4692 fere
983 4627 1095 4693 uerbis
1118 4630 1267 4717 exposita
1288 4632 1393 4697 fuisse
1416 4630 1532 4694 uidem

349 4734 399 4801 Ex
421 4738 537 4803 eodem
558 4736 640 4803 libro
665 4735 838 4823 desumpta
861 4747 911 4800 est
931 4734 1087 4803 Claudiae
1111 4736 1289 4816 damnatio,
1319 4759 1404 4826 quae
1429 4760 1532 4804 narra
