3409 5400
323 542 386 610 596
409 534 603 605 INFAMES
616 532 691 601 REI
703 526 871 615 QVIBVS
884 528 943 598 DE
957 526 1115 599 CAVSIS
1130 528 1353 600 ABSOLVTI
1363 529 1464 601 ΕΤΟ.

323 703 459 771 alterum
483 698 638 765 atrocitas
662 694 754 759 neeis
778 693 891 769 mouit,
916 692 1050 759 alterum
1074 714 1179 760 cansa
1202 692 1304 771 flexit,
1333 694 1414 783 quia
1444 696 1555 759 inma-

321 823 429 875 turum
451 807 590 894 uirginis
614 823 761 869 amorem
785 823 901 867 seuere
917 786 1027 889 magis
1044 824 1143 889 quam
1158 802 1257 887 impie
1274 802 1425 889 punitum
1440 802 1555 867 existi·

260 966 268 972 ·
321 917 441 982 mabat
494 912 607 999 ltaque
641 909 717 973 sorti
746 908 915 995 punitione
948 905 1087 972 liberata
1121 908 1231 973 fratris
1261 909 1395 973 dextera
1424 918 1553 973 tantum

322 1021 572 1109 consanguineo
597 1027 752 1104 quantum
775 1013 887 1079 hostili
911 1036 1026 1079 cruore
1051 1014 1176 1102 gloriae
1199 1013 1330 1081 haurire
1354 1017 1476 1103 potuit.

303 1186 310 1201 ,
412 1129 529 1193 Acrem
548 1147 585 1189 se
603 1136 677 1188 tunc
695 1121 868 1207 pudicitiae
886 1121 1053 1185 custodem
1070 1122 1209 1209 populus
1225 1122 1409 1197 Romanae,
1433 1134 1573 1207 posteat

321 1235 396 1322 plns
419 1238 505 1299 iusto
529 1230 692 1317 placidum
715 1228 856 1293 iudicem
882 1229 1048 1313 praestitit.
1108 1228 1190 1294 Cum
1220 1250 1242 1293 a
1262 1228 1389 1294 Libone
1420 1230 1553 1293 tribuno

321 1341 425 1429 plebis
450 1342 522 1405 Ser.
539 1338 645 1401 Galba
666 1358 726 1423 pro
750 1334 864 1399 rostris
889 1332 1099 1401 uehementer
1120 1337 1353 1423 increparetur,
1376 1336 1473 1423 quod
1491 1335 1553 1399 Ln-

323 1448 502 1513 sitanorum
526 1464 683 1533 magnam
707 1463 840 1508 manum
864 1442 1056 1526 interposita
1079 1442 1142 1507 lide
1170 1454 1301 1529 praetor
1327 1444 1362 1508 in
1385 1440 1554 1529 Hispania

321 1554 540 1618 interemisset
574 1550 759 1635 actionique
794 1548 986 1613 tribuniciae
1016 1548 1060 1615 M.
1091 1550 1172 1617 Cato
1201 1548 1334 1615 ultimae
1369 1550 1552 1615 senectutis

322 1661 470 1724 oratione
494 1680 571 1731 sna,
600 1676 700 1743 quarn
727 1656 761 1717 in
786 1652 940 1740 Origines
969 1654 1090 1731 retulit,
1121 1655 1356 1731 subscriberet,
1384 1678 1470 1721 rens
1497 1676 1580 1741 pron

322 1788 360 1830 se
382 1766 450 1830 iam
472 1763 553 1827 nibil
580 1782 751 1835 recusans,
775 1758 931 1845 paruulos
955 1758 1075 1826 liberos
1105 1783 1184 1828 euos
1209 1773 1241 1826 et
1270 1761 1355 1829 Galli
1379 1764 1554 1850 sanguine

322 1872 387 1937 sibi
410 1872 618 1935 coniunctum
642 1866 743 1930 lilium
767 1864 848 1930 ssens
874 1866 1096 1931 conmendare
1111 1869 1228 1955 coepit,
1252 1889 1356 1957 eoque
1372 1868 1471 1933 facto
1496 1871 1555 1933 mi·

323 1978 425 2064 tigata
441 1976 601 2047 contione,
627 1974 681 2059 qui
697 1972 842 2038 omnium
860 1994 1028 2039 consensu
1043 1974 1201 2059 petiturus
1217 1986 1287 2041 erat
1301 1996 1408 2062 paene
1425 1976 1554 2041 nullum

322 2082 412 2147 triste
436 2080 631 2167 suffragium
654 2077 778 2142 habuit.
829 2077 1059 2143 Misericordia
1087 2100 1166 2167 ergo
1195 2080 1284 2145 illam
1308 2083 1553 2169 quaestionem,

321 2211 389 2255 non
413 2187 561 2275 aequitas
583 2186 682 2259 rexit,
713 2184 881 2271 quoniam,
910 2204 994 2274 qnae
1017 2186 1224 2253 innocentiae
1247 2186 1342 2254 tribui
1365 2192 1579 2277 nequierattt

323 2292 485 2363 absolutio
507 2292 671 2379 respectui
692 2309 869 2379 puerorum
893 2290 970 2355 data
993 2304 1052 2359 est.

825 2414 1040 2433 ι--ι-ιιι--ι-

323 2470 349 2528 2.
368 2476 484 2561 positpm
503 2470 533 2525 F.
548 2470 560 2538 ΙΙ
574 2466 600 2524 ³.
620 2461 801 2536 1011011111.
823 2484 903 2531 quum
921 2466 950 2520 F.
966 2466 980 2535 ΙΙ
996 2470 1084 2538 gloria
1102 2472 1182 2523 arrrlri
1201 2468 1232 2525 F.
1250 2470 1305 2541 115.
1324 2470 1424 2525 Acrem
1445 2504 1484 2515 -
1503 2474 1551 2543 (ὃ.)

321 2548 520 2683 ibiisbiiirii'b
535 2541 571 2666 ii
583 2542 696 2680 icrglus
715 2611 777 2663 Par.
792 2604 844 2677 118.
863 2610 1016 2675 hispaniam
1035 2609 1122 2664 ODE
1139 2618 1165 2665 et
1177 2627 1222 2681 pr.
1241 2612 1302 2668 Ar.
1318 2614 1333 2683 ΙΙ
1349 2611 1374 2668 il.
1394 2620 1551 2671 tribunitiae

597 2542 603 2604 1
622 2542 737 2606 populns
755 2539 901 2604 Romanus]
929 2545 1008 2605 pater
1031 2542 1090 2593 elus
1112 2540 1148 2596 E.
1166 2540 1221 2611 1111.
1240 2558 1258 2595 a
1278 2560 1305 2608 p.
1323 2546 1416 2597 libone
1434 2546 1475 2601 Ε.
1496 2546 1509 2617 fl
1528 2548 1551 2601 l.

320 2683 374 2746 (A.)
385 2687 398 2753 11
412 2684 453 2739 111.
472 2662 770 2753 arrgtao‘acnnnt'.
783 2677 796 2749 ΙΙ
811 2682 916 2733 rettulit
930 2694 974 2750 pr.
993 2678 1024 2736 A.
1045 2679 1060 2750 ΙΙ
1086 2679 1127 2737 11.
1145 2686 1256 2753 llberos]
1276 2686 1345 2739 illios
1363 2684 1398 2743 F.
1418 2686 1431 2757 ΙΙ
1456 2697 1486 2743 et
1504 2709 1550 2743 οι

319 2756 383 2896 ἓΙΙΙΙ
392 2759 495 2881 ¹gaslbpes
486 2754 530 2894 130
532 2751 736 2878 iiiiaitwmeni
754 2752 782 2806 F.
794 2753 808 2821 ΙΙ
822 2749 863 2806 14.
882 2754 1065 2806 misericordia
1077 2781 1089 2808 ι
1103 2754 1134 2808 Α.
1151 2759 1163 2824 ΙΙ
1180 2755 1220 2812 15.
1236 2760 1301 2810 texit
1311 2755 1347 2814 E.
1360 2755 1373 2828 ΙΙ
1388 2765 1550 2829 nequiuerat

825 2921 1038 2934 -ῌ

319 2988 466 3046 intrauerat,
487 2987 577 3036 deleri.
614 2985 666 3034 Sed
688 2983 812 3034 Valerius
829 2987 940 3049 saepius
958 2987 1098 3050 passinam
1117 2987 1191 3039 uerbi
1211 2990 1343 3042 notionem
1361 2992 1402 3043 ite
1415 2994 1547 3052 adhibuit.

320 3061 349 3108 nt
365 3059 455 3122 ipsam
473 3073 530 3108 rem
548 3057 573 3106 id
594 3058 648 3120 pati
667 3056 790 3122 lingeret,
808 3058 877 3118 quod
898 3058 924 3106 in
943 3073 977 3107 oa
995 3073 1024 3107 ro
1043 3059 1141 3108 lactum
1159 3061 1226 3112 erat.
1262 3061 1365 3125 ltaque,
1387 3081 1450 3116 eum
1471 3069 1498 3118 in
1516 3083 1548 3118 eo

319 3129 416 3180 iudicio
434 3129 606 3191 prouocatam
626 3129 702 3178 esset
719 3127 753 3174 ad
768 3128 902 3190 populum,
922 3129 1010 3192 ipsum
1028 3129 1153 3180 indictam
1166 3137 1341 3194 prouocatam
1359 3149 1425 3187 esse
1446 3141 1549 3189 scribit

320 3197 420 3252 Eodem
438 3213 550 3262 prorsus
568 3201 646 3248 modo
666 3199 693 3260 5.
714 3193 747 3248 13
764 3199 843 3248 buius
868 3199 963 3262 capitis
981 3201 1075 3250 Cottae
1100 3215 1226 3261 causam.
1249 3207 1352 3269 septies
1377 3209 1548 3272 ampliatam.

320 3274 416 3322 octauo
434 3271 530 3320 iudicio
548 3271 700 3320 absolutam
718 3269 790 3320 dicit.
826 3270 876 3318 list
894 3271 975 3336 igitur
992 3271 1019 3320 in
1037 3272 1080 3321 bis
1098 3273 1250 3341 neglegens
1263 3277 1397 3341 quaedam
1413 3281 1547 3336 breuius,

321 3343 418 3392 similis
437 3342 516 3400 iilius,
536 3357 614 3406 quam
633 3341 724 3390 notaui
744 3341 775 3398 V,
794 3339 819 3396 8,
839 3337 865 3396 4,
885 3341 930 3390 ubi
947 3343 1049 3403 putrem
1068 3344 1259 3411 degeneratum
1278 3351 1365 3405 uocet,
1384 3354 1548 3415 aquositas

320 3414 494 3480 degenerauit
511 3417 537 3462 et
558 3413 588 3467 V,
610 3409 650 3469 10,
669 3405 695 3468 3.
715 3412 759 3460 ubi
777 3413 915 3460 cessatum
933 3411 1049 3462 olilcirrm
1067 3417 1111 3464 est
1128 3415 1154 3464 ln
1173 3431 1226 3480 quo
1244 3419 1375 3472 cessatur.
1414 3423 1505 3488 Atque
1522 3425 1549 3472 ia

320 3485 363 3532 bis
382 3485 487 3545 quidem
505 3484 646 3536 molestius
664 3482 745 3532 etism
763 3482 809 3532 itta
827 3482 934 3532 licentia
952 3484 1073 3542 sentitur.
1095 3487 1165 3547 quod
1184 3489 1219 3537 sb
1238 3489 1421 3556 degenerandi
1442 3497 1473 3543 et
1490 3507 1547 3544 ees·

319 3556 399 3604 sandi
417 3557 508 3606 uerbis
527 3555 666 3604 transitioa
684 3553 756 3602 notio
775 3554 881 3602 omuino
900 3553 989 3604 aliena
1007 3556 1063 3612 eat,
1083 3569 1152 3620 quae
1170 3558 1241 3610 benc
1259 3560 1419 3612 tomitanam
1441 3565 1471 3614 in
1490 3579 1548 3628 pre·

320 3626 628 3687 nocundouliquomodo
641 3624 766 3674 defendit.
802 3625 924 3674 Ceterum
938 3624 1063 3676 librorum
1076 3627 1243 3690 scripturam,
1256 3647 1337 3696 qnam
1349 3634 1460 3694 retinui,
1480 3651 1549 3686 auae

320 3696 426 3746 Paridis
445 3711 549 3761 quoque
567 3695 752 3759 compendium
770 3694 916 3746 confirmat.
953 3694 1074 3748 Asimltl
1100 3699 1233 3760 prauitate
1256 3701 1303 3752 illa
1326 3717 1434 3770 quoqne
1454 3721 1549 3757 mans·

321 3769 391 3820 runt,
411 3782 480 3831 qnae
499 3768 578 3829 panio
597 3768 660 3828 post
677 3765 808 3832 leguntur,
826 3761 919 3831 Itaque
936 3763 1011 3831 sorti
1024 3765 1161 3832 punitione
1183 3767 1296 3823 Rimata
1311 3771 1417 3838 fratris
1436 3773 1548 3829 datm

321 3841 420 3886 tantam
438 3835 628 3902 remanentem
651 3839 773 3902 questam
790 3833 879 3885 tortili
897 3849 990 3888 eruore
1005 3833 1107 3902 ylarius
1130 3837 1239 3894 tuorna
1257 3843 1357 3910 potuit.
1395 3851 1478 3908 Quae
1503 3855 1549 3899 ant

320 3922 374 3957 nou
392 3908 519 3974 intellego
543 3910 589 3956 aut
606 3907 759 3972 significant
777 3907 867 3957 fratris
886 3907 1039 3966 dexteram,
1058 3909 1076 3961 i.
1094 3923 1118 3963 e.
1136 3912 1226 3976 ipsum
1243 3913 1382 3966 Horatium
1400 3917 1549 3970 libentem

321 3991 384 4026 esse
403 3978 490 4040 culpa,
510 3993 588 4042 quam
607 3978 659 4026 sibi
679 3980 850 4027 contraxerat
868 3991 961 4028 sorore
980 3979 1082 4030 fortiter
1098 3983 1199 4044 punita.
1240 3984 1326 4036 Nimis
1343 3989 1415 4038 enim
1436 3994 1549 4044 concise

319 4050 400 4108 atque
418 4048 561 4111 improprie
578 4049 665 4111 ipsam
684 4048 779 4098 fortem
797 4047 958 4111 punitionem
970 4050 1060 4112 posuit
1077 4066 1125 4114 pro
1137 4053 1254 4114 crimine,
1271 4073 1323 4122 quo
1340 4063 1456 4124 propter
1474 4065 1549 4114 illm

319 4118 513 4181 implicabatur.
550 4117 641 4184 Neque
659 4122 750 4169 umen
772 4119 832 4169 ideo
859 4120 1035 4170 deserendam
1059 4126 1209 4176 censuerim
1231 4126 1359 4180 librorum
1381 4131 1550 4196 scripturam

320 4204 379 4238 cnm
397 4189 498 4252 Lipsio,
519 4190 562 4254 qui
580 4191 635 4257 legi
653 4191 746 4239 munit
754 4187 830 4254 sorti
843 4185 981 4256 punitione
998 4187 1098 4244 librata
1107 4190 1212 4260 fratris
1230 4193 1347 4252 detera
1382 4203 1455 4264 Quid
1477 4208 1550 4258 enim

319 4262 388 4322 quod
408 4262 504 4311 eadem
521 4261 576 4310 ista
594 4263 691 4310 uitiosa
709 4261 840 4310 breuitate
865 4261 908 4309 acl
926 4261 1013 4323 ipsum
1032 4263 1131 4315 crimen
1148 4266 1257 4318 liberari
1277 4274 1476 4336 pronuntiauit,
1502 4280 1549 4328 ubi

319 4333 519 4395 exprimendum
538 4333 597 4381 erat
614 4346 687 4382 rcum
706 4331 815 4380 crimino
832 4331 948 4389 liberari,
967 4333 1048 4396 idque
1067 4349 1099 4386 eo
1111 4335 1280 4400 insolentius,
1298 4342 1362 4406 quia
1373 4343 1470 4398 setium
1484 4361 1550 4400 sea·

317 4403 417 4453 tentiae
435 4403 525 4470 figura
543 4402 641 4451 utitur?
664 4401 730 4450 ilico
748 4401 781 4449 dc
799 4401 867 4459 illis,
892 4417 962 4464 quae
981 4405 1008 4454 in
1027 4403 1105 4455 buius
1124 4409 1219 4472 eapitis
1238 4400 1362 4476 ex'emplo
1381 4413 1549 4472 duodecimo

317 4471 449 4539 leguntur,
462 4471 561 4523 crimea
572 4469 692 4523 laberlussa
703 4469 834 4536 consessio
846 4469 1064 4540 intemperantiae
1075 4473 1221 4536 Elaeam,
1244 4481 1354 4534 Poterat
1366 4485 1439 4536 enim
1457 4503 1550 4556 acque

316 4543 386 4594 bene
405 4560 437 4593 ac
460 4545 576 4594 debebat
599 4543 718 4593 seribere
739 4539 788 4592 sed
810 4541 920 4594 crimine
944 4541 1064 4597 libidinis
1085 4563 1142 4598 eam
1164 4549 1296 4618 consessio
1321 4553 1551 4624 lateaspnntiaa

317 4604 449 4662 liberauit.
485 4613 596 4663 Talibus
614 4628 694 4662 aures
714 4614 929 4665 assuefaciamus
948 4619 1051 4679 oportet
1069 4619 1097 4668 in
1115 4619 1167 4670 boe
1186 4638 1277 4690 opere.

387 4676 808 4740 acemanecestriae.
828 4686 861 4736 ne
881 4683 1029 4748 or.1.5³‚
1052 4684 1105 4738 22⁷
1131 4694 1158 4741 et
1180 4708 1229 4757 pro
1252 4695 1320 4751 nur.
1344 4691 1390 4761 28,
1412 4693 1461 4762 59,
1482 4707 1547 4760 eeu

301 4757 377 4794 cnm
394 4747 453 4802 Lin.
471 4751 598 4814 XXXIX,
616 4747 660 4812 40,
680 4749 723 4804 12.
746 4753 777 4807 Λ.
796 4755 863 4808 Geli.
882 4755 901 4816 l,
923 4753 964 4818 12,
985 4753 1026 4811 17.
1047 4757 1105 4815 vd.
1123 4760 1170 4825 IX,
1190 4759 1216 4828 6,
1234 4761 1261 4820 2.
