3409 5400
596 498 679 566 LIB.
702 496 745 574 V,
769 496 805 567 G.
822 499 855 575 3,
877 496 951 565 list.
973 507 1004 578 ς.
1031 500 1061 569 8.
1383 506 1450 575 titt

225 654 345 723 Xerxis
380 658 557 745 naufragis
594 672 814 727 numerantur.
872 660 1080 727 Praenslidis
1108 662 1263 729 munibus
1291 664 1452 735 exhauste

225 767 358 831 moenia
369 766 611 851 pulchrioribus
624 768 780 855 oporibus
793 780 1007 855 consurgunt.
1041 767 1168 837 Harum
1177 792 1288 837 rorum
1299 784 1450 843 auctores

225 871 281 935 ubi
304 872 479 937 uixerunt?
503 875 556 939 ubi
580 874 712 941 iacenti
739 874 921 962 responde!
950 874 1078 962 Nempe
1102 875 1233 945 Theseu
1253 879 1394 964 paruulo
1415 883 1450 947 iu

226 978 363 1064 scopulo
387 982 518 1069 sepeliri
541 994 572 1047 et
588 982 768 1048 Miltiadem
792 982 826 1046 in
844 1002 975 1047 carcere
996 984 1080 1048 mori
1095 995 1127 1047 ct
1143 984 1283 1051 Cimona
1297 996 1451 1073 paternus

199 1085 361 1151 cinduere
393 1100 528 1155 cotenes
563 1100 593 1153 et
629 1086 871 1154 Themistoclen
902 1090 1061 1153 uictorem
1094 1092 1173 1155 uicti
1205 1090 1311 1158 hostis
1341 1114 1453 1181 genua

227 1192 388 1281 conplecti
417 1195 639 1284 Solonemque
671 1216 745 1261 curn
776 1194 922 1259 Aristide
951 1206 983 1260 et
1005 1194 1173 1263 Phocione
1202 1210 1339 1285 penstes
1370 1222 1450 1265 suos
1544 1237 1549 1252 ι

225 1300 358 1387 ingrata
385 1302 500 1390 fugere
524 1304 679 1391 coegisti,
708 1322 782 1367 cum
803 1302 935 1367 interim
958 1303 1123 1369 cineribus
1145 1308 1268 1371 nostris
1289 1307 1387 1372 foede
1410 1328 1451 1372 ac

227 1408 456 1475 miserabiliter
478 1409 641 1495 dispersis
666 1407 846 1495 Oedipodis
871 1429 962 1486 osse,
986 1409 1088 1475 caede
1106 1413 1220 1498 patris,
1242 1416 1365 1500 nuptiis
1379 1436 1450 1479 ma·

228 1516 286 1581 tris
302 1518 534 1593 contaminate,
557 1518 766 1602 interipsum
789 1515 906 1583 Arium
926 1537 1063 1604 pagum,
1086 1518 1187 1585 diuini
1203 1528 1301 1607 atque
1316 1518 1452 1587 humani

191 1638 219 1681 ιι
228 1624 416 1689 certaminis
445 1624 634 1691 uenerabile
666 1621 882 1698 domicilium,
912 1634 943 1686 et
970 1630 990 1699 †
1017 1624 1156 1689 excelsis
1184 1626 1360 1711 praesidiis
1387 1626 1451 1693 Mi·

227 1750 348 1795 nerune
364 1750 474 1795 arcem
488 1730 615 1797 honore
632 1752 710 1797 srne
726 1729 901 1794 decoratos
918 1732 1201 1797 sacrosanctiores
1217 1732 1310 1798 colis.
1355 1732 1451 1798 Adeo

227 1836 284 1901 tibi
308 1837 417 1903 aliens
437 1837 527 1903 *mula
549 1840 612 1903 tuis
636 1838 733 1902 bonis
763 1836 909 1923 gratiora
937 1847 1022 1901 sunt.
1072 1837 1164 1926 Lege
1191 1838 1302 1926 itaque
1331 1838 1451 1927 legem,

228 1965 312 2031 quae
335 1956 367 2009 te
391 1944 599 2011 iureiurando
616 1944 805 2010 obstrictum
829 1954 927 2017 tenet,
950 1954 983 2007 et
997 1944 1174 2031 quisbene
1193 1945 1318 2011 meritis
1341 1946 1453 2013 debita

227 2050 365 2117 reddere
388 2054 536 2139 praemio
558 2050 707 2126 noluisti,
727 2049 827 2115 laesis
852 2052 940 2114 iusto
967 2051 1100 2136 piacula
1127 2052 1271 2121 exsolue.
1329 2051 1452 2120 'lacent

734 2173 948 2189 ἡ

232 2226 255 2279 l.
274 2230 371 2281 exuste
388 2243 458 2283 corr.
476 2228 508 2283 A.
520 2228 571 2296 112.
590 2232 686 2295 opibus
704 2225 737 2283 F.
756 2228 771 2295 ΙΙ
787 2226 813 2282 3.
833 2229 947 2280 uiuerint
963 2226 1112 2283 ACDFI'.
1131 2231 1144 2299 u
1162 2232 1285 2283 theseum
1302 2229 1340 2285 D.
1358 2228 1371 2299 ΙΙ
1389 2248 1450 2297 par·

229 2302 292 2352 tinio
313 2316 363 2355 om.
382 2298 418 2353 D.
430 2298 445 2367 ll
457 2296 481 2353 4.
501 2302 651 2352 milciadem
671 2297 701 2353 Α.
726 2301 885 2351 ιιιίΙίιίιιᾱειη
904 2296 940 2351 D.
965 2301 1124 2351 meicisdem
1142 2300 1178 2354 F..
1200 2303 1359 2354 mulcisdem
1378 2299 1410 2355 F.
1424 2299 1436 2371 ΙΙ

230 2374 350 2424 cimonss
368 2368 401 2422 A.
412 2370 426 2439 ΙΙ
437 2368 462 2423 5.
482 2372 650 2424 temistocles
659 2368 691 2425 A.
704 2372 886 2422 themistocles
931 2408 938 2422 .
951 2366 987 2423 B.
1004 2373 1131 2423 themisto
1144 2386 1214 2423 corr.
1226 2370 1260 2423 Ε.
1277 2374 1452 2425 themistodis

230 2440 259 2497 F.
278 2444 474 2495 themistoclem
492 2440 605 2495 DYorr.
617 2444 631 2512 Η
643 2442 712 2493 uicto
731 2444 803 2493 hosti
820 2440 858 2496 D.
870 2440 884 2507 ΙΙ
913 2474 921 2488 .
940 2442 1056 2494 eristede
1077 2439 1106 2495 0.
1118 2440 1132 2508 ii
1150 2442 1175 2496 l.
1193 2445 1279 2496 nostri
1298 2441 1328 2497 0.
1352 2446 1451 2496 nesbis

229 2512 350 2638 tipice
364 2510 393 2567 0.
405 2512 419 2582 H
430 2512 456 2566 8.
474 2515 629 2565 mirabiliter
641 2511 668 2567 C.
683 2508 696 2581 ΙΙ
710 2514 857 2578 opidochiis
870 2510 901 2565 F.
917 2508 929 2583 11
949 2513 1046 2581 patris]
1065 2516 1159 2564 matris
1174 2512 1203 2567 0.
1222 2510 1235 2585 ΙΙ
1254 2510 1280 2569 il.
1294 2517 1450 2585 sriopsgum

230 2583 259 2638 D
298 2584 331 2641 Γ.
355 2586 527 2655 Areopagum
549 2582 626 2638 Torr.
653 2583 714 2640 Vid.
733 2582 771 2635 ud
788 2582 824 2641 ll,
844 2580 875 2639 ii.
893 2578 919 2636 4.
936 2582 951 2653 ΙΙ
969 2582 1011 2636 10.
1028 2585 1179 2652 Minorose]
1198 2601 1309 2639 inuuere
1325 2584 1355 2640 F.
1374 2587 1387 2655 ss
1408 2582 1451 2638 li.

229 2670 292 2710 erce
311 2655 342 2710 F.
361 2672 423 2709 srce
442 2684 455 2744 3
474 2654 505 2711 Γ.
518 2656 644 2781 p'bonoro
664 2674 728 2710 crue
747 2670 796 2710 om.
815 2652 847 2708 F.
859 2655 873 2724 Η
891 2656 1018 2708 decorato
1040 2651 1183 2710 Dl'i'orr.
1203 2655 1217 2723 fl
1235 2658 1453 2744 sacrosanctiors

229 2725 268 2782 D.
286 2731 499 2780 socrosanctrore
542 2766 550 2782 .
569 2731 646 2796 quusi
664 2731 841 2782 socrosancta
860 2725 938 2782 Torr.
954 2728 968 2797 ΙΙ
985 2729 1068 2779 coties
1087 2743 1134 2796 pr.
1151 2725 1184 2783 A.
1202 2728 1217 2799 ΙΙ
1235 2725 1276 2782 ts.
1295 2732 1451 2782 obstrictum

232 2797 261 2853 0.
279 2802 417 2852 astrictum
435 2796 499 2854 EF.
510 2799 525 2870 ΙΙ
538 2797 579 2854 ll.
600 2801 706 2852 uoluisti
725 2797 753 2852 0.
765 2798 779 2866 ΙΙ
791 2799 887 2866 isesis]
907 2801 977 2870 legis
996 2796 1234 2868 sittianorum
1251 2797 1340 2854 OEF.

229 2961 364 3028 proferam
383 2961 503 3014 meliora.
550 2962 617 3014 Num
635 2958 735 3032 perdit,
748 2967 774 3014 et
790 2959 873 3022 tollit,
897 2962 968 3024 quod
986 2962 1139 3016 sententias
1156 2977 1224 3016 sene
1241 2962 1374 3025 conuenit,
1389 2979 1452 3030 pro·

230 3035 367 3086 bubttitute
385 3037 459 3085 curet
477 3033 556 3088 omni.

303 3108 362 3169 et†
381 3103 489 3156 ecelsis
500 3102 650 3174 praesidiis
666 3101 807 3158 Misenus
825 3110 924 3167 arceis)
947 3105 1023 3156 ilaec
1041 3108 1069 3156 et
1085 3121 1160 3170 qnae.
1174 3108 1320 3173 sequnntur
1336 3107 1376 3157 tot
1393 3107 1451 3158 teu·

232 3177 319 3243 lisque
338 3177 409 3226 uitiis
427 3177 526 3226 iniectu
544 3180 614 3244 sunt,
634 3179 662 3226 ut
680 3177 713 3228 dc
730 3177 886 3246 iudugsnds
895 3177 1005 3242 antiqua
1022 3178 1157 3240 scripture
1167 3178 1224 3228 iere
1242 3178 1452 3241 desperaueriru.

234 3247 349 3298 Primum
368 3247 438 3296 enim
455 3249 573 3310 pendent
591 3248 701 3298 sblutiui
723 3247 833 3298 eccelsia
851 3244 1013 3314 praesidiis.
1037 3262 1088 3298 nec
1106 3249 1208 3298 babent
1228 3249 1300 3298 unde
1317 3249 1373 3310 apti
1389 3249 1452 3306 sint,

233 3323 290 3370 turn
307 3333 361 3369 non
378 3317 541 3388 intellegitur
560 3315 697 3370 decoratos
715 3319 783 3370 uirili
802 3333 904 3386 genere
920 3319 1046 3381 positum,
1065 3319 1179 3383 deniquo
1194 3319 1283 3368 iocum
1300 3331 1354 3367 non
1370 3319 1454 3368 bebai

234 3389 433 3453 compsrstiuus
450 3387 683 3446 sucrosmtiores,
703 3405 761 3440 cum
780 3389 854 3439 ncilla
866 3389 973 3438 omnino
985 3389 1150 3451 compsrstio
1162 3389 1216 3440 flst.
1251 3391 1369 3447 Quorum
1379 3402 1453 3440 meu·

235 3461 328 3512 dorum
346 3461 461 3523 primurn
479 3461 516 3510 its
534 3459 642 3510 sensuit
659 3460 832 3517 Mitulierius,
858 3461 888 3508 ut
905 3463 933 3508 et
949 3459 1100 3508 sententiae
1118 3459 1302 3517 subsisteret,
1325 3472 1414 3520 nsque
1437 3475 1456 3510 a

235 3531 405 3582 similitudine
429 3531 486 3580 ueri
509 3531 666 3582 obhorreret
688 3531 846 3582 emendatio.
892 3528 1003 3578 Censuit
1025 3528 1095 3579 enim
1117 3529 1260 3597 legendum
1283 3542 1348 3580 esse
1372 3533 1397 3580 et
1414 3544 1455 3580 ese

236 3599 330 3654 celsum
343 3597 482 3670 moeridis
498 3597 638 3652 Mineruae
656 3615 752 3660 arcem
771 3601 840 3665 quod
858 3599 1000 3678 insigniter
1017 3599 1141 3662 probauit
1157 3600 1312 3650 Perizonius
1330 3601 1455 3664 ascriptis

235 3675 310 3724 bisce
327 3671 449 3723 Lioisnis
468 3673 599 3735 exemplis
617 3673 712 3738 (XLV,
730 3667 774 3729 is
797 3668 822 3734 l)
845 3666 985 3736 Sacrificio
1006 3667 1157 3724 Mineruae,
1171 3667 1297 3736 mucidi
1315 3669 1403 3725 orcis.
1427 3669 1457 3721 is

235 3739 390 3812 urbesocto
409 3745 436 3794 et
454 3743 566 3808 (XXXi,
586 3735 629 3802 30,
648 3737 686 3805 itt
712 3738 800 3792 ecdem
817 3737 916 3792 scelere
933 3735 1023 3790 urbest
1040 3737 1153 3792 cumea
1175 3737 1239 3792 deos
1254 3739 1457 3810 muesidcmqss

236 3813 308 3867 arcis
324 3811 475 3866 Mineruam
490 3811 608 3882 petitam.
643 3813 714 3865 Fieri
727 3825 794 3863 sune
807 3813 893 3876 potuit
910 3814 948 3870 ut,
967 3827 1026 3862 cum
1038 3813 1192 3862 oberratum
1204 3815 1281 3864 esset
1292 3827 1310 3864 s
1316 3809 1456 3880 moeridis

235 3889 262 3938 in
275 3883 434 3955 praedds’is.
451 3887 552 3938 librarii
570 3887 631 3936 huic
648 3885 766 3936 ubisiiuo
779 3883 1013 3934 accommodurent
1030 3883 1189 3934 adiectiuum
1207 3881 1341 3937 eosdm.
1377 3887 1455 3946 Quae

237 3974 296 4008 curn
315 3959 383 4009 satis
402 3959 484 4014 dubia
496 3958 559 4016 sint,
578 3957 756 4025 mugisctism
774 3956 989 4018 insequentibus
1007 3955 1117 4012 haereo,
1134 3969 1205 4016 quse
1217 3955 1300 4024 uulgo
1311 3958 1458 4008 secundom

200 4019 207 4035 ²
237 4030 324 4098 Pigbii
350 4030 562 4080 emendationem
587 4028 627 4078 sic
650 4029 810 4086 edebantur,
838 4024 936 4078 tcum
958 4039 1023 4076 orae
1044 4021 1171 4076 decorata
1192 4024 1268 4094 quud
1287 4032 1459 4080 sacrosancta

237 4099 311 4154 colis.
347 4099 400 4151 Sed
420 4099 497 4168 quusi
514 4101 621 4150 omniuo
640 4102 720 4152 abest
737 4115 754 4148 o
770 4097 906 4149 codicibus
918 4098 1116 4162 manuscriptis,
1134 4111 1185 4150 nec
1197 4097 1317 4162 proiecto
1328 4101 1458 4150 omissum

239 4171 389 4230 desideres.
409 4187 461 4236 quo
481 4173 551 4222 lucto
571 4172 705 4223 sententia
721 4171 807 4234 probs
824 4173 953 4221 remanet.
993 4169 1028 4220 st
1048 4169 1119 4220 unde
1141 4171 1250 4222 tundens
1268 4171 1343 4222 uirile
1360 4183 1458 4238 genus.

237 4244 308 4306 qood
327 4243 387 4294 libri
405 4244 513 4294 trudunt
530 4257 579 4308 pro
597 4241 711 4293 neutroi
742 4239 783 4292 An
802 4241 865 4306 qrris
882 4241 909 4290 in
927 4241 1076 4305 urchetypo
1095 4241 1213 4292 fortusse
1234 4244 1289 4292 ism
1307 4243 1460 4290 aberratum

238 4315 304 4372 erut,
324 4317 352 4364 ut
370 4315 396 4364 in
409 4315 549 4372 Beroensi.
568 4329 586 4364 u
604 4311 669 4364 colis
687 4314 713 4362 in
725 4309 801 4362 collis
817 4308 926 4373 (codes),
946 4313 974 4361 et
991 4325 1024 4361 eo
1039 4312 1185 4363 retuterunt
1196 4311 1296 4360 tibrsrit
1308 4307 1461 4360 adieetiusi

237 4387 308 4438 unde
326 4401 406 4451 porro
425 4385 624 4452 comperetiuus
648 4377 895 4434 socrosasetiorcs?
920 4382 962 4432 De
984 4381 1030 4431 bis
1047 4395 1118 4444 quae
1137 4382 1222 4430 dicam
1241 4379 1391 4445 probabilis
1408 4392 1462 4429 non

237 4459 336 4516 irsbeo,
351 4471 438 4519 neque
450 4458 533 4508 refert
544 4470 675 4508 ususrum
688 4454 871 4519 suspicionum
888 4466 991 4520 ungere
1004 4466 1152 4504 nnmerum.
1189 4451 1257 4500 Nam
1270 4450 1340 4515 quod
1351 4451 1462 4514 Lipsius

237 4531 266 4581 et
283 4528 438 4580 Perizonius
456 4529 653 4594 proposuerunt
669 4523 892 4578 sammosctiose.
912 4521 1133 4580 emunctione,
1152 4517 1345 4587 sacrificatione
1362 4520 1463 4572 nemini

238 4599 319 4652 iscllo
337 4601 546 4666 persuadebunt.
587 4598 743 4650 Sententiae
767 4609 855 4647 nexus
878 4596 948 4646 haec
972 4596 1029 4646 iere
1051 4595 1157 4661 flagitat
1178 4590 1248 4642 ister
1267 4589 1353 4657 ipsum
1369 4588 1464 4642 Arium

232 4685 333 4742 popum
357 4699 389 4710 -
415 4675 441 4722 et
464 4669 593 4752 nodosis
607 4665 747 4739 moeridis
769 4665 910 4720 blisense
932 4679 1021 4719 orces
1041 4662 1139 4716 loson
1163 4677 1228 4715 arae
1251 4656 1376 4714 &coron
1397 4659 1464 4731 ipsis

239 4741 294 4798 dus
309 4741 523 4798 messura
541 4739 614 4796 eous.
1174 4823 1243 4891 w
