3409 5400
595 498 680 567 LlB.
701 498 728 579 Ι,
751 500 788 567 G.
811 500 844 579 6,
867 509 898 580 5.
922 500 1042 571 8-9.
1364 502 1427 572 tlt
1459 530 1462 535 ¹

201 659 392 747 ingressus,
415 662 535 747 anguis
558 663 696 727 eximiae
717 663 954 753 magnitudinis
976 666 1071 729 uisus
1095 666 1315 750 e'conspectu
1341 664 1427 731 abiit.

200 765 297 853 Ergo
319 766 546 854 prodigiorum
573 790 745 835 numerum
767 794 905 838 numero
935 771 1153 837 calamitatum
1182 772 1350 858 aequauit,
1378 773 1428 837 in·

202 873 294 939 felici
316 894 441 962 pugna,
464 877 550 960 turpi
571 876 715 953 foedere,
739 878 904 944 deditione
927 882 1066 945 funesta.

295 981 406 1047 Minus
439 983 557 1047 miram
593 985 628 1049 in
655 982 789 1049 homine
821 1007 938 1072 parum
972 985 1178 1051 considerato
1213 987 1426 1051 temeritatem
1437 982 1467 1051 8.

179 1086 256 1154 sii
270 1086 422 1164 Gracchi,
446 1090 636 1176 grauissimi
659 1092 753 1166 ciuis,
777 1094 878 1158 tristis
892 1095 995 1159 exitus
1010 1104 1041 1157 et
1051 1091 1204 1181 prodigio
1218 1092 1427 1159 denuntiatus

203 1216 269 1259 nec
293 1196 431 1261 emotus
454 1197 593 1261 consilio
615 1198 702 1264 iacit.
749 1199 873 1265 Consul
896 1202 982 1266 enim
1006 1222 1080 1264 cum
1103 1200 1138 1263 in
1157 1198 1301 1265 Lucanis
1326 1200 1428 1265 sacri·

203 1302 351 1377 deesset,
374 1322 502 1389 angues
518 1304 605 1369 duae
622 1327 662 1369 ex
679 1306 806 1370 occulto
821 1306 999 1393 prolapsae
1019 1316 1151 1392 repente
1166 1304 1305 1382 hostiae,
1330 1327 1427 1392 quam

203 1407 448 1484 immolauerat,
478 1410 580 1475 adeso
608 1413 754 1477 iocinore
780 1414 815 1477 in
843 1412 979 1477 easdem
1008 1434 1045 1477 se
1072 1412 1214 1477 latebras
1242 1412 1428 1477 retulerunt.

116 1602 120 1607 .
204 1514 261 1579 Ob
283 1514 319 1579 id
341 1514 458 1582 deinde
480 1518 602 1581 factum
625 1519 807 1585 instaurato
831 1520 993 1585 sacrificio
1023 1518 1111 1583 idem
1139 1517 1282 1605 prodigii
1310 1520 1427 1585 euenit.

165 1620 318 1685 te'l'ertia
340 1644 470 1709 quoque
494 1646 595 1689 caesa
617 1625 751 1691 uictima
778 1626 1032 1715 diligentiusque
1056 1624 1240 1689 adseruatis
1265 1626 1347 1689 extis
1371 1644 1428 1688 ne·

204 1750 272 1816 que
284 1729 442 1814 adlapsus
455 1732 656 1816 serpentium
673 1735 777 1798 arceri
794 1756 901 1821 neque
919 1734 1000 1820 fuga
1016 1731 1156 1817 inpediri
1173 1732 1284 1817 potuit.
1331 1728 1429 1811 Quod

204 1837 360 1922 qumnuis
389 1838 558 1920 aruspices
588 1837 632 1903 ad
665 1839 804 1903 saluum
830 1841 1038 1925 imperatoris
1068 1840 1229 1923 pertinere
1258 1836 1427 1909 dixissent,

204 1942 377 2009 Gracchus
401 1956 509 2009 tamen
532 1964 600 2009 non
623 1947 711 2009 cauit
736 1968 779 2011 ne
801 1946 918 2031 perfidi
940 1945 1080 2032 hospitis
1110 1944 1278 2009 suiFlaui
1298 1942 1427 2009 insidiis

202 2052 241 2116 in
263 2072 340 2116 eum
361 2051 469 2116 iocum
493 2050 670 2127 deductus,
695 2054 729 2117 in
753 2074 816 2139 quo
840 2052 1027 2118 Poenorum
1058 2051 1125 2116 dux
1147 2051 1248 2138 Mago
1277 2072 1352 2115 cum
1375 2072 1427 2115 ar·

166 2170 295 2223 amata
315 2180 417 2224 manu
440 2158 621 2232 delituerat,
642 2160 778 2223 inermis
802 2158 1013 2227 occideretur.

293 2266 336 2330 Et
363 2266 552 2331 consulatus
582 2264 757 2352 collegium
786 2278 817 2329 et
849 2268 970 2331 erroris
1000 2267 1140 2331 societas
1175 2276 1207 2327 et
1233 2286 1293 2349 par
1322 2284 1427 2350 genus
1438 2258 1468 2325 9.

203 2374 322 2437 mortis
347 2396 369 2437 a
391 2372 437 2440 Ti.
462 2370 613 2437 Graccho
637 2371 681 2437 ad
704 2372 852 2436 Marcelli
874 2374 1066 2438 memoriam
1088 2392 1141 2435 me
1166 2369 1271 2436 tralrit.
1317 2369 1349 2434 ls
1374 2389 1428 2433 ca·

202 2490 338 2565 piarum
366 2480 606 2566 Syracusarum
635 2490 667 2541 et
694 2478 888 2544 Hannibalis
920 2490 994 2543 ante
1022 2477 1153 2543 Nolana
1183 2478 1313 2542 moenia
1341 2498 1363 2541 a
1391 2496 1428 2539 se

208 2588 355 2673 primum
382 2587 497 2673 lugere
525 2586 629 2650 coacti
660 2586 766 2674 gloria
793 2585 1028 2661 inflammatus,
1058 2606 1132 2649 cum
1161 2605 1290 2649 summo
1319 2580 1428 2647 studio

71 2766 73 2775 Ι
171 2695 368 2759 anniteretur
394 2707 432 2758 ut
451 2692 638 2758 Poenorum
668 2694 844 2758 exercitum
872 2694 987 2758 autin
1016 2692 1109 2758 ltalia
1134 2701 1354 2780 prosterneret
1373 2696 1431 2753 aut

207 2887 233 2943 1.
251 2892 315 2942 uisa
331 2889 394 2944 Por.
411 2888 425 2958 ΙΙ
442 2907 458 2942 a
477 2892 620 2956 conspectu
639 2917 674 2928 —
691 2905 830 2941 numerum
854 2888 884 2942 is
906 2905 1003 2942 rasura
1027 2887 1058 2941 Α.
1077 2886 1133 2955 112.
1156 2885 1348 2957 prodigiorum]
1368 2887 1430 2954 port
1503 2937 1505 2940 .

202 2977 347 3013 numerum
364 2961 428 3014 Par.
446 2965 472 3012 et
489 2976 559 3013 corr.
577 2960 609 3013 A.
636 2958 713 3011 Torr.
732 2960 833 3014 iucem
852 2976 898 3029 pr.
916 2959 948 3013 A.
966 2961 979 3030 ΙΙ
997 2961 1185 3012 calamitatium
1202 2959 1265 3012 Por.
1283 2957 1296 3025 ΙΙ
1312 2955 1339 3008 4.
1358 2957 1384 3022 s.
1402 2953 1427 3008 8.

203 3049 257 3084 oar.
276 3029 369 3098 11118.
388 3034 535 3084 Proconsui
549 3031 627 3083 Torr.
638 3031 653 3099 ΙΙ
663 3033 828 3083 sacrificaret
844 3031 908 3084 Por.
920 3030 933 3098 ΙΙ
947 3031 971 3083 7.
990 3035 1041 3082 duo
1060 3035 1085 3083 et
1101 3033 1221 3096 prolapsi
1235 3028 1311 3081 Torr.
1323 3028 1336 3096 ΙΙ
1347 3025 1373 3080 8.
1391 3029 1428 3078 ie·

204 3105 300 3154 tinore
316 3101 346 3154 D
363 3103 549 3155 atteramur
568 3101 598 3160 0,
620 3101 697 3153 Torr.
714 3105 803 3154 iecore
820 3102 856 3154 E.
875 3105 989 3154 iocinere
1007 3101 1070 3156 Par.
1097 3101 1139 3168 (J.
1158 3103 1183 3159 i,
1203 3097 1234 3158 8.
1253 3097 1270 3152 9
1288 3099 1427 3156 iocinorisr

205 3179 238 3225 at
255 3175 301 3232 lii,
322 3172 347 3232 1,
365 3180 415 3225 ert.
433 3171 452 3226 o
477 3176 593 3226 iocineri.
604 3172 619 3239 ΙΙ
630 3175 749 3225 latebras
761 3188 793 3225 ae
813 3172 891 3224 Torr.
902 3173 916 3241 ΙΙ
930 3171 970 3225 10.
981 3173 1196 3243 diligentiusque]
1217 3187 1267 3238 quc
1285 3185 1335 3222 ota.
1353 3167 1389 3222 E.
1402 3165 1415 3237 ΙΙ

206 3243 252 3296 11.
270 3248 425 3309 serpentum
442 3243 649 3297 BCDETorr.
661 3244 674 3313 ΙΙ
685 3247 773 3295 sceeri
793 3243 822 3296 C·
841 3247 918 3296 alteri
937 3243 973 3296 D.
987 3242 999 3316 ΙΙ
1020 3261 1069 3296 nec
1088 3247 1153 3314 iuge
1170 3243 1205 3296 Ε.
1223 3243 1237 3311 ΙΙ
1256 3237 1297 3293 12.
1314 3243 1428 3305 impera·

202 3318 274 3366 toris
292 3318 408 3367 salutem
425 3315 461 3369 Ε.
472 3315 485 3382 ΙΙ
498 3313 539 3368 13.
557 3317 671 3379 perfidia
687 3312 724 3366 D.
736 3313 750 3381 ΙΙ
764 3312 805 3367 tt.
823 3316 919 3385 Mago]
939 3317 1042 3385 Magna
1059 3313 1099 3370 Β,
1125 3311 1173 3366 red
1189 3330 1225 3364 na
1242 3312 1271 3364 ia
1288 3325 1392 3364 roraru-
1404 3309 1417 3377 ΙΙ

207 3381 252 3438 15.
270 3389 404 3438 occideret
420 3383 453 3438 Β.
465 3385 479 3454 ΙΙ
492 3383 533 3439 itt.
553 3387 579 3451 9.
597 3383 623 3438 9.
641 3389 691 3437 ora.
708 3384 741 3437 Γ.
752 3385 767 3452 ΙΙ
780 3385 821 3438 17.
838 3403 883 3438 me
900 3389 989 3438 trahit.
1006 3390 1031 3437 is
1050 3389 1119 3438 enim
1132 3387 1269 3450 captarum
1286 3381 1316 3434 in
1331 3393 1429 3432 raam

203 3454 240 3508 A.
257 3459 287 3508 i’.
304 3459 451 3580 disstarum
466 3473 558 3526 scarpo
574 3455 608 3509 Δ.
624 3455 639 3526 ΙΙ
659 3454 700 3510 19.
719 3457 834 3524 sommo]
855 3460 926 3509 omni
943 3455 981 3509 D.
998 3457 1012 3525 ΙΙ
1028 3454 1071 3508 20.
1089 3457 1272 3523 prosterneret
1288 3454 1335 3504 aot
1351 3451 1429 3502 ltalia

204 3541 257 3579 ota.
270 3543 318 3597 pr.

279 3739 305 3794 8.
324 3743 364 3794 ci.
379 3743 440 3794 Lio.
457 3743 543 3805 XXV,
563 3739 605 3796 18.

279 3811 377 3865 aaut
392 3814 461 3866 eain
478 3821 545 3877 cam)
568 3817 628 3866 Non
650 3817 678 3865 in
702 3815 842 3866 consulatu
866 3811 906 3864 Ti.
931 3811 1088 3878 Sempronio
1107 3811 1228 3862 Graccho
1252 3811 1347 3863 accidit
1362 3811 1425 3865 iilud

203 3885 359 3954 prodigium
383 3889 433 3936 scd
456 3903 527 3938 anno
549 3889 612 3951 post
635 3888 748 3937 aiterum
772 3889 830 3937 eins
855 3885 1022 3936 consulatum
1046 3901 1071 3936 a.
1096 3899 1121 3935 u.
1146 3899 1168 3934 e.
1193 3879 1253 3942 542,
1279 3887 1310 3945 Q.
1333 3884 1427 3937 Fuluio

203 3957 307 4009 Flacco
325 3957 371 4014 111,
389 3957 459 4023 App.
478 3959 589 4008 Claudio
607 3973 688 4014 coss..
706 3959 736 4006 ut
752 3960 828 4022 patet
851 3957 943 4008 eLiu.
962 3956 1052 4014 XXV,
1071 3951 1103 4014 ³.
1127 3957 1155 4006 ln
1173 3969 1251 4021 quem
1270 3971 1367 4008 annum
1387 3955 1427 4009 Ti.

197 4029 331 4079 Graccho
350 4031 378 4077 ct
394 4030 424 4080 P.
443 4027 600 4093 Sempronio
624 4028 755 4078 Tuditano
777 4030 918 4094 imperium
941 4028 1147 4093 prouinciaeque
1170 4027 1271 4078 Lucani
1295 4030 1322 4078 et
1340 4029 1428 4078 Gallia

204 4101 372 4168 prorogatae
389 4103 466 4151 erant
484 4117 544 4150 cum
563 4102 621 4150 suis
639 4101 808 4150 exercitibus.
844 4100 936 4165 ltaque
955 4113 1013 4148 curn
1027 4100 1147 4149 similitor
1164 4113 1255 4148 attero
1274 4101 1427 4150 aberratum

205 4173 284 4221 meet
301 4173 382 4236 atquc
400 4173 494 4237 quarto
514 4171 592 4220 huius
610 4187 668 4235 cap.
688 4173 826 4236 exemplo,
850 4172 928 4240 Pigh.
946 4172 1026 4220 tacite
1049 4171 1168 4234 reposuit
1190 4168 1334 4221 Procurrunt
1350 4168 1425 4229 enim

203 4244 421 4310 repugnantibus
433 4243 577 4298 codicibus,
597 4243 700 4300 Paride,
719 4243 877 4306 Nepotiane,
896 4245 923 4291 et
937 4242 1016 4292 tacite
1029 4243 1112 4291 secuti
1125 4243 1187 4291 sunt
1204 4243 1284 4291 ceteri
1302 4243 1426 4292 editores.

279 4327 378 4378 nqueo
394 4310 462 4364 daos
479 4339 515 4350 -
530 4311 682 4380 prolqrtoe)
705 4314 841 4364 lienocaui
874 4314 942 4377 quod
966 4315 1071 4363 tuentur
1094 4327 1188 4364 omnes
1209 4315 1286 4362 codd.
1304 4315 1332 4361 et
1356 4313 1425 4368 Par,

204 4379 278 4433 dane
293 4411 330 4420 —
343 4382 499 4452 prolapsos,
518 4399 578 4433 cnm
597 4387 677 4434 antea
693 4385 756 4435 inde
774 4387 809 4435 ab
827 4385 896 4436 Aido
914 4385 1038 4434 ederetur
1055 4379 1107 4434 dae
1125 4409 1159 4420 -
1173 4381 1304 4450 prolapsi.
1339 4381 1426 4432 lierni·

204 4457 270 4504 niuo
288 4469 389 4523 genere
407 4469 525 4524 anguem
542 4457 721 4518 pronuntiauit
736 4456 757 4513 l,
776 4451 802 4513 8,
821 4452 847 4514 4,
861 4453 1016 4522 prolapsam
1034 4468 1151 4520 mem,
1172 4457 1199 4503 et
1216 4454 1237 4506 l.
1259 4451 1290 4510 8,
1310 4453 1362 4502 ext.
1384 4445 1424 4507 19,

203 4539 317 4591 nom
330 4525 441 4592 petitam
460 4555 495 4564 -
517 4525 610 4577 airam
646 4527 682 4577 At
704 4527 825 4578 masculo
847 4527 1018 4591 praecedenti
1041 4526 1177 4588 exemplo,
1201 4521 1294 4588 aapuir
1316 4519 1426 4573 eaimioe

204 4595 397 4662 nopaitadinr'a
412 4597 494 4656 aim,
513 4613 673 4664 quamquam
690 4599 727 4647 ibi
748 4612 853 4663 quoque
872 4597 933 4647 i’ar.
951 4597 1034 4646 habet
1049 4595 1118 4651 sito,
1145 4597 1171 4644 et
1187 4594 1214 4652 l,
1238 4589 1270 4652 8,
1294 4587 1320 4643 8.
1338 4590 1363 4643 t'r
1380 4605 1425 4642 aa·

201 4683 277 4736 We
294 4682 370 4735 Μ
385 4695 422 4706 ““
438 4683 532 4720 m·

280 4735 307 4791 9.
326 4739 366 4790 Gi.
383 4739 480 4807 Polyb.
497 4741 534 4802 X,
550 4736 596 4793 32
612 4739 672 4793 liu.
689 4739 800 4801 XXVII,
817 4734 862 4791 28.
881 4739 947 4790 Plin.
964 4739 1012 4800 Xi,
1030 4733 1075 4798 81,
1094 4732 1137 4789 18.
1157 4735 1226 4788 rint
1243 4735 1328 4786 Marc·
1345 4729 1389 4788 99.
