3409 5400
564 506 567 512 .
628 456 711 524 mn.
736 456 792 535 vr,
817 458 854 523 o.
878 460 964 559 aa.
991 463 1109 527 1-3.
1412 468 1477 533 aa

249 620 340 685 uultu
364 623 412 687 ‘Si
437 620 558 687 benum
583 622 758 697 dederitis'.
783 624 903 709 inquit.
937 634 1155 707 ‘perpeturum
1187 623 1217 687 si
1240 623 1378 700 malam,
1410 650 1478 692 non

249 727 452 794 diuturnarn'.
501 730 575 809 Qua
600 750 680 793 uoce
706 731 882 815 perier-tum
907 742 957 792 est
981 741 1012 791 ut
1031 730 1123 793 trieris
1148 750 1216 793 nen
1239 731 1346 797 solum
1370 737 1476 810 uenia.

248 833 307 897 sed
335 835 431 898 etiam
455 837 507 899 ius
532 848 566 908 et
586 836 778 900 benetieium
804 850 936 901 nostrae
960 837 1099 900 ciuitatis
1125 835 1266 900 daretur.

339 940 393 1003 Sie
418 942 450 1004 in
475 956 590 1006 senatu
613 943 702 1029 loqui
726 942 903 1007 Priuernas
927 965 1030 1007 ausus
1051 950 1114 1008 ‘est
1161 942 1285 1008 Lucius
1301 965 1380 1010 uero
1396 946 1516 1013 Phi-2.
1572 994 1575 999 -

219 1048 354 1131 siippus
379 1048 494 1111 consul
517 1049 678 1114 arinersus
703 1050 842 1115 eundem
867 1050 1015 1114 ordinem
1036 1050 1217 1115 libertatem
1233 1073 1384 1117 exercere
1408 1077 1475 1119 non

246 1153 416 1219 dubitauit.
462 1156 545 1220 Nam
571 1159 745 1245 segnitiam
769 1180 828 1243 pro
852 1158 968 1220 rostris
992 1157 1213 1242 exprobrans,
1241 1158 1306 1223 alie
1330 1161 1393 1225 sibi
1421 1185 1473 1227 se·

246 1270 325 1323 natu
355 1284 438 1347 opus
467 1284 542 1327 esse
572 1262 667 1337 dixit,
704 1274 892 1349 tantumque
914 1281 944 1327 'a
978 1265 1179 1349 paenitentia
1206 1265 1282 1329 dicti
1309 1267 1404 1341 afuit,
1440 1285 1474 1332 ut

245 1369 343 1431 etiam
368 1368 405 1433 ii.
431 1370 568 1443 Crasso,
599 1392 746 1434 sununae
776 1370 944 1455 dignitatis
977 1384 1074 1456 atquc
1097 1370 1303 1456 eloquentiae
1327 1375 1415 1450 uiro,
1438 1375 1473 1438 id

244 1476 280 1537 in
305 1476 395 1539 curia
418 1479 561 1563 grauiter
585 1478 699 1541 ferenti
716 1498 850 1541 manum
874 1476 950 1540 inici
967 1477 1102 1541 iuberet.
1148 1476 1205 1541 Ilic
1221 1480 1342 1542 reiecto
1358 1479 1470 1544 lictore

207 1580 331 1645 re‘Non
357 1582 414 1658 es’,
438 1585 552 1670 inquii,
577 1582 684 1657 mihi,
709 1582 878 1668 Philippe,
898 1583 1034 1657 consul,
1066 1584 1144 1669 quia
1173 1606 1214 1648 ne
1244 1604 1308 1670 ege
1337 1587 1470 1671 quidem

244 1686 301 1751 aei
325 1700 457 1755 senator
481 1690 575 1755 sum'.

335 1795 445 1875 Quid‘?
463 1797 616 1883 populum
634 1798 675 1861 ab
692 1799 824 1861 incursu
841 1820 904 1861 suo
919 1797 1052 1862 libertas
1069 1810 1170 1863 tutum
1187 1797 1341 1885 reliquit?
1364 1797 1468 1864 Immo
1479 1807 1510 1873 3,

244 1912 275 1963 et
298 1902 444 1966 similiter
467 1904 631 1991 adgressa
654 1916 684 1966 et
708 1925 811 1990 neque
825 1917 957 1989 experta
980 1907 1170 1991 patientiam
1194 1916 1252 1971 est.
1287 1906 1345 1971 Gn.
1360 1906 1468 1971 Garbe

150 2054 152 2059 ,
244 2006 391 2072 tribunus
416 2010 535 2095 plebis,
566 2032 668 2097 nuper
697 2010 844 2096 sepultae
869 2011 1085 2077 Gracchanae
1108 2011 1280 2075 seditionis
1305 2012 1468 2079 turbulen-

207 2136 232 2179 15
245 2114 390 2179 tissimus
415 2116 533 2179 uindex
556 2118 705 2203 idemque
730 2117 901 2181 orientium
926 2118 1068 2183 ciuilium
1092 2117 1253 2181 maiorum
1269 2119 1325 2183 fax
1349 2118 1466 2184 arden-

243 2222 382 2295 tissima,
407 2220 443 2284 P.
467 2222 659 2287 Africanum
689 2220 930 2289 a'Numantiae
958 2226 1060 2289 ruinis
1089 2245 1218 2289 summo
1242 2246 1317 2287 eum
1340 2224 1466 2310 gloriae

242 2328 370 2415 fulgore
401 2330 599 2402 uenientem.
636 2329 676 2393 ab
704 2330 778 2415 ipsa
808 2352 910 2415 paene
940 2343 1034 2417 porta
1063 2333 1097 2395 in
1132 2340 1241 2393 restra
1273 2330 1466 2415 perductum

242 2488 267 2543 2.
289 2490 457 2555 prospectum
477 2488 512 2541 E.
527 2488 539 2556 ΙΙ
553 2486 578 2542 3.
599 2492 674 2539 duret
688 2504 733 2556 pr.
752 2488 788 2543 D.
808 2486 820 2557 ΙΙ
842 2487 867 2541 d.
886 2490 983 2540 Sic-
1002 2506 1086 2540 ansus
1111 2492 1153 2539 cst
1177 2506 1226 2542 em.
1245 2488 1276 2542 Γ.
1295 2488 1309 2558 ΙΙ
1327 2490 1382 2557 Sic]
1402 2488 1464 2543 edd.

244 2563 312 2611 euim
332 2558 369 2612 D.
384 2557 397 2629 ΙΙ
413 2560 565 2625 Priuernas]
586 2566 645 2611 ante
663 2562 734 2625 ioqui
755 2558 831 2612 Terr.
851 2563 953 2624 priuato
966 2558 1001 2612 E.
1013 2560 1027 2626 Η
1038 2560 1063 2613 5.
1083 2576 1209 2611 exercere
1227 2562 1376 2614 libertatem
1396 2559 1426 2613 F.
1439 2562 1453 2629 ΙΙ

243 2631 267 2682 ii.
287 2634 428 2702 segnitiem
446 2629 591 2684 DF'i'orr.
613 2634 736 2682 senitinm
755 2630 789 2684 Ε.
807 2632 820 2697 ΙΙ
837 2630 862 2683 i.
882 2635 1044 2696 poenitentia
1062 2630 1115 2691 (A.)
1137 2636 1293 2696 praesentia
1311 2632 1338 2685 F.
1356 2633 1370 2699 ΙΙ
1388 2634 1464 2682 offuit

246 2700 301 2755 CF.
321 2705 406 2754 abiait
424 2701 596 2756 DEI'Terr.
618 2699 629 2770 ΙΙ
649 2700 673 2756 8.
693 2705 772 2753 etiam
792 2719 840 2754 om.
863 2702 914 2769 El}
926 2705 1016 2770 atquc]
1037 2721 1068 2754 nc
1086 2703 1145 2754 EF.
1165 2707 1191 2754 ct
1212 2702 1289 2758 Terr.
1307 2707 1321 2774 ΙΙ
1336 2705 1374 2769 id]
1394 2706 1463 2755 hece

243 2773 273 2825 F.
285 2773 298 2839 ΙΙ
311 2771 335 2826 d.
354 2789 449 2826 numus
468 2770 530 2826 EF.
543 2773 556 2839 ΙΙ
574 2773 611 2828 ΙΟ.
631 2775 673 2840 es]
693 2777 737 2824 est
757 2773 809 2825 OE
816 2771 841 2825 F
855 2780 881 2825 et
893 2790 938 2841 pr.
957 2775 988 2827 A.
1008 2792 1039 2826 os
1058 2782 1085 2824 tu
1104 2773 1136 2826 Γ.
1151 2772 1162 2839 ΙΙ
1181 2777 1265 2837 inquit
1282 2779 1318 2826 mi
1337 2773 1362 2826 Γ
1378 2778 1404 2825 et
1417 2790 1461 2841 pr.

241 2845 273 2897 A.
293 2847 375 2910 inquit
393 2847 456 2896 mihi
477 2847 557 2912 inquit
581 2843 638 2905 (scd
654 2843 734 2912 prius
756 2846 840 2907 inquit
858 2844 965 2913 punctis
988 2852 1080 2908 noim.)
1098 2845 1132 2899 Ε.
1150 2844 1163 2910 Η
1180 2848 1317 2912 philippus
1338 2843 1451 2911 onitu

243 2931 291 2967 noe
310 2915 398 2968 FPer.
417 2922 444 2967 et
460 2916 488 2966 in
506 2931 603 2968 resero
615 2916 651 2975 D,
673 2913 750 2968 Torr.
774 2913 833 2968 Via.
847 2915 884 2968 ed
900 2915 938 2971 11.
962 2917 986 2972 l.
1007 2915 1032 2970 i.
1043 2917 1057 2983 Η
1069 2933 1121 2985 ego
1136 2919 1184 2966 tibi
1201 2920 1308 2983 quidem
1320 2918 1348 2969 ia
1365 2931 1463 2968 rasura

243 2986 277 3040 D.
293 2985 304 3054 ΙΙ
323 2985 362 3040 il.
383 2989 430 3038 tibi
449 3003 498 3039 em·
520 2986 571 3040 CE
577 2985 603 3039 F
607 2986 631 3039 Γ
647 2993 673 3038 et
687 3003 729 3054 pr.
748 2985 780 3038 Α.
794 2985 806 3053 ΙΙ
822 3003 881 3038 sum
899 3004 949 3039 em.
966 2987 1000 3040 E.
1014 2988 1027 3054 ΙΙ
1042 2986 1082 3041 12.
1101 2987 1292 3052 Quid-(13.)
1304 2990 1461 3054 patientium

242 3063 283 3108 est
302 3073 350 3109 em.
364 3057 394 3110 Γ.
407 3061 420 3125 Η
432 3063 515 3110 tutum
529 3061 640 3110 libertas
656 3053 732 3112 Terin
747 3057 758 3128 ΙΙ
778 3055 815 3112 13.
829 3062 958 3123 potieniiu
976 3059 1065 3112 CEF.
1084 3061 1199 3123 patiente
1207 3074 1253 3126 pr.
1266 3057 1301 3111 D.
1315 3062 1461 3124 potientem

241 3143 310 3181 cerr.
328 3127 365 3180 D.
377 3128 390 3196 ΙΙ
403 3133 431 3182 C.
451 3133 537 3180 Carbo
558 3128 634 3180 Terr.
649 3132 661 3196 il
679 3127 718 3182 li.
737 3133 918 3199 graeeiriunae
935 3129 1002 3183 Dr.
1014 3131 1028 3197 ΙΙ
1039 3132 1274 3182 tribuicniissimus
1292 3127 1319 3183 C.
1331 3130 1345 3200 ΙΙ
1355 3122 1399 3183 iii.
1417 3129 1459 3194 R]

242 3201 386 3262 scipionem
405 3197 440 3251 D.
454 3199 467 3265 ΙΙ
483 3195 521 3253 ti.
540 3203 566 3250 in
585 3205 674 3252 restra
693 3202 859 3268 perductum]
878 3208 938 3254 unte
956 3206 991 3252 ab
1009 3206 1071 3266 ipsa
1088 3199 1117 3255 F.

310 3337 335 3391 2.
355 3341 393 3392 Gi.
413 3341 465 3391 Cic.
485 3343 518 3392 dc
537 3359 574 3392 or.
594 3343 637 3396 111.
660 3341 727 3399 l.'2.
752 3346 837 3403 Quint.
857 3339 1031 3400 v.111‚3,stt.

313 3409 381 3461 ‘Non
400 3412 444 3469 es'.
462 3410 553 3478 inquit.
574 3411 655 3468 ‘mitrii
673 3414 768 3478 Lirpret
787 3415 961 3476 archetypum
982 3414 1120 3475 exemplar
1137 3415 1206 3462 hoec
1224 3414 1263 3462 itn
1278 3414 1458 3471 constituisse.

244 3479 302 3532 Nea
321 3486 359 3532 est
376 3472 460 3548 inquit
478 3481 514 3532 mi
531 3481 651 3548 Philippa
670 3483 767 3536 careal,
788 3483 849 3549 quia
868 3499 900 3533 nc
918 3498 963 3546 epe
981 3480 1085 3548 quidem
1102 3487 1207 3534 amator
1221 3497 1286 3533 eunt.
1323 3484 1459 3548 inquibus

243 3554 367 3616 primaria
385 3555 519 3603 sententia
538 3571 555 3602 a
573 3559 722 3604 correctore
742 3555 799 3603 libri
819 3554 963 3602 tiernensis
981 3569 998 3602 c
1018 3554 1120 3602 Paridis
1139 3554 1295 3616 compendio
1314 3554 1352 3602 ita
1370 3569 1459 3604 emen·

243 3627 304 3673 data
323 3628 373 3681 esi.
394 3626 422 3672 ui
439 3626 525 3674 omnis
545 3625 652 3674 subiato
671 3627 706 3673 sii
724 3625 865 3677 [laudatior
890 3625 917 3672 in
936 3626 1022 3673 attera
1040 3625 1167 3672 errantiati
1182 3626 1258 3686 parte
1271 3625 1365 3673 relatio
1378 3640 1458 3688 quae·

241 3697 301 3744 dant
322 3698 354 3744 ad
375 3695 531 3758 Philippum.
551 3711 630 3758 qrrem
650 3697 790 3760 alloquitur
809 3699 935 3751 Crassus,
953 3696 1128 3746 desideratur.
1177 3695 1236 3744 Non
1260 3696 1365 3744 omnino
1388 3697 1458 3745 enirn

241 3781 273 3816 ne
293 3781 324 3817 se
343 3767 448 3832 (pridem
469 3769 620 3817 seueriorem
640 3781 703 3816 esse
723 3767 891 3830 pronuntiare
910 3769 1015 3828 poterat
1032 3765 1084 3821 iile,
1103 3765 1151 3814 scd
1170 3766 1313 3828 ci’hiiippi
1331 3771 1419 3816 mente
1431 3767 1458 3816 id

241 3853 340 3901 ponere
359 3839 482 3888 debebat.
525 3839 617 3900 linque
637 3837 781 3887 'l'errcnins
804 3838 992 3900 suspicabatur
1010 3837 1144 3885 Valerium
1168 3838 1312 3899 scripsisse
1330 3833 1390 3887 Non
1408 3843 1456 3890 est,

241 3908 332 3975 inquit,
353 3906 417 3960 milri
434 3906 572 3976 Philippus
589 3907 691 3966 consul,
717 3906 760 3958 cri
784 3922 830 3958 aee
849 3923 894 3972 cpe
914 3903 1016 3973 quidem
1033 3911 1139 3956 senator
1155 3923 1227 3960 sam.
1253 3908 1337 3958 etsie
1356 3910 1456 3966 Cicero,

176 4019 178 4024 .
241 3995 296 4030 cam
314 3977 368 4029 ribi
386 3977 458 4029 mum
477 3979 605 4030 consulem
624 3995 678 4031 erec
696 3984 815 4044 reparet,
839 3975 884 4028 cai
904 3983 1010 4028 serrator
1028 3976 1085 4044 ipse
1108 3991 1158 4028 aea
1177 3983 1250 4029 esset.
1287 3978 1341 4028 Sed
1360 3981 1456 4042 probu-

242 4053 360 4101 triiiorem
385 4053 597 4102 emendationem
622 4053 690 4102 idern
715 4055 847 4100 corrector
872 4051 931 4098 iibri
954 4051 1100 4100 lierneusis
1123 4066 1156 4099 cx
1181 4050 1274 4100 cedem
1300 4051 1456 4112 compendio

241 4124 342 4180 asciuit,
363 4123 462 4172 inserte
481 4120 531 4172 tibi
549 4127 610 4186 past
628 4119 738 4189 quidem.
784 4122 872 4170 Habet
891 4121 960 4170 enim
979 4137 1013 4171 cn
1029 4122 1100 4183 ipsa,
1119 4136 1189 4181 (rime
1207 4135 1291 4184 supra
1307 4121 1455 4182 posuimus.

241 4195 323 4250 Paris
344 4194 368 4242 si
387 4194 446 4243 icae
466 4196 588 4243 mendum
608 4208 654 4244 nee
673 4211 719 4257 pre
737 4208 769 4244 ne
788 4192 935 4255 exceperis.
978 4193 1154 4252 Quintilianus
1177 4193 1228 4242 hoc
1249 4192 1281 4242 1..
1300 4191 1392 4239 Crassi
1413 4205 1455 4239 re·

241 4279 368 4328 sponsum
387 4266 426 4314 ita
444 4265 564 4322 reddidit.
584 4263 642 4330 Epo
661 4269 685 4314 tc
697 4262 825 4315 censalem
838 4267 938 4329 putem,
959 4277 1015 4313 cem
1033 4267 1061 4312 tu
1079 4278 1118 4312 mc
1136 4266 1274 4328 conpotes
1288 4255 1456 4311 senatorem?

308 4332 333 4386 3.
354 4335 411 4384 Liu.
431 4336 493 4398 epit.
511 4337 569 4385 libr.
588 4337 658 4387 nix.
677 4337 729 4386 Cic.
748 4352 796 4398 pro
808 4335 863 4385 Mit.
876 4329 902 4391 3,
915 4335 939 4384 8.
960 4335 1025 4383 I’int.
1039 4335 1079 4383 Ti.
1092 4336 1204 4384 ereren.
1217 4329 1260 4384 21.
1278 4332 1312 4383 id.
1326 4330 1454 4393 apephih.

241 4406 323 4470 (Scip.
341 4407 404 4456 min.
422 4403 476 4468 22.)
496 4407 563 4469 App.
582 4407 632 4454 eiu.
651 4407 670 4464 Ι,
693 4399 731 4458 iii.
753 4409 825 4456 «iuri.
845 4408 878 4455 dc
898 4406 945 4456 uir.
964 4407 1000 4456 ili.
1018 4400 1061 4455 53.

311 4475 358 4528 Cn.
378 4473 475 4532 Carbo)
502 4479 588 4527 Ceteri
606 4478 749 4540 scriptores
769 4477 863 4526 Guium
883 4491 943 4525 cum
966 4477 1110 4539 appellent.
1151 4475 1205 4524 Sed
1231 4473 1336 4536 praeter
1355 4472 1454 4521 Valerii

240 4550 344 4598 codices
370 4549 453 4596 onaei
477 4563 639 4610 praenomen
662 4549 743 4598 lulius
767 4563 872 4614 quoqne
897 4548 973 4597 Puris
998 4548 1022 4595 oi
1041 4548 1137 4598 tribnii.
1182 4549 1270 4606 Quare
1294 4556 1347 4592 nou
1369 4557 1453 4592 ausus

240 4635 296 4669 sum
317 4619 456 4684 quiequam
476 4625 592 4676 mutare.
618 4620 774 4684 praesertim
800 4635 860 4668 eum
884 4619 953 4669 idem
978 4619 1003 4668 iu
1022 4619 1117 4668 eodem
1139 4617 1245 4668 nemine
1263 4629 1337 4666 error
1355 4615 1390 4664 sit
1408 4614 1451 4671 VJ.

240 4686 264 4750 3,
283 4687 309 4742 ii.
331 4691 370 4742 ef.
389 4691 474 4756 pruet'.
493 4705 519 4755 p.
537 4685 581 4743 33.
