3409 5400
185 669 485 748 conformationem
500 669 674 747 incideret.
721 679 819 762 Quod
839 684 885 748 ad
906 693 1032 746 ceteras
1053 685 1123 746 eins
1148 684 1371 750 aberrationes
1394 707 1417 750 a

185 789 333 875 simplici
363 789 514 875 ciuilique
547 809 697 853 sermone
731 800 761 852 et
795 789 839 853 ad
876 788 1049 853 audaciam
1085 782 1118 853 ln
1149 792 1415 857 translationibus

185 898 314 970 attinet,
338 919 377 960 eo
400 898 509 982 magis
535 907 700 960 auctorem
720 896 782 962 hoc
796 916 987 982 peruersum
1005 891 1112 983 gemis
1127 891 1318 984 ammaum
1342 923 1416 966 esse

185 1004 371 1067 dolendum
405 1015 454 1068 est
490 1026 552 1090 quo
588 1003 756 1070 meliorem
787 1001 953 1068 scribendi
986 989 1131 1080 indob'i
1162 1007 1352 1090 prodiderit,
1387 1010 1418 1071 si

184 1111 324 1198 quando
348 1112 419 1196 lpse
444 1111 507 1174 sibi
530 1112 624 1175 frena
647 1121 677 1173 et
699 1111 833 1177 modum
853 1107 1053 1198 imposuerit.
1101 1109 1197 1191 Quod
1216 1114 1273 1176 ubi
1294 1114 1416 1177 factum

185 1229 250 1290 est,
288 1237 366 1282 nam
396 1216 569 1282 laudemus
601 1217 776 1304 aliquando
807 1229 883 1304 post
913 1219 1099 1282 continuam
1135 1220 1416 1304 uituperationem,

186 1337 282 1388 tersa
304 1322 402 1408 plane
426 1333 457 1386 ct
478 1345 561 1408 pura
584 1325 780 1410 optimisque
797 1324 964 1390 latinitatis
982 1325 1169 1390 auctoribus
1193 1325 1297 1413 digna
1317 1329 1416 1391 utitur

184 1431 343 1495 dictione.
390 1429 490 1494 Cuius
512 1441 547 1492 ut
570 1430 725 1494 nonnulla
749 1431 945 1495 documenta
967 1430 1115 1505 afferam,
1138 1432 1212 1495 libri
1234 1435 1341 1517 primI,
1364 1433 1417 1498 uel

185 1538 299 1624 potius
324 1538 421 1600 totius
446 1538 554 1622 operis
577 1537 736 1622 praefatio
762 1548 793 1600 et
808 1539 1014 1623 potissimum
1031 1539 1119 1621 prior
1143 1539 1213 1601 eius
1236 1561 1316 1624 pars
1340 1561 1415 1625 spe·

186 1645 298 1708 cimen
330 1663 405 1706 esse
436 1655 543 1728 potest
573 1644 730 1707 orationis
762 1663 836 1708 cum
868 1644 1047 1729 perpolitae
1077 1653 1145 1707 tum
1175 1646 1354 1729 aequaliter
1385 1657 1417 1708 et

187 1752 306 1817 leniter
330 1751 470 1814 fluentis.
516 1749 644 1834 Lepida
672 1760 703 1812 et
731 1763 871 1815 uenusta
897 1751 1011 1815 relatio
1036 1762 1092 1814 est>
1108 1749 1149 1812 de
1172 1751 1300 1837 origine
1323 1750 1415 1814 ludo·

187 1879 263 1924 rum
286 1856 504 1922 saecularium
527 1855 566 1930 II,
591 1857 622 1930 4,
646 1855 677 1920 b.
723 1855 824 1921 Facta
845 1859 930 1942 aptis
948 1856 1111 1920 ctuiuidis
1124 1856 1288 1920 coloribus
1302 1855 1416 1922 adnn-

188 1967 286 2030 brata
318 1963 464 2027 celeriter
494 1973 525 2025 et
555 1963 725 2048 perspicue
755 1985 791 2026 se
824 1965 1002 2049 excipiunt,
1036 1985 1097 2025 nec
1129 1965 1303 2050 quicquam
1328 1963 1416 2050 quod

188 2071 363 2136 desideres
387 2070 546 2155 reliquum
570 2079 635 2144 est3
665 2070 740 2132 item
766 2069 817 2149 (II,
842 2072 875 2144 b,
898 2069 933 2150 8)
962 2071 997 2133 in
1027 2071 1214 2134 narratione
1237 2062 1278 2133 de
1298 2070 1415 2134 uolun-

187 2179 274 2243 taria
299 2175 387 2242 Ceae
409 2175 555 2242 mulieris
577 2187 691 2252 morte,
717 2179 769 2241 cui
785 2179 857 2262 ipse
881 2187 1044 2262 spectator
1066 2175 1209 2240 interfuit
1231 2179 1318 2240 etin
1340 2175 1414 2239 aliis

187 2283 407 2370 quibusdam,
436 2303 573 2369 quorum
596 2283 766 2348 laetiorem
787 2285 982 2348 memoriam
1004 2283 1191 2355 retinentes,
1214 2283 1416 2368 aliquamdiu
1513 2289 1517 2297 '

187 2411 275 2454 nunc
300 2390 343 2454 ab
366 2391 439 2476 ipso
464 2391 621 2474 scriptore
645 2388 866 2463 discedamus,
889 2401 924 2452 ut
935 2388 1191 2473 contemplemur
1208 2389 1317 2473 operis
1340 2396 1416 2473 post

183 2497 335 2562 auctoris
358 2507 495 2562 mortem
518 2497 588 2562 iata
610 2507 641 2559 et
663 2494 847 2559 historiam.

371 2946 579 3013 HISTORIA
603 2948 776 3013 GRITICA
799 2946 1044 3013 vilissiani
1067 2948 1236 3014 OPERIS.

278 3126 406 3192 Valerii
437 3128 596 3193 dictorum
622 3138 657 3192 et
688 3130 848 3193 factorum
877 3128 1138 3192 memorabilium
1166 3128 1268 3192 libros
1296 3146 1415 3191 nouem

188 3250 258 3299 tota
281 3235 471 3321 antiquitate
496 3246 592 3299 notos
616 3236 719 3299 fuisse
743 3255 908 3321 saepeque
936 3256 1012 3297 esse
1040 3234 1142 3297 lectos
1172 3257 1247 3297 cum
1269 3246 1415 3299 ueterum

188 3343 387 3427 scriptorum
410 3354 524 3427 aperta
546 3342 733 3406 testimonia
755 3352 822 3406 tum
835 3341 901 3405 alia
917 3340 1080 3426 quaedam
1100 3363 1184 3426 quae
1203 3362 1280 3405 mox
1302 3361 1415 3405 recen·

189 3448 339 3513 sebimus
363 3470 429 3512 non
450 3450 587 3513 minoris
610 3450 766 3512 momenti
789 3448 912 3513 indicia
934 3447 1168 3512 demonstrant.
1208 3447 1249 3509 Et
1275 3448 1416 3531 primum

189 3554 326 3641 quidem
350 3553 386 3615 G.
409 3553 536 3619 Plinius
560 3553 733 3618 Secundus
755 3554 789 3619 in
821 3555 1065 3618 enumeratione
1094 3554 1304 3636 scriptorum,
1333 3572 1415 3635 quos

187 3662 389 3746 praecipuos
414 3660 514 3724 duces
537 3658 696 3733 habuerit,
720 3661 913 3725 nominatim
931 3660 1070 3744 septimo
1082 3656 1239 3721 historiae
1259 3655 1416 3719 naturalis

189 3766 358 3831 uolumine
389 3764 569 3830 MaxImum
599 3764 769 3830 Valerium
799 3766 1084 3837 commemorauit,
1115 3784 1252 3849 eumque
1278 3764 1313 3825 in
1342 3763 1416 3847 ipso

190 3896 292 3957 opere
310 3874 356 3936 ita
373 3873 407 3936 In
425 3894 521 3936 usum
540 3892 636 3937 suum
656 3874 814 3937 conuertit
832 3885 867 3934 ut
885 3872 1002 3958 quibus
1021 3870 1102 3936 locis
1123 3872 1193 3935 eius
1210 3870 1418 3956 potissImum

190 3979 417 4043 auctoritatem
442 3988 573 4043 secutus
597 3981 640 4043 sit
661 3977 760 4043 hodie
781 4000 909 4065 quoque
934 3979 1069 4044 erebus
1095 3978 1171 4041 inde
1191 3980 1298 4064 petitis
1320 3977 1417 4042 facile

191 4098 223 4149 ct
250 4084 430 4149 manifesto
462 4096 692 4170 cognoscatur.
753 4084 839 4149 Nam
870 4106 955 4171 quae
984 4085 1024 4149 de
1051 4085 1263 4164 similitudine
1290 4085 1417 4149 formae

189 4188 529 4279 congessitValerius
543 4190 589 4256 IX
603 4215 631 4255 c.
650 4192 690 4256 14
703 4202 836 4277 excepto
854 4212 919 4255 uno
931 4191 1082 4277 Hybreae
1094 4191 1257 4278 Mylaseni
1269 4188 1417 4275 exemplo

190 4298 305 4363 omnia
327 4306 491 4361 mutuatus
517 4308 567 4364 cst
588 4296 714 4363 Plinius
738 4296 810 4371 VII,
837 4298 893 4372 12,
917 4298 994 4361 item
1016 4295 1089 4372 VII,
1112 4299 1155 4362 48
1176 4309 1207 4361 et
1226 4299 1269 4363 50
1296 4297 1418 4369 omnia,

190 4425 252 4467 nec
277 4415 355 4467 sunt
377 4425 499 4489 pauca,
524 4426 608 4491 quae
631 4403 684 4467 ille
709 4404 749 4467 de
771 4404 976 4469 memorabili
1000 4414 1165 4469 senectute
1189 4410 1419 4490 composuerat

190 4508 281 4583 VIII,
308 4510 359 4575 13.
414 4510 575 4575 Notabilis
606 4509 769 4575 felicitatis
802 4533 886 4597 quae
915 4521 1082 4598 tamquam
1111 4512 1292 4597 specImIna
1314 4504 1434 4569 retulit'

190 4614 304 4682 Valer.
329 4612 401 4693 VII,
427 4616 456 4691 1,
481 4640 521 4681 ea
545 4628 717 4683 occurrunt
740 4618 827 4703 apud
846 4616 1016 4693 PlinVII,
1040 4619 1082 4683 44
1107 4629 1138 4680 et
1159 4619 1214 4682 46.
1258 4614 1308 4677 De
1331 4632 1417 4675 mor·

191 4722 277 4787 tibus
300 4744 370 4789 non
392 4722 584 4811 uulgaribus
608 4722 692 4789 Plio.
716 4722 796 4803 VII,
828 4726 871 4791 53
894 4724 995 4791 multa
1017 4724 1127 4793 hausit
1157 4746 1175 4787 o
1202 4719 1337 4786 Valerio
1360 4716 1417 4795 IX,
