3409 5400
381 522 446 591 150
680 531 684 538 ’
859 519 919 586 DE
942 515 1133 587 SOMNIIS.

380 682 524 771 Iuppiter
546 687 581 749 in
605 686 711 771 quiete
734 682 904 769 praecepit
925 692 960 746 ut
990 678 1180 745 consulibus
1212 678 1333 743 diceret
1355 676 1406 743 sibi
1431 698 1501 763 praet

381 802 486 857 torem
508 791 595 855 ludis
623 791 826 855 circensibus
856 790 1014 876 proximis
1043 809 1111 851 non
1136 786 1316 873 placuisse:
1344 807 1413 872 quae
1436 807 1501 849 res*

383 899 517 966 adtenta
549 897 699 963 ludorum
734 899 970 963 instauratione
1007 896 1136 981 expiata
1175 904 1277 968 esset,
1313 904 1470 957 secuturum

380 1005 547 1071 mediocre
569 1004 659 1069 urbis
687 1005 877 1089 periculum.
928 1002 984 1067 ille
1013 1004 1136 1065 ueritus
1165 1022 1206 1065 ne
1238 1021 1312 1065 cum
1339 999 1431 1087 aliquo
1454 1002 1501 1065 ino

380 1112 481 1177 modo
510 1132 571 1175 suo
605 1110 764 1197 religione
800 1130 965 1175 summum
1002 1108 1185 1195 implicaret
1219 1108 1393 1193 imperium,
1424 1106 1501 1171 silent

383 1220 461 1306 egit,
484 1238 502 1279 e
525 1217 732 1303 uestigioque
749 1217 841 1282 iilius
866 1220 937 1281 eius
963 1217 1074 1281 subita
1096 1218 1128 1280 ui
1155 1214 1261 1280 morbi
1284 1226 1434 1301 correptus
1454 1217 1501 1278 int<

382 1325 459 1411 Ipse
489 1324 588 1387 etiam
615 1344 673 1409 per
702 1324 843 1409 quietem
872 1325 913 1389 ab
949 1324 1065 1387 codem
1103 1324 1165 1387 deo
1196 1325 1404 1409 interrogatus
1436 1344 1501 1386 ant

383 1452 542 1519 magnam
565 1450 707 1515 poenam
731 1430 874 1517 neglecti
895 1432 1025 1517 imperii
1048 1431 1100 1495 sui
1123 1429 1348 1516 pependisset,
1373 1431 1404 1492 in
1423 1450 1501 1515 propt

384 1558 619 1624 perseuerans,
649 1535 812 1602 debilitate
837 1538 984 1623 corporis
1009 1537 1135 1600 solutus
1159 1548 1226 1610 est,
1258 1559 1296 1601 ac
1322 1546 1381 1601 tum
1403 1536 1501 1600 demur

385 1645 523 1710 consilio
553 1650 733 1711 amicorum
759 1644 912 1709 lecticula
942 1642 986 1707 ad
1020 1642 1162 1707 tribunal
1195 1642 1361 1707 consulum
1392 1656 1420 1707 et
1442 1632 1501 1706 isidi

385 1763 535 1817 senatum
559 1753 715 1839 perlatus,
738 1752 853 1818 ordine
877 1751 973 1814 totius
999 1771 1098 1813 casus
1123 1750 1174 1813 sui
1199 1751 1354 1835 exposito,
1379 1771 1494 1841 magna

386 1862 532 1927 omnium
563 1862 779 1927 admiratione
807 1868 1001 1943 recuperata
1036 1854 1257 1921 membrorrun
1292 1858 1432 1921 firmitate
1458 1878 1501 1943 pe<

387 1966 520 2033 domum
542 1944 647 2031 rediit.

344 2074 375 2142 5.
474 2074 523 2137 Ac
546 2095 588 2138 ne
610 2074 690 2137 iilud
714 2072 844 2159 quidem
867 2068 1101 2138 inuoluendum
1118 2068 1258 2133 silentio.
1299 2068 1497 2135 inimicorum

387 2180 564 2266 spiratione
588 2181 667 2243 urbe
689 2180 804 2265 pulsus
827 2178 873 2241 M.
898 2179 1031 2254 Cicero,
1064 2201 1136 2244 cum
1169 2180 1202 2242 in
1229 2176 1307 2241 uilla
1334 2176 1501 2263 quadam‹

386 2285 529 2351 Atinatis
542 2286 779 2359 deuersaretur,
803 2289 833 2350 is
858 2288 967 2351 animo
991 2288 1025 2351 in
1050 2307 1201 2363 somnum
1225 2284 1358 2371 profuso
1374 2268 1431 2371 per
1452 2282 1501 2347 loc

388 2403 477 2458 serta
512 2404 544 2456 et
575 2395 684 2458 inuias
720 2393 876 2479 regiones
914 2394 1050 2479 uaganti
1083 2394 1146 2457 sibi
1175 2393 1211 2459 O.
1236 2392 1387 2465 Marium,
1419 2412 1501 2456 cons

388 2512 539 2565 ornatum
561 2500 758 2586 insignibus,
786 2502 911 2584 putauit
935 2499 1066 2563 obuium
1089 2500 1227 2573 factum,
1256 2500 1501 2586 interrogantem

390 2606 469 2693 quid
490 2607 537 2670 ita
559 2616 625 2669 tam
649 2607 732 2669 tristi
754 2605 845 2669 uultu
868 2608 991 2671 incerto
1016 2608 1130 2671 itinere
1154 2606 1300 2671 ferretur.
1348 2604 1469 2669 Audito
1494 2628 1501 2667 t

389 2736 481 2787 casu,
513 2735 576 2799 quo
600 2713 857 2787 conflictabatur,
888 2711 1167 2799 conprehendisse
1192 2715 1359 2779 dexteram
1384 2734 1482 2778 suam

389 2800 536 2908 proximo
571 2819 675 2885 lictori
709 2821 742 2883 in
776 2832 1023 2884 monumentum
1065 2821 1169 2908 ipsius
1206 2822 1391 2886 ducendum
1427 2820 1499 2884 trad

390 2927 477 3016 quod
501 2927 623 2991 diceret
644 2927 690 2990 ibi
713 2947 789 2991 esse
814 2928 844 2991 ci
867 2927 1034 2992 laetiorem
1059 2939 1163 2993 status
1188 2951 1282 3015 spem
1304 2930 1501 3016 repositam.

390 3035 482 3100 aliter
506 3033 628 3107 euenit3
653 3035 789 3097 namin
812 3034 893 3100 aede
916 3033 1005 3099 louis
1029 3035 1182 3100 Mariana
1206 3046 1341 3100 senatus
1368 3035 1501 3100 consult

389 3141 495 3205 reditu
519 3141 589 3204 eius
614 3141 819 3204 estfactum.

392 3350 416 3404 i.
435 3353 539 3404 consuli
557 3351 650 3405 CDE.
662 3351 712 3420 114.
731 3355 834 3405 modice
853 3353 888 3406 E.
904 3351 955 3424 116.
975 3357 1033 3406 cius
1051 3371 1100 3407 om.
1109 3371 1154 3424 pr.
1164 3356 1201 3408 D.
1213 3357 1226 3424 ΙΙ
1239 3321 1384 3422 corruptus
1402 3371 1450 3425 pr.
1465 3354 1497 3407 A.

390 3421 488 3493 unt.
507 3442 567 3475 cum
584 3423 621 3477 D.
636 3424 648 3496 ll
666 3424 706 3476 10.
732 3427 825 3477 lectica
843 3423 998 3477 BGEPar.
1021 3423 1096 3478 Torr.
1115 3429 1128 3496 ΙΙ
1150 3425 1188 3480 ll.
1212 3430 1237 3492 S.
1256 3425 1281 3480 5.
1301 3443 1352 3479 om.
1374 3425 1408 3480 Γ.
1422 3428 1436 3496 ii
1451 3429 1488 3477 rit

390 3494 601 3617 Altinatisoiitijp.
612 3494 626 3562 ΙΙ
638 3498 794 3547 deuersaret
811 3493 934 3548 ABCE.
954 3499 1134 3549 diuersarctur
1152 3497 1188 3550 D.
1206 3497 1219 3565 ΙΙ
1238 3501 1262 3549 is
1287 3514 1337 3550 om.
1358 3497 1399 3550 D.
1413 3500 1428 3568 Η
1442 3515 1501 3549 som

401 3565 415 3633 ii
427 3564 497 3634 ioca]
600 3569 708 3619 diuersa
725 3566 762 3618 D.
775 3567 787 3634 ΙΙ
803 3563 842 3618 18.
863 3568 972 3634 iactum]
993 3565 1054 3618 add.
1074 3573 1101 3620 et
1121 3567 1197 3622 Torr.
1210 3568 1222 3636 ΙΙ
1237 3568 1276 3624 iil.
1296 3573 1353 3621 tam
1375 3585 1430 3622 om.
1445 3569 1501 3630 D.i

391 3653 409 3686 a
429 3635 458 3689 0.
472 3635 484 3704 ΙΙ
498 3634 541 3688 tt.
561 3639 743 3690 deducendum
765 3635 841 3688 Torr.
853 3633 921 3706 1122.
944 3641 969 3688 ci
986 3655 1035 3691 orn.
1055 3637 1113 3706 ΕΗ
1125 3637 1167 3692 2³.
1187 3643 1298 3693 caedem
1313 3657 1363 3710 pr.
1385 3641 1419 3693 A.
1443 3645 1501 3693 aed

391 3705 422 3758 A.
435 3708 448 3776 ΙΙ
460 3709 571 3758 senatus
584 3710 743 3776 consultum]
765 3706 874 3760 sicutB.
886 3706 954 3777 1124.
968 3713 1010 3760 cst
1025 3714 1083 3762 eius
1096 3710 1150 3762 ΑΒ
1160 3710 1187 3764 C.

895 3835 1107 3847 ———.—

391 3902 491 3952 Valerii
510 3902 634 3953 editores.
671 3904 740 3953 Nam
758 3904 836 3964 Liuii,
857 3907 964 3964 Valerii,
984 3908 1114 3974 Dionysii,
1128 3908 1262 3958 Plutarchi
1276 3910 1427 3960 codicibus
1450 3916 1501 3974 opt

391 3973 468 4022 nobis
487 3973 566 4021 datur
583 3974 651 4022 inter
663 3973 695 4025 Τ.
708 3975 841 4025 Latinium
861 3980 888 4026 et
906 3978 936 4028 Τ.
951 3979 1083 4031 Latinum.
1120 3979 1250 4044 Equidem
1268 3981 1342 4030 hano
1364 3983 1499 4031 formam

392 4041 575 4092 confirmatam
592 4044 697 4092 Paridis
716 4046 774 4096 cod.
795 4048 935 4108 Vaticano,
955 4049 1022 4099 Liuii
1040 4051 1275 4114 praestantissimo
1301 4053 1372 4103 cod..
1398 4055 1501 4102 Medic

392 4114 491 4163 siensis
524 4110 637 4167 Latino.
667 4117 716 4163 sed
739 4115 766 4163 in
798 4121 920 4186 margine
944 4117 1083 4181 Lacinio).
1114 4123 1214 4186 aliquot
1238 4123 1367 4188 Dionysii
1397 4125 1499 4176 libris.

392 4185 462 4249 quod
480 4185 526 4233 aiii
545 4199 649 4249 quoque
667 4185 764 4234 Latinii
781 4190 838 4236 noti
856 4193 950 4240 sunta
964 4191 1049 4242 'l'aciti
1068 4207 1130 4244 ann.
1145 4193 1177 4250 li,
1197 4187 1239 4244 66,
1267 4195 1323 4252 1111,
1347 4189 1398 4246 68.
1432 4195 1485 4252 Vi,

392 4255 463 4320 quod
485 4256 571 4304 sciam
593 4255 706 4304 Latinus
730 4261 837 4319 praeter
853 4259 1026 4330 Aboriginum
1051 4279 1153 4332 regem.
1200 4264 1377 4315 Praenomen
1408 4265 1470 4314 Titi

392 4327 468 4376 codd.
487 4328 596 4390 propter
613 4328 780 4389 praecedens
799 4334 810 4379 t
827 4333 957 4382 omissum
976 4336 1100 4398 suppleui
1118 4351 1134 4385 e
1153 4335 1257 4384 Paridis
1276 4337 1421 4400 epitoma.

462 4391 488 4448 5.
509 4397 547 4447 Cf.
569 4398 622 4448 Cic.
642 4399 675 4446 de
695 4396 848 4461 diu.1,28,
868 4398 913 4454 59.

461 4465 491 4517 s'a
506 4464 572 4518 aede
589 4465 663 4518 dosis
680 4466 818 4533 Mariana)
852 4473 963 4524 Fallitur
981 4475 1120 4536 Valerius,
1146 4478 1216 4544 quod
1240 4479 1340 4528 aedem
1361 4479 1453 4530 Iouis
1476 4497 1499 4543 p

392 4541 451 4589 erat
467 4538 583 4590 Honoris
602 4540 629 4589 et
646 4541 763 4591 Virtutis.
801 4545 895 4609 Neque
913 4548 985 4596 enim
1003 4548 1090 4598 solum
1107 4551 1265 4600 Marceiium
1283 4551 1460 4600 coniunctis
1483 4553 1501 4600 h

392 4609 542 4658 nnmim'bus
561 4611 689 4673 templum
708 4613 870 4664 aedificasse
889 4616 920 4679 (Ι,
943 4614 965 4672 l,
985 4615 1025 4682 8.)
1045 4635 1135 4670 {rernm
1156 4622 1236 4670 ctiam
1255 4622 1283 4673 C.
1304 4622 1447 4671 Marium
1472 4624 1501 4687 (i

391 4671 418 4735 ἵ,
439 4673 450 4728 l
472 4681 499 4729 et
516 4681 601 4742 praef.
620 4682 666 4733 lib.
687 4682 756 4746 vn),
775 4686 802 4734 et
820 4686 846 4734 in
864 4686 917 4737 iilis
936 4688 1066 4740 Marianis
1084 4691 1262 4743 monumentis
1281 4693 1414 4743 senatus
1440 4709 1501 4743 con

392 4748 479 4798 reditu
490 4749 625 4804 ciceronis
644 4765 709 4804 esse
727 4755 827 4809 tactum
844 4757 905 4808 luce
923 4759 1022 4811 clarius
1042 4763 1135 4815 contra
1147 4763 1315 4816 Piranesium
1330 4763 1364 4814 et
1379 4763 1501 4816 Sachsi
