3409 5400
324 507 392 574 eso
413 498 637 588 Qvnnrvu
646 482 1504 568 uorsurvusrrrnuaurvuuamous.

324 665 440 748 Fertur
461 663 612 752 quidam,
641 683 719 730 eum
745 661 922 728 admodum
952 677 1053 726 senex
1079 657 1207 746 primae
1235 657 1411 725 contioni
1447 647 1580 718 Periclis

326 770 561 838 adulescentuli
582 771 764 864 interesset
777 767 930 856 idemque
953 767 1083 832 iuuenis
1106 765 1319 832 Pisistratum
1359 760 1574 845 decrepitum

323 879 391 942 iam
406 878 647 944 contionantem
664 877 821 953 audisset,
841 895 909 940 non
936 885 1139 962 temperasse
1154 873 1219 940 sibi
1234 893 1298 960 quo
1315 871 1460 938 minus
1478 863 1571 930 exele·

324 995 429 1050 maret
440 985 551 1050 caueri
562 983 942 1068 illum'eiuemoportere,
955 981 1042 1068 quod
1055 981 1220 1046 Pisistrati
1226 979 1386 1044 orationi
1401 972 1567 1043 simutima

323 1094 396 1157 eius
414 1101 510 1156 ‘esset
525 1091 638 1158 oratio.
683 1088 753 1156 Nee
767 1087 936 1154 hominem
952 1098 1008 1153 aut
1026 1087 1208 1166 aestimatio
1224 1084 1339 1172 eloqui
1356 1094 1432 1148 aut
1447 1089 1577 1146 rnormt

325 1198 498 1286 augurium
520 1195 641 1263 fefellit.
696 1194 784 1277 Quid
815 1196 904 1260 enim
926 1196 1010 1260 inter
1032 1193 1241 1258 Pisistratum
1269 1202 1302 1255 et
1326 1188 1506 1256 Periclen
1525 1188 1561 1248 iu·

324 1304 441 1376 terlhit,
465 1303 530 1367 nisi
552 1301 641 1388 quod
655 1299 711 1366 ille
727 1312 885 1376 armatus,
907 1299 961 1366 hio
984 1301 1056 1365 sine
1073 1301 1174 1366 armis
1190 1297 1416 1385 tyrannidem
1436 1289 1559 1383 gessit?

284 1409 316 1473 3.
413 1409 580 1491 Quantum
610 1407 798 1495 eloquentia
824 1407 972 1474 ualuisse
1000 1405 1171 1495 Hegesian
1193 1403 1429 1490 Cyrenaicum
1465 1399 1558 1487 philo

323 1515 465 1604 sophum
489 1512 709 1582 arbitramur?
731 1517 788 1602 qui
803 1515 851 1579 sie
865 1512 955 1578 mala
969 1515 1060 1578 uitae
1079 1509 1367 1599 repraesentabat,
1394 1521 1554 1573 uteorum
1588 1497 1589 1501 ’

323 1623 513 1688 miseranda
534 1622 680 1707 imagine
703 1621 902 1686 audientium
926 1614 1114 1704 pectoribus
1143 1621 1267 1700 inserta
1294 1617 1422 1682 multis
1449 1612 1589 1679 noim-r

323 1731 426 1794 tariaa
446 1729 560 1793 mortis
584 1727 789 1812 obpetendae
800 1717 1010 1813 cupiditatem
1025 1729 1245 1814 ingeneraret,
1266 1723 1426 1810 ideoque
1452 1739 1552 1805 arege
1585 1718 1587 1787 j

323 1835 512 1902 Ptolemaeo
536 1833 670 1898 ulterius
692 1831 756 1897 hae
780 1833 821 1897 de
844 1847 880 1898 re
904 1834 1068 1900 disserere
1090 1829 1272 1919 prohibitus
1297 1841 1360 1894 est.
1586 1824 1587 1835 ’

1495 2233 1603 2309 ,κ’

323 2487 546 2572 uvaurvn
579 2485 838 2558 Mouuurvu
876 2485 944 2556 s1r
980 2487 1029 2560 ru
1062 2481 1464 2556 rsouvuulnons
1494 2481 1539 2553 nr
1581 2487 1582 2495 ¹

666 2594 785 2667 arro
814 2593 942 2662 uorv
972 2593 1202 2664 conponis
1244 2583 1265 2682 ⁶,

268 2796 310 2865 X.
408 2793 624 2880 Eloquentiae
647 2802 757 2858 autem
773 2802 967 2860 ornamenta
981 2794 1014 2858 in
1030 2794 1292 2880 pronuntiatione
1316 2801 1397 2879 apta
1416 2804 1449 2856 et
1469 2804 1553 2857 con-u

321 2899 471 2963 ueniente
498 2908 589 2963 motu
619 2898 767 2986 eorporis
796 2886 988 2967 consistunt.
1047 2896 1175 2981 Quibus
1210 2900 1284 2968 eum
1318 2921 1357 2965 se
1384 2898 1531 2967 instrrnit

320 3004 422 3068 tribus
444 3003 553 3068 modis
575 3003 729 3070 homines
752 3000 954 3093 adgreditur,
978 3007 1107 3075 animos
1124 3028 1236 3072 eorum
1252 3008 1328 3093 ipsa
1343 3004 1530 3072 inundando,

319 3106 437 3175 horum
461 3108 552 3177 alteri
575 3132 682 3189 eures,
706 3110 799 3177 alteri
821 3111 936 3179 oeulos
959 3112 1212 3199 permulcendos
1235 3112 1407 3179 tradendo.

279 3228 308 3295 1,
408 3216 478 3282 Sed
506 3227 542 3282 ut
567 3219 729 3305 propositi
755 3218 839 3283 tides
868 3219 902 3283 in
937 3221 1088 3307 personis
1122 3220 1311 3286 inlustribus
1340 3216 1527 3289 exhibeatur,

320 3324 356 3393 0.
381 3322 570 3403 Gracchus,
597 3323 802 3412 eloquentiae
831 3344 931 3412 quam
960 3326 1121 3413 propositi
1148 3324 1302 3393 felicioris
1331 3322 1549 3395 ardesceret

320 3573 344 3629 i.
362 3580 425 3628 dum
442 3572 629 3643 liupuldus
645 3590 689 3645 pr.
706 3574 738 3630 A.
757 3575 770 3644 ΙΙ
789 3575 815 3629 2
833 3579 887 3627 tarn
907 3578 1070 3643 dmmpttum
1091 3573 1167 3628 Torr.
1183 3573 1198 3643 11
1214 3570 1239 3628 3.
1258 3577 1411 3640 temperare
1428 3572 1456 3627 Γ.
1472 3574 1523 3641 llat-

317 3649 370 3699 mla
388 3647 419 3701 0.
437 3645 450 3717 ΙΙ
467 3646 495 3699 4.
513 3664 593 3699 muer
612 3662 659 3716 pr·
679 3645 709 3702 A.
733 3662 831 3699 nauem
848 3645 881 3702 Γ.
901 3646 915 3715 ΙΙ
934 3650 1019 3700 oioorn
1043 3650 1117 3699 illum
1132 3644 1167 3700 1¹¹.
1182 3642 1238 3715 115.
1257 3648 1332 3699 esset
1355 3648 1414 3697 uus
1430 3644 1464 3699 D.
1480 3646 1523 3713 lla

318 3721 471 3771 aetimatio
490 3717 520 3772 0.
540 3720 554 3788 ΙΙ
568 3715 595 3772 ll.
612 3719 740 3783 periclem
757 3716 933 3771 nultum.
952 3722 965 3787 ΙΙ
983 3718 1111 3785 interluit]
1135 3720 1206 3770 iuter
1221 3731 1267 3785 pt.
1284 3715 1317 3769 Δ.
1338 3718 1449 3768 interest
1462 3715 1490 3769 D
1504 3720 1524 3766 al

318 3802 389 3843 oon.
400 3788 433 3842 Δ.
446 3788 460 3861 ΙΙ
474 3789 500 3843 7.
509 3790 563 3856 hle}
576 3792 628 3841 ute
639 3787 668 3844 F.
682 3786 695 3861 ΙΙ
708 3788 734 3842 8.
747 3793 855 3851 Quanta
866 3787 899 3842 Γ.
912 3790 924 3857 ΙΙ
938 3791 1080 3859 hegesiam
1093 3786 1296 3842 onerum.
1312 3790 1455 3857 hagerysn
1465 3786 1494 3841 Γ.
1503 3786 1514 3853 ll

319 3860 476 3914 cirenem
495 3859 531 3914 Ε.
546 3860 562 3928 ll
576 3857 601 3911 9.
620 3861 703 3927 ultae}
728 3858 792 3913 add·
809 3860 890 3912 buius
907 3860 946 3925 Ε.
958 3859 977 3982 lp
992 3858 1032 3915 to.
1050 3860 1217 3911 uoluntarhe
1238 3872 1288 3912 on.
1305 3856 1337 3911 F.
1361 3860 1522 3911 solmeria

318 3938 389 3981 corr.
407 3927 439 3983 A.
457 3932 472 3998 ΙΙ
489 3930 530 3982 11.
555 3934 724 3994 oppetendae
745 3930 800 3991 (Δ.)
822 3934 859 3986 ol>
881 3934 961 3996 poten
980 3946 1013 3983 ae
1038 3929 1068 3985 c.
1092 3932 1260 3995 appetendae
1282 3926 1381 3981 ΒΕΓ.
1404 3932 1522 3995 optandae

318 4002 378 4048 ante
395 4003 488 4051 mortis
506 3998 536 4052 F.
550 3996 563 4067 ΙΙ
579 3998 619 4053 12.
632 4003 766 4066 ptolomeo
784 3999 942 4055 ACDEF.
963 4003 1117 4066 ptholomeo
1129 3999 1160 4053 Γ.
1172 4000 1186 4068 ΙΙ
1201 3998 1241 4053 13.
1259 4001 1305 4050 llll
1324 4000 1522 4052 Puonvurts-

317 4069 424 4120 Tiona
442 4071 488 4121 ΕΤ
506 4070 600 4120 APTO
618 4073 719 4125 Merv
736 4072 908 4124 CORPORlS
926 4070 1003 4125 lura
1022 4073 1062 4124 lie
1080 4074 1214 4123 momentu
1230 4072 1258 4121 lu
1277 4072 1486 4134 pronuntiatione
1501 4074 1520 4121 et
1602 4081 1603 4107 l

317 4144 381 4207 apto
399 4146 449 4196 ee.
467 4139 504 4195 u.
522 4141 722 4207 mespsonem
741 4156 792 4195 on.
810 4141 874 4195 rar.
886 4143 1072 4211 lluvurvnr
1087 4156 1131 4211 pr.
1146 4141 1182 4194 Α.
1193 4140 1207 4208 ιι
1227 4138 1377 4194 tt.=arrv
1395 4140 1451 4194 Aa
1471 4148 1521 4191 sao

316 4211 374 4280 llll
387 4209 429 4268 Ιῧ.
447 4212 613 4264 oonuenieuti
631 4210 721 4265 Dur
737 4218 762 4262 et
784 4227 854 4265 corr.
872 4212 910 4272 Δ,
935 4211 1012 4267 lbrr.
1029 4211 1044 4281 ΙΙ
1064 4211 1105 4267 111.
1130 4213 1214 4279 motu}
1240 4209 1302 4265 add.
1326 4214 1380 4276 apti
1397 4210 1428 4265 F.
1442 4212 1455 4279 ll
1470 4228 1521 4263 son·

315 4286 415 4338 sletant
430 4282 463 4339 li.
474 4283 654 4354 “instruxerit
669 4279 740 4335 DE.
751 4283 765 4349 ΙΙ
779 4280 820 4335 11.
836 4285 981 4336 inuldsndo
994 4299 1040 4352 pr.
1057 4283 1090 4337 A.
1102 4282 1116 4352 ΙΙ
1129 4280 1171 4335 tt.
1189 4284 1267 4335 osuio
1284 4296 1331 4351 pr.
1348 4280 1377 4335 0.
1391 4281 1405 4350 ΙΙ
1421 4284 1520 4348 petrau·

316 4359 401 4409 sendo
419 4355 449 4411 F.
459 4356 474 4426 ΙΙ
484 4355 614 4407 tradendo
631 4368 682 4408 orn.
699 4350 732 4406 F.
743 4350 757 4421 ΙΙ
768 4349 813 4404 20.
831 4356 981 4423 Gracchus]
1000 4352 1065 4409 add.
1082 4358 1138 4409 tem
1155 4368 1227 4409 eom
1243 4352 1282 4407 D.

386 4584 413 4642 3.
431 4588 471 4642 Cf.
489 4588 543 4642 clo.
561 4587 643 4638 Tuae.
659 4584 680 4647 1,
698 4581 742 4647 114,
761 4580 805 4639 83.

385 4658 422 4716 X,
443 4656 465 4711 1.
483 4660 523 4711 Ol.
535 4660 595 4709 eta
614 4660 648 4714 de
666 4673 705 4712 or.
721 4656 767 4720 lli,
785 4652 830 4719 bt),
846 4653 910 4711 225.
934 4658 1021 4722 Quint.
1038 4658 1059 4720 l,
1080 4655 1122 4720 10,
1141 4656 1184 4713 27.
1209 4657 1277 4713 Plul.
1296 4658 1330 4709 de
1348 4658 1478 4713 sobthim
1493 4654 1514 4707 t.

317 4722 348 4778 A.
366 4726 434 4775 (tell.
452 4726 472 4785 1,
491 4724 534 4789 11,
555 4725 596 4790 ll),
615 4730 669 4784 alii.
