3409 5400
647 485 731 556 me.
754 492 795 569 11,
819 496 856 561 0.
881 502 965 579 111.
992 505 1021 570 l.
1385 524 1450 593 227

218 644 287 705 est,
321 656 407 720 opus
444 640 564 708 effectu
599 668 658 732 par
691 652 815 719 bellicis
849 656 1011 729 laudibus.
1075 670 1163 750 Quid
1194 678 1280 741 enirn
1314 683 1449 765 prodest

215 736 302 801 foris
327 762 404 806 csse
427 758 610 827 strenuum,
635 756 664 817 si
688 756 777 823 domi
806 764 891 828 male
921 772 1064 835 uiuitur‘.>
1110 776 1347 867 Expugnentur
1367 788 1449 855 *licet

218 844 332 921 urbes,
356 853 571 937 corripiantur·
593 875 720 945 gentes,
748 873 860 956 regnis
885 890 1003 941 manus
1027 880 1210 959 iniciuntur,
1234 890 1299 953 nisi
1320 894 1392 957 fero
1417 908 1448 959 et

215 951 332 1017 curiae
355 955 502 1025 officium
532 986 572 1026 ac
601 973 800 1036 uerecundia
827 999 890 1047 sua
919 987 1115 1061 constiterit,
1144 1003 1308 1074 partarum
1337 1022 1446 1067 rerum

185 1057 310 1121 scaelo
335 1063 483 1129 cumtdus
508 1084 668 1156 aequatus
692 1079 806 1145 sedem
830 1084 980 1152 stabilem
1006 1112 1076 1156 -nou
1104 1092 1246 1161 habebit.
1292 1102 1345 1165 Ad
1374 1126 1445 1173 rem

211 1161 316 1247 igitur
344 1171 483 1250 pertinet
515 1196 616 1241 nosse
643 1194 741 1268 atque
774 1189 858 1255 adeo
889 1196 1055 1260 recordari
1080 1210 1154 1265 acta
1185 1210 1355 1271 censoriae
1384 1234 1442 1296 po·

211 1273 355 1335 testatis.
906 1340 907 1343 η
1252 1316 1255 1320 ’

306 1378 462 1447 Camillus
491 1397 523 1449 et
545 1386 741 1458 Postumius
762 1422 918 1466 censores
955 1426 1033 1471 aera
1063 1392 1190 1496 poenae
1213 1419 1345 1485 nomine
1371 1422 1468 1502 eos,l

209 1482 270 1567 qui
298 1482 340 1547 ad
370 1502 571 1557 senectutem
600 1498 742 1565 caelibes
777 1524 1012 1591 peruenerant,
1047 1517 1080 1579 in
1116 1524 1277 1587 aerarium
1313 1526 1438 1593 deferre

166 1589 389 1666 roiusserunt,
412 1596 527 1661 iterum
549 1604 657 1684 puniri
681 1607 813 1695 dignes,
837 1616 867 1677 si
892 1638 956 1701 quo
974 1620 1072 1685 modo
1096 1622 1136 1685 de
1161 1636 1226 1690 tam
1250 1631 1336 1695 iusta
1359 1656 1436 1698 con·

205 1696 378 1761 stitutione
403 1706 495 1786 queri
523 1720 598 1769 sunt
621 1714 707 1785 ausi,
739 1736 812 1781 cum
842 1714 992 1788 inlruirc
1021 1726 1154 1793 modum
1181 1730 1436 1820 increparentur,

204 1800 349 1868 ‘Natura
363 1806 459 1871 uobis
478 1814 752 1897 quemadmodum
769 1828 940 1903 nascendi,
952 1832 997 1894 ita
1014 1835 1172 1923 gignendi
1187 1838 1297 1925 legem
1313 1844 1434 1919 scribit,

203 1922 428 1998 parentesque
460 1938 521 1982 uos
549 1918 668 1986 alendo
696 1941 851 2012 nepotum
882 1938 1127 2005 nutriendorum
1152 1942 1276 2020 debito,
1306 1950 1434 2034 siquis

204 2024 260 2075 est
280 2016 397 2105 pudor,
421 2020 645 2109 alligauerun‘t.
682 2031 819 2099 Accedit
840 2036 893 2103 his
913 2041 1000 2126 quod
1025 2046 1122 2109 etiam
1146 2049 1276 2114 fortuna
1298 2051 1433 2151 longum

164 2136 192 2179 rs
204 2125 398 2204 praestandi
425 2124 563 2194 huiusce
591 2138 736 2203 muneris
767 2142 1129 2227 aduocationemestis
1162 2153 1323 2231 adsecuti,
1359 2181 1434 2224 cum

203 2216 334 2292 interim
363 2238 549 2321 consumpti
578 2253 655 2304 sunt
685 2247 762 2308 anni
786 2251 901 2324 uestri,
933 2264 964 2312 ct
986 2256 1093 2317 mariti
1118 2266 1149 2317 et
1172 2260 1273 2341 putris
1298 2264 1431 2326 nomine

712 2352 924 2365 -——.—.....

206 2365 231 2419 1.
248 2372 391 2423 imbelliois
403 2389 473 2427 corr.
487 2375 519 2428 A.
530 2377 544 2444 ΙΙ
555 2374 581 2431 3.
594 2382 743 2435 inliciuntur
755 2404 850 2439 munus
867 2389 942 2441 Torr.
955 2390 1004 2459 114.
1017 2398 1171 2458 paraturum
1188 2396 1222 2449 E.
1235 2398 1248 2465 Η
1259 2394 1284 2453 5.
1298 2406 1430 2469 aequatus

204 2442 282 2490 coetu
300 2448 423 2495 cumulus
440 2446 571 2508 (llYorr.
584 2451 597 2520 Η
610 2449 636 2506 6,
655 2456 715 2506 ideo
735 2471 805 2507 corr.
823 2458 855 2510 A.
875 2460 888 2526 ll
906 2458 930 2511 8.
951 2478 1014 2513 aera
1034 2482 1139 2528 poenae
1159 2470 1274 2535 nomine]
1289 2477 1354 2538 port
1370 2489 1429 2537 per·

205 2516 335 2563 innuerunt
347 2513 379 2568 Γ.
390 2515 405 2581 Η
416 2512 440 2568 e.
450 2527 629 2581 peruenerunt
637 2524 727 2592 Pan-lt
741 2525 783 2579 ΙΙ.
796 2532 868 2596 sunt]
881 2537 973 2582 essent
984 2533 1014 2586 Γ.
1030 2537 1041 2602 ΙΙ
1060 2534 1099 2588 tu.
1111 2540 1188 2587 nobis
1194 2554 1239 2605 pr.
1250 2537 1283 2590 B.
1295 2542 1308 2609 11
1319 2546 1395 2593 nasci
1405 2540 1430 2595 Β

202 2587 231 2630 et
235 2581 315 2648 μηδ’.
327 2584 341 2650 Η
355 2583 395 2638 13.
407 2586 499 2639 nosD.
512 2591 525 2657 Η
536 2595 732 2645 nutriendorum
743 2604 868 2663 nepotum
878 2601 909 2653 Γ.
924 2598 937 2666 Η
952 2602 989 2655 rt.
1000 2608 1187 2675 nltegauerunt
1195 2608 1226 2665 A.
1242 2608 1254 2677 Η
1269 2616 1346 2663 etiam
1358 2618 1429 2677 quod

201 2650 236 2704 Β.
248 2653 262 2721 ΙΙ
278 2651 316 2708 lb.
328 2658 406 2708 buius
421 2657 458 2710 D.
468 2661 618 2714 hriiuumodi
631 2664 666 2718 E.
676 2667 690 2735 Η
704 2672 870 2722 runcationem
882 2672 908 2725 Ε
918 2681 945 2727 et
955 2690 1024 2730 eurr.
1038 2675 1066 2729 C.
1081 2676 1092 2747 ll
1111 2674 1151 2730 lb.
1162 2682 1214 2730 siut
1229 2678 1343 2736 ABCD
1351 2682 1428 2753 Toer.

709 2759 922 2776 Ἢ

201 2778 345 2830 cestrensis
369 2779 742 2850 erepturarenaciutmum
766 2794 911 2859 uinculum,
944 2804 1114 2865 oppositurus
1139 2807 1163 2861 ei
1188 2809 1265 2869 pacis
1288 2812 1426 2863 custodem

201 2851 424 2919 magistrumque,
444 2860 785 2918 censoriumseueritutem.
823 2873 947 2922 Ceterum
966 2875 1070 2936 copula,
1091 2891 1171 2939 qutmr
1184 2893 1235 2928 nos
1252 2881 1424 2940 seclusimus,

201 2921 294 2968 nescio
314 2927 402 2974 utrum
419 2941 485 2976 casu
504 2944 539 2977 un
559 2934 670 2982 consilio
689 2937 791 2986 omissu
809 2942 921 3001 primum
942 2946 984 2992 est
1003 2946 1029 2994 in
1048 2947 1162 2996 editione
1181 2949 1335 3012 liipontina,
1356 2955 1426 3004 unde

200 3004 256 3038 nou
274 2996 417 3056 comparet,
428 3000 499 3060 apud
521 2999 703 3053 lleltreehtum
727 3010 754 3055 ct
771 3009 898 3070 llusiurn,
924 3017 1088 3078 quippequi
1108 3019 1189 3068 tacite
1212 3021 1290 3072 huius
1310 3024 1426 3088 exempli

199 3060 316 3110 formam
335 3069 498 3117 recuderunt.

275 3130 298 3183 l.
317 3135 355 3186 Gt.
372 3137 440 3190 Plut.
460 3141 532 3194 Cam.
551 3139 577 3192 2.
596 3144 670 3196 Paul.
690 3149 759 3199 diue.
778 3167 802 3199 u.
822 3156 942 3204 uxorium
962 3173 987 3218 p.
1007 3151 1059 3208 3111
1078 3159 1152 3211 Mirll.
1264 3221 1267 3227 ¹

272 3217 329 3253 cum
346 3204 452 3260 iuterim
468 3213 616 3279 consumpti
630 3223 699 3277 suut)
717 3219 808 3270 Inuitis
821 3227 927 3287 optimis
941 3228 1015 3276 libris
1028 3229 1197 3279 iruticatiuum
1211 3233 1322 3291 restitut,
1343 3250 1422 3298 quem

199 3273 326 3322 Valerius
345 3283 497 3343 constanter
516 3299 574 3332 cum
594 3290 730 3348 particulis
749 3292 923 3346 cumintert'm
942 3299 1084 3357 coniunxit,
1105 3303 1183 3350 etium
1204 3304 1249 3358 ubi
1266 3305 1422 3364 temporalis

199 3344 272 3394 uotio
292 3361 310 3394 a
328 3353 460 3400 sententia
477 3368 589 3415 prorsus
613 3358 702 3410 alienu
727 3365 777 3412 est.
819 3365 887 3416 Num
912 3369 936 3416 si
960 3383 1009 3431 per
1033 3384 1081 3418 cus
1105 3371 1249 3432 primariae
1274 3375 1422 3426 sententiae

198 3415 352 3482 &iungitur
374 3437 419 3469 1⁰⁵
444 3424 472 3471 iss
490 3426 561 3473 idem
579 3429 685 3490 tempus
709 3433 838 3488 incidens,
865 3443 958 3487 mnries
984 3441 1089 3488 omnino
1116 3442 1261 3502 scriptores
1279 3443 1421 3492 indicatiuu

197 3486 240 3533 usi
259 3492 329 3538 sunt.
350 3487 614 3562 (crsa11.1ng.ttt‚
633 3496 657 3548 4.
676 3502 711 3549 id.
726 3503 823 3568 fragm.
841 3502 903 3564 211),
926 3501 971 3562 ltu
992 3503 1053 3559 207.
1074 3505 1117 3556 27.
1137 3511 1189 3559 Cle.
1202 3511 1229 3558 iu
1247 3511 1300 3560 Pis.
1313 3507 1356 3568 38,
1376 3507 1420 3562 93.

198 3555 278 3608 Tusc.
298 3559 355 3615 1111,
373 3556 399 3615 3,
419 3558 444 3614 ll.
464 3565 523 3617 vu.
544 3567 599 3623 vll,
619 3565 644 3626 1,
663 3567 689 3621 5.
708 3573 826 3640 bloduig.
846 3591 960 3640 grumm.
980 3578 1011 3638 5.-
1024 3572 1098 3640 358.)
1135 3579 1184 3626 vbi
1206 3594 1269 3628 uero
1288 3583 1421 3650 sententie

196 3642 245 3689 per
263 3643 320 3678 curn
339 3629 443 3682 interim
461 3637 552 3686 additu
574 3640 612 3688 itu
635 3647 682 3690 nut
705 3647 875 3705 compurutur
898 3661 958 3694 curn
980 3645 1202 3709 praecedentibus
1227 3651 1272 3698 eut
1295 3655 1419 3716 opposita

196 3702 239 3746 est
256 3699 309 3749 illis
334 3707 363 3750 ut
386 3717 444 3754 curn
466 3703 570 3756 interim
593 3714 756 3774 respondent
778 3719 869 3763 nostro
893 3713 1019 3766 utilrrcnd
1035 3715 1173 3782 timeque.
1188 3719 1324 3772 -witluend
1341 3720 1417 3778 uoci.

196 3772 265 3831 apud
284 3773 449 3836 antiquiores
469 3779 815 3840 scriptoresconiunctione
834 3787 990 3848 plerumque
1010 3790 1127 3852 sequitur
1147 3791 1197 3854 (Cf.
1213 3792 1265 3843 Cic.
1285 3809 1333 3856 pro
1352 3797 1418 3848 Sull.

195 3835 222 3891 5.
243 3835 305 3902 lb),
324 3847 395 3906 apud
415 3850 577 3898 recentiores
596 3852 657 3902 inde
675 3856 710 3902 ub
721 3855 836 3922 Augusti
846 3861 941 3906 aetate
951 3861 1051 3907 tanturn
1065 3875 1117 3910 nun
1131 3875 1238 3926 semper
1250 3864 1417 3920 iudicatiuus.

195 3910 229 3958 Et
246 3911 463 3974 frequentissima
481 3921 587 3983 quidem
606 3923 684 3973 huius
704 3928 881 3988 oppositionis
907 3944 939 3978 eu
959 3930 1046 3978 torma
1069 3933 1124 3988 est,
1149 3934 1178 3982 ut
1201 3950 1270 3998 quae
1293 3951 1341 3998 per
1361 3953 1418 3989 cum

195 3978 298 4032 iuterim
316 3985 468 4037 inseruntur
486 3991 567 4057 longe
585 3993 640 4041 ulia
659 3998 790 4047 eccidisse
809 4000 898 4048 dicant
916 4002 995 4065 utque
1014 4007 1157 4064 expectare
1176 4007 1286 4068 poteras
1309 4013 1418 4072 propter

195 4054 372 4113 praemissam
392 4062 560 4110 sententium.
596 4065 636 4112 ltu
656 4066 777 4116 Valerius
802 4073 952 4134 composuit
975 4073 1018 4127 111,
1037 4069 1066 4128 4,.
1083 4070 1114 4130 5,
1140 4089 1196 4126 cem
1220 4076 1323 4128 interim
1343 4079 1417 4130 cuius

193 4123 250 4172 nitu
267 4123 447 4192 triumphauit,
467 4131 634 4200 morePupio
651 4134 706 4200 tcpe
721 4135 844 4189 damnata
864 4147 909 4191 est.
941 4140 1069 4200 1111,4,1,
1089 4159 1146 4194 cum
1164 4145 1269 4198 interim
1279 4148 1416 4214 suetorum

193 4189 260 4242 titud
277 4193 391 4248 cotum
407 4199 568 4264 patrimonio
587 4220 619 4254 ne
635 4203 673 4254 ud
686 4208 859 4274 exequiarum·
871 4209 973 4277 quidem
992 4212 1126 4280 inpensum
1137 4215 1283 4284 sufficiente
1295 4217 1416 4297 decessit.

195 4263 261 4319 t’ltt.
279 4263 299 4319 l.
312 4269 401 4319 absol.
409 4265 435 4328 3,
455 4269 540 4336 lpitur
557 4274 646 4325 uiator
664 4282 690 4326 et
707 4292 799 4328 carcer
817 4287 877 4332 ante
897 4282 985 4334 ocutos
997 4283 1212 4343 obversabantur,
1233 4303 1289 4337 cum
1309 4293 1414 4366 interum

194 4333 281 4385 orinia
296 4335 350 4388 istu
364 4340 500 4407 propitiae
510 4343 643 4408 fortunae
661 4346 805 4401 interuentu
824 4349 944 4418 dispulsa
962 4359 1028 4404 erint.
1059 4358 1117 4413 l'll,
1141 4353 1171 4412 8,
1191 4355 1216 4413 ti,
1236 4371 1292 4405 cum
1311 4362 1415 4406 euterun

192 4420 224 4455 rte
234 4421 326 4457 wmeu
337 4408 440 4476 quidem
452 4411 509 4464 εἰπε
521 4413 618 4468 tabulis
630 4419 776 4470 testamenti
787 4419 895 4476 adiecit.
912 4425 955 4474 uni
966 4426 1133 4498 iudicutiuurn
1148 4430 1274 4474 benorum
1288 4427 1415 4508 librorum

192 4492 353 4530 eonsensum
371 4486 481 4533 secutus
499 4490 632 4540 reuocant.
670 4493 720 4552 (Cf.
740 4493 826 4553 Quint.
845 4495 883 4548 11,
903 4496 964 4546 inst.
985 4513 1022 4546 or.
1046 4493 1091 4552 12,
1109 4493 1134 4546 2.
1163 4496 1310 4576 ⁸⁰l⁰⁰·.⁸“¹
1329 4496 1414 4548 Lucil·

191 4549 211 4599 1.
233 4545 267 4612 l.)
303 4552 333 4600 ln
357 4556 480 4604 omuibus
503 4558 551 4607 his·
571 4563 702 4624 exemplis
727 4563 805 4614 fucile
829 4565 1032 4616 animaduertes
1054 4581 1110 4616 curn
1134 4564 1236 4614 interim
1265 4567 1333 4614 idem
1358 4568 1416 4618 lere

193 4620 281 4672 ualere
300 4626 383 4685 utque
402 4630 427 4675 ct
444 4631 537 4678 tamen.
575 4633 649 4690 Quae
668 4634 736 4684 retio
755 4650 815 4684 curu
833 4637 914 4686 buius
926 4652 1031 4703 quoque
1048 4637 1098 4687 luci
1118 4635 1160 4694 stt,
1179 4637 1334 4688 necessario
1354 4639 1413 4694 reli·

191 4692 328 4758 quiscum
350 4700 562 4753 accomrnodaui.
772 4714 775 4720 “
1111 4731 1114 4738 ’

1157 4794 1221 4862 15*
