3409 5400
228 457 294 525 278
485 451 544 517 ba
567 450 639 517 HIS
664 447 743 534 QVI
765 446 925 515 HVMILI
948 444 1067 538 Loco
1089 442 1204 515 NATI.

186 616 219 685 4.
318 617 403 681 Miro
428 614 534 701 gradu
555 611 663 678 Varro
688 634 819 700 quoque
843 610 888 677 ad
911 609 1117 675 consulatum
1139 608 1331 675 macellaria
1351 608 1456 695 patris

231 727 366 794 taberna
390 720 590 787 conscendit.
640 720 681 785 Ilt
710 719 843 806 quidem
872 719 1004 783 fortuna
1031 737 1149 803 parum
1177 716 1265 779 duxit
1296 714 1457 781 sordidis·

231 837 335 901 simae
358 830 478 895 mercis
503 829 646 913 capturis
671 827 747 891 alito
772 826 947 890 duodecim
968 826 1080 889 fasces
1103 824 1233 911 largiri,
1263 824 1329 887 nisi
1358 824 1457 887 etiam

230 940 268 1007 1..
292 938 469 1003 Aemilium
492 934 633 999 Paulum
657 934 803 999 dedisset
826 932 999 1018 collegam.
1044 931 1152 1017 Atque
1180 932 1227 996 ita
1258 950 1295 993 se
1323 931 1356 993 in
1384 931 1456 994 eius

231 1050 341 1115 sinum
363 1043 481 1109 infudit
505 1054 547 1114 ut.
571 1064 646 1105 eum
669 1040 758 1127 apud
783 1039 917 1121 Cannas
942 1038 1038 1123 culpa
1061 1060 1123 1102 sua
1145 1039 1233 1101 uires
1257 1036 1369 1121 populi
1390 1036 1487 1101 Ro·a

231 1155 322 1221 mani
352 1149 574 1223 exhausisset,
610 1147 766 1223 Paulum,
798 1148 852 1233 qui
880 1146 1040 1232 proelium
1069 1145 1269 1209 committere
1298 1144 1458 1217 noluerat,

233 1261 384 1327 occidere
396 1266 569 1342 pateretur,
581 1254 671 1319 illum
684 1257 717 1319 in
731 1254 845 1319 urbem
852 1252 1050 1316 incolomem
1061 1252 1241 1320 reduceret.
1260 1249 1348 1330 Quia
1359 1253 1458 1315 etiam

234 1377 384 1433 senatum
409 1364 531 1451 gratias
556 1363 585 1425 ei
609 1372 775 1448 agentem,
801 1360 889 1447 quod
912 1358 1018 1422 redire
1041 1359 1218 1433 uoluisset,
1247 1369 1322 1421 ante
1344 1369 1458 1443 portas

234 1474 358 1548 eduxit,
396 1470 580 1557 extuditque
613 1479 648 1535 ut
677 1468 898 1554 grauissimae
931 1468 1034 1535 cladis
1064 1470 1187 1535 auctori
1215 1468 1375 1533 dictatura
1402 1464 1458 1528 de·

233 1584 380 1647 ferretur.
1469 1591 1498 1635 ro

192 1682 224 1755 5.
323 1686 399 1752 Non
419 1706 541 1770 paruus
559 1682 747 1747 consulatus
768 1684 866 1747 rubor
882 1682 927 1749 Μ.
945 1682 1129 1767 Perpenna,
1144 1694 1255 1768 utpote
1273 1684 1329 1769 qui
1344 1679 1460 1747 consul

743 1811 954 1822 μ

238 1868 262 1923 1.
282 1866 397 1935 quoque]
419 1869 477 1915 unte
495 1866 579 1932 gradu
601 1861 678 1915 Torr.
695 1862 742 1928 lta
767 1864 923 1913 macellaria
946 1858 982 1913 D.
1008 1877 1041 1912 ex
1065 1863 1220 1912 macellaria
1243 1857 1270 1913 Γ
1291 1866 1316 1911 et
1339 1874 1408 1913 corr.
1429 1858 1459 1918 C.

239 1940 316 1993 Tarr.
339 1936 375 1989 Vt
390 1950 438 1987 aar
451 1934 512 1987 Par.
536 1932 595 1985 Vid.
608 1932 644 1985 ad
655 1933 677 1993 1,
697 1932 722 1991 5,
739 1931 761 1985 l.
776 1939 788 2001 Η
802 1930 829 1987 2.
841 1934 1017 1984 tabernacula
1024 1947 1068 2000 pr.
1085 1930 1118 1983 B.
1129 1932 1188 2000 11111
1199 1932 1317 1997 quidem]
1337 1933 1459 1994 equidem

237 2005 519 2073 5555511555,
538 2003 586 2056 sed
604 2009 630 2055 ui
649 2005 676 2056 ta
694 2020 791 2057 rasura
809 2003 846 2056 D.
859 2004 872 2072 ΙΙ
883 1999 908 2056 3.
928 2005 1008 2054 salita
1025 2018 1069 2071 pr.
1086 2002 1119 2056 A.
1138 2006 1228 2055 sallito
1246 2018 1316 2055 corr.
1329 2001 1360 2055 A.
1380 2004 1460 2052 solito

237 2078 328 2134 Bon.
340 2079 353 2145 Η
365 2078 390 2132 4.
409 2094 444 2130 nr.
464 2078 579 2127 amilium
598 2072 694 2143 Ε.115.
713 2078 796 2127 intulit
811 2090 856 2144 pr.
874 2074 906 2126 A.
918 2076 931 2142 Η
943 2070 968 2125 o.
986 2078 1096 2139 paulum
1109 2078 1179 2140 quiq.
1193 2090 1236 2142 pr.
1250 2073 1280 2127 A.
1299 2075 1460 2138 paulumque

239 2155 283 2220 qui
301 2148 387 2203 BCE
405 2154 430 2200 et
442 2163 488 2217 pr.
505 2146 542 2202 D.
561 2150 669 2212 paulum
690 2163 792 2213 quoqne
812 2148 857 2211 qui
875 2160 945 2197 carr.
963 2144 1000 2197 D.
1015 2145 1027 2213 ll
1041 2147 1171 2211 praelium
1184 2160 1230 2212 pr.
1249 2144 1281 2196 A.
1301 2149 1365 2213 post
1388 2160 1447 2193 eom

237 2226 342 2276 mittere
351 2220 386 2275 E.
397 2218 409 2291 ΙΙ
418 2222 539 2271 uoluerat
548 2217 627 2289 Diti.
638 2222 796 2270 incolumem
806 2214 926 2270 Benr
932 2214 1008 2269 Tere.
1020 2222 1045 2266 ct
1053 2232 1122 2269 corr.
1140 2215 1174 2277 A,
1183 2222 1209 2289 et
1217 2222 1278 2267 ante
1286 2218 1313 2267 in
1321 2219 1415 2267 urbem
1423 2212 1460 2266 E.

241 2292 281 2367 lid.
290 2295 434 2355 extulitque
444 2290 510 2344 BD.
529 2292 685 2357 exauditque
703 2288 887 2359 Ellauetore·
897 2286 981 2356 pr.A.
1000 2286 1125 2339 actariD.
1145 2290 1248 2339 auctori
1266 2288 1344 2338 etiam
1366 2282 1457 2355 Tarni}

240 2366 282 2421 ll.
303 2368 329 2431 §.
348 2360 374 2417 5.
392 2380 441 2416 om.
461 2360 491 2416 Γ.
504 2364 608 2431 {treber
625 2376 669 2431 pr.
689 2360 720 2413 A.
745 2364 825 2413 robur
843 2358 879 2412 D.
901 2356 913 2429 Η
934 2374 1087 2424 perpenuae
1111 2357 1143 2411 A.
1167 2375 1303 2425 perpenna
1327 2354 1420 2409 ΗΒΕ
1437 2362 1463 2408 et

238 2438 329 2491 ultima
348 2436 397 2489 litt.
416 2435 445 2487 ta
462 2449 559 2487 rasura
580 2432 608 2487 C.
627 2434 764 2498 Perperna
784 2430 861 2484 Torr.
879 2427 934 2485 Sed
949 2432 1090 2497 Perpenna
1115 2435 1154 2483 est
1176 2429 1253 2483 etiam
1275 2425 1378 2483 Paridi.
1401 2425 1460 2484 vid.

239 2508 276 2563 ad
297 2506 371 2571 VIII,
392 2502 434 2569 13,
454 2502 571 2573 111551]
592 2518 671 2573 quarn
685 2518 730 2574 pr.
749 2502 779 2558 A.

310 2630 336 2685 1.
355 2635 394 2683 ef.
412 2634 471 2683 Liu.
489 2632 575 2690 XXII,
594 2628 638 2683 25.
1484 2677 1490 2688 .

311 2701 337 2754 5.
355 2701 395 2755 Μ.
413 2703 560 2770 Perpenna)
587 2704 626 2754 De
650 2705 687 2754 Μ.
705 2704 848 2768 Perpenna
873 2704 983 2753 consule
1007 2705 1069 2752 ante
1094 2717 1174 2768 quam
1198 2703 1256 2751 ciue
1280 2707 1307 2752 et
1331 2704 1364 2752 de
1386 2703 1463 2767 patre

241 2779 309 2834 eius,
326 2777 465 2836 tamqnam
483 2775 626 2842 peregrino
644 2777 730 2825 Roma
749 2777 861 2840 expulso
880 2776 987 2838 praeter
1005 2774 1141 2824 Valerium
1158 2787 1237 2824 nemo
1260 2777 1379 2824 ueterum
1399 2775 1452 2824 scri

240 2850 345 2913 piorum
364 2845 459 2895 retulit.
497 2847 626 2895 Omnibus
647 2849 743 2903 autern,
764 2861 832 2912 quae
846 2861 919 2896 noua
930 2847 1074 2910 prodiderit
1086 2846 1187 2902 auctor,
1206 2861 1287 2907 quarn
1300 2848 1377 2895 caute
1396 2845 1463 2895 tides

242 2919 368 2969 habenda
388 2917 422 2965 sit
445 2917 543 2983 insigni
563 2918 685 2981 exempto
707 2918 749 2965 bic
773 2918 848 2966 locus
874 2917 1046 2967 demonstrat.
1090 2917 1195 2967 Etenim
1219 2916 1304 2980 Papia
1327 2918 1371 2967 lex
1393 2918 1463 2966 teste

241 2991 326 3040 Dione
346 2987 441 3037 Cassio
460 2987 602 3044 XXXVII,
621 2982 652 3046 9,
671 3004 696 3051 p.
716 2983 759 3039 33.
785 3004 802 3036 5
821 2989 847 3037 C.
868 2987 952 3050 Papio
971 2988 1026 3036 lata
1039 2989 1081 3036 est
1099 3004 1124 3036 a.
1143 3004 1169 3037 u.
1189 3003 1211 3035 c.
1231 2983 1284 3038 11811
1305 2989 1337 3040 1..
1356 2987 1463 3038 Aurelio

243 3061 329 3118 Cotta,
348 3059 379 3106 L.
399 3057 499 3108 Manlio
518 3057 653 3118 Torquato
673 3060 835 3108 consulibus.
878 3061 952 3118 Quae
974 3059 1102 3124 temporis
1122 3058 1237 3110 definitio
1254 3062 1324 3111 benc
1342 3058 1465 3111 conuenit

243 3148 303 3182 eum
323 3129 457 3178 Ciceronis
477 3129 565 3178 uerbis
586 3123 814 3194 (1155111113.)
839 3127 885 3196 qai
905 3129 1059 3197 perepriaoa
1082 3125 1193 3180 urbibus
1211 3128 1352 3197 probibeat
1374 3145 1465 3198 eoaque

243 3198 429 3254 exterminant.
454 3203 482 3248 ut
500 3197 602 3250 Pennas
624 3195 696 3266 apud
713 3205 808 3267 patrer
829 3206 946 3254 nostros,
971 3198 1071 3268 Papias
1093 3213 1185 3268 nuper.
1222 3201 1261 3250 CI.
1282 3203 1336 3252 ind.
1360 3203 1415 3270 leg.
1438 3202 1465 3251 in

244 3273 327 3324 05511.
346 3286 433 3320 onom.
452 3269 521 3318 Tull.
540 3286 565 3332 p.
585 3265 646 3320 224.
682 3271 738 3320 larn
756 3286 821 3322 uero
840 3273 877 3320 Μ.
891 3273 1031 3336 Perpenna
1044 3272 1137 3321 consul
1150 3275 1208 3322 erat
1219 3289 1244 3322 a.
1257 3269 1318 3334 624,
1336 3273 1465 3324 totenais

245 3347 307 3394 ante
326 3344 415 3409 tegern
434 3340 554 3404 Papiam,
574 3345 602 3389 ut
620 3356 652 3390 ea
672 3343 778 3403 quidem
796 3345 873 3406 pater
891 3345 1031 3407 Perpenna
1049 3345 1171 3396 damnari
1187 3359 1241 3394 uon
1258 3345 1380 3409 potuerit.
1416 3344 1465 3394 Ae·

246 3416 314 3466 cedit
333 3413 402 3477 quod
422 3414 513 3474 aperte
533 3413 645 3460 Cassius
658 3413 707 3462 bio
726 3415 884 3482 peregrinos
898 3416 1002 3465 ltaliam
1022 3416 1169 3464 incolentes
1187 3416 1239 3465 hae
1257 3418 1319 3484 lege
1339 3417 1467 3480 exceptos

245 3487 330 3536 titisse
350 3483 441 3532 scribit
459 3484 582 3548 quodque
601 3483 702 3534 Sabelli
728 3489 789 3549 post
807 3487 953 3536 Marsicum
978 3488 1076 3536 bellum
1101 3487 1206 3536 omnino
1230 3503 1283 3536 non
1306 3490 1382 3538 erant
1399 3488 1467 3538 inter

244 3555 412 3622 peregrinae.
433 3547 542 3616 'ltaque
562 3556 696 3604 Manutius
715 3559 749 3605 ud
769 3559 819 3608 Cic.
840 3559 873 3606 de
893 3559 945 3625 leg.
959 3574 1017 3626 agr.
1030 3559 1049 3614 1.
1069 3553 1094 3607 4.
1112 3573 1160 3620 pro
1173 3553 1283 3609 Arela5
1302 3560 1328 3610 et
1340 3557 1466 3628 Sigonius

246 3630 259 3678 1
283 3627 386 3678 emend.
414 3622 459 3683 10.
479 3630 508 3676 51
527 3627 661 3677 Valerium
685 3629 869 3685 defenderent,
900 3632 967 3678 duas
993 3629 1069 3691 teges
1094 3629 1194 3692 Papias
1218 3630 1304 3681 151555
1328 3631 1467 3695 prioreque
1552 3639 1557 3648 '

247 3714 339 3750 earum
358 3699 512 3748 damnatum
531 3713 594 3748 esse
612 3699 779 3762 Perpennam
798 3701 955 3750 statuerunt.
998 3699 1052 3749 Sed
1071 3701 1223 3767 refragatur
1241 3718 1302 3752 eum
1320 3707 1467 3753 ceterorum

248 3771 405 3832 scriptorum
423 3771 479 3818 turn
498 3770 631 3820 Ciceronis
652 3771 684 3819 de
703 3772 789 3820 altere
807 3773 858 3820 bac
878 3774 939 3839 lege
959 3773 1100 3820 silentium.
1140 3776 1215 3831 Qurre
1237 3790 1297 3823 eum
1315 3776 1353 3823 ita
1371 3788 1402 3824 se
1420 3774 1468 3824 ha·

246 3843 337 3898 beant,
357 3855 410 3890 non
428 3841 637 3903 improbabiliter
655 3841 778 3892 Vorstius
798 3844 987 3907 suspicabatur
1004 3843 1116 3906 Papiam
1138 3845 1226 3912 legem
1246 3862 1263 3894 5
1282 3846 1389 3896 Valerio
1408 3861 1468 3895 eum

246 3914 322 3963 lunia
341 3925 404 3960 esse
424 3911 571 3970 contusam,
591 3927 669 3977 quam
688 3915 747 3962 tulit
764 3915 799 3966 Μ.
819 3915 909 3964 lunius
928 3915 1034 3964 Pennus
1053 3916 1084 3963 tr.
1104 3914 1139 3978 pl.
1158 3932 1183 3966 a.
1197 3933 1222 3966 u.
1235 3932 1258 3965 e.
1277 3912 1338 3968 1121.
1358 3917 1396 3966 et
1416 3918 1468 3968 cic.

249 3987 282 4034 de
302 3983 345 4032 off.
366 3985 392 4032 et
409 3999 457 4046 pro
476 3981 556 4032 Arcb.
576 3983 601 4033 n
622 4001 660 4034 cc.
690 3985 786 4034 Festus
806 4001 830 4036 n.
850 3985 1027 4048 respublica.
1050 4001 1076 4048 p.
1095 3979 1148 4034 2811
1167 3987 1271 4039 11111155.
1294 3988 1351 4038 lnd.
1369 3989 1424 4055 teg.
1442 3989 1468 4037 in

251 4055 332 4106 Orell.
353 4070 439 4104 onom.
458 4070 484 4116 p.
501 4048 550 4104 198
568 4056 619 4104 sub
630 4052 688 4106 Les
700 4053 776 4106 latria
789 4052 820 4107 de
827 4055 985 4124 pereprim's.
1022 4057 1141 4106 Eandem
1153 4058 1336 4108 contusionem
1349 4060 1468 4127 Pighius,

200 4151 206 4162 ι
248 4129 277 4179 51
295 4127 373 4184 solet.
392 4126 558 4175 librariorum
573 4127 667 4190 eulpae
679 4128 815 4178 tribuerat.
851 4129 997 4178 Praeterea
1011 4128 1132 4178 Valerius
1152 4130 1178 4178 ia
1192 4145 1225 4179 eo
1239 4146 1342 4195 quoque
1361 4131 1468 4186 fallitur.

250 4201 318 4268 quod
332 4199 498 4262 Perpennam
516 4193 698 4260 triumphasse
717 4200 805 4250 refert.
843 4201 911 4250 Nam
927 4200 1045 4251 Velleius
1065 4199 1096 4256 11,
1115 4195 1132 4248 t
1152 4202 1178 4250 et
1196 4202 1241 4250 alii
1254 4204 1350 4252 uictum
1364 4203 1469 4267 quidem

249 4272 425 4323 Aristonicum
441 4269 746 4333 seribrmtaPerpenna,
769 4273 863 4321 sedin
882 4272 1016 4335 triumpho
1041 4272 1146 4320 ductum
1166 4288 1183 4320 5
1201 4273 1248 4324 Μ’.
1267 4272 1380 4338 Aquilio.
1421 4272 1468 4322 ltle

250 4361 314 4395 uero
334 4359 348 4392 e
370 4341 506 4406 prouincia
530 4341 663 4392 decedens
688 4347 749 4393 ante
773 4344 933 4408 triumphum
958 4345 1027 4393 diem
1050 4344 1115 4392 obiit
1138 4359 1300 4407 supremum.
1337 4345 1469 4394 01115511

249 4417 333 4479 Capit.
353 4431 377 4465 a.
396 4409 457 4463 1121.
476 4413 566 4464 155115.
585 4414 709 4473 XXXVI,
734 4409 758 4466 1.
781 4414 971 4466 815111).Χ1111.
990 4431 1016 4478 p.
1035 4408 1096 4462 11411.
1115 4415 1224 4478 Eutrop.
1241 4416 1299 4473 llll,
1317 4411 1361 4467 20.
1388 4419 1467 4468 Oros.

250 4489 281 4546 V,
304 4484 344 4537 10.
380 4486 449 4535 Nem
468 4487 546 4552 quod,
557 4485 682 4552 Sigonius
702 4489 838 4536 auctorem
859 4487 892 4535 ad
912 4503 973 4536 enm
991 4487 1151 4548 triumphum
1165 4489 1320 4550 respexisse
1338 4488 1469 4551 opinatur.

250 4572 329 4619 quera
348 4557 467 4606 contecto
486 4557 512 4605 in
536 4556 626 4606 Sicilia
649 4558 721 4608 betto
746 4559 837 4608 seruili
857 4560 973 4615 duxerit.
998 4571 1084 4617 aeque
1109 4559 1221 4618 15111155,
1246 4575 1305 4609 eum
1329 4574 1364 4608 ne
1388 4561 1469 4608 uerbo

251 4628 356 4692 quidem
375 4627 498 4680 Valerius
516 4630 632 4695 attigerit
649 4629 713 4678 iliud
732 4631 830 4680 bellum
849 4633 876 4678 et
894 4629 1039 4680 seeundum
1058 4627 1130 4680 Fieri
1148 4629 1209 4694 (111.
1236 4625 1282 4688 111.
1307 4624 1337 4696 9)
1357 4631 1464 4684 5551551

251 4699 342 4756 tatem.
361 4699 388 4748 ia
399 4713 451 4763 qua
463 4697 524 4748 sola
541 4700 588 4749 niti
601 4700 704 4751 uidetur
715 4701 755 4752 uir
768 4701 948 4758 doctissimus,
967 4699 1109 4763 Perpenna
1120 4704 1211 4766 spreto
1222 4701 1349 4768 triumphi
1359 4701 1469 4757 honore
