3409 5400
314 492 378 559 loo
756 488 817 555 DE
840 486 1091 556 RELIGIONE.

313 663 444 740 coepto,
474 674 576 739 penes
600 675 698 740 quem
725 651 897 718 hominum
925 650 1126 739 deorumque
1158 670 1341 715 consensus
1369 650 1463 715 maris
1483 671 1516 714 ac

313 774 417 828 terrae
439 762 585 849 regimen
610 781 686 824 esse
709 759 821 835 uoluit,
845 760 1030 823 certissima
1052 756 1143 823 salus
1168 760 1303 843 patriae,
1327 757 1455 833 Caesar,
1474 758 1516 840 in·

311 890 408 943 uoco,
431 870 525 933 cuius
542 867 674 931 caelesti
696 867 903 952 prouidentia
918 868 1063 940 uirtutes
1087 865 1128 930 dc
1149 864 1267 952 quibus
1285 864 1428 929 dicturus
1445 886 1517 938 sum,

311 976 548 1064 benignissime
575 975 741 1049 sonentur,
769 976 849 1038 uitia
877 973 1088 1038 seuerissime
1117 971 1334 1037 uindicantur.
1387 970 1467 1036 Nam
1491 973 1517 1035 si

311 1085 412 1171 prisci
435 1093 581 1147 oratores
605 1083 646 1145 ab
669 1080 748 1145 Ioue
772 1082 895 1167 optimo
924 1080 1066 1145 maximo
1095 1080 1179 1145 bene
1209 1082 1278 1145 orsi
1305 1088 1395 1155 sunt,
1424 1080 1451 1144 si
1471 1096 1540 1143 ens
1570 1140 1577 1151 ,

311 1189 534 1256 callentissimi
561 1200 654 1253 uates
688 1211 710 1252 a
744 1190 878 1252 numine
912 1186 1021 1273 aliquo
1053 1188 1216 1273 principia
1248 1189 1425 1263 transcunt,
1454 1206 1521 1251 mea

310 1298 458 1384 paruitas
488 1318 527 1359 eo
555 1297 673 1360 iustius
702 1296 747 1361 ad
773 1296 923 1361 fauorem
951 1305 1043 1361 tuum
1066 1296 1300 1370 decucurrerit,
1332 1278 1396 1382 quo
1424 1304 1521 1358 cetera

312 1404 465 1468 diuinitas
489 1404 644 1488 opinione
667 1403 839 1489 colligitur,
864 1413 919 1466 tua
941 1405 1109 1487 praesenti
1132 1401 1195 1466 fide
1219 1413 1355 1488 paterno
1379 1402 1520 1487 auitoque

312 1510 413 1576 sideri
434 1530 494 1596 par
516 1508 661 1586 uidetur,
691 1532 830 1597 quorum
855 1509 972 1575 eximio
1001 1509 1129 1598 fulgore
1157 1508 1294 1575 multum
1322 1508 1520 1572 caerimoniis

311 1620 432 1683 nostris
459 1617 588 1682 inclitae
617 1617 793 1683 alacritatis
822 1618 973 1683 accessit.
1023 1617 1183 1705 Reliquos
1213 1617 1300 1681 enim
1328 1616 1409 1679 cleos
1438 1635 1522 1678 acce·
1533 1630 1560 1673 ro

309 1728 430 1812 pimus
455 1726 616 1789 Caesares
641 1724 803 1789 dedimus.
848 1722 891 1788 lit
913 1725 1070 1811 quoniam
1092 1726 1219 1788 initium
1242 1745 1263 1787 a
1285 1723 1372 1788 cultu
1396 1722 1523 1786 deorum

310 1843 421 1920 petere
444 1834 478 1899 in
501 1832 610 1896 animo
633 1842 693 1908 est,
717 1830 758 1895 de
776 1830 974 1897 condicione
999 1832 1069 1896 eius
1094 1831 1281 1897 summatim
1304 1830 1472 1895 disseram.

753 2602 813 2669 Du
836 2600 1085 2670 RELIGIONE.

214 2805 239 2873 I.
265 2809 295 2874 1,
398 2799 543 2866 Maiores
577 2809 679 2866 status
711 2800 968 2889 sollemnesque
988 2801 1203 2865 caerimonias
1237 2801 1427 2886 pontificum
1467 2801 1532 2864 sci·

310 2909 406 2984 entia,
421 2905 506 2973 bene
523 2909 742 2996 gerendarum
757 2931 866 2974 rerum
884 2909 1091 2973 auctoritates
1108 2929 1271 2997 augurum
1289 2908 1532 2982 obseruatione,
1544 2938 1574 2982 1⁵

310 3015 473 3103 Apollinis
505 3015 745 3101 praedictiones
777 3026 891 3080 uatum
918 3014 1026 3091 libris,
1060 3027 1283 3103 portentorum
1317 3013 1557 3106 depulsiones·

306 3123 445 3190 Etrusca
472 3121 648 3209 disciplina
675 3122 829 3210 explicari
861 3123 1043 3190 uoluerunt.
1099 3123 1215 3189 Prisco
1252 3124 1350 3188 etiam
1381 3122 1532 3188 instituto

306 3318 329 3374 1
349 3317 680 3390 οοοιοιιυιοΒΓΙΙῖ
700 3320 962 3390 CaesaromfflprB
1003 3317 1029 3373 4
1048 3323 1138 3372 siem
1155 3315 1519 3392 νΒ151.ιιιοιιοΕΗ

305 3391 328 3444 7.
354 3393 498 3444 decurrerit
524 3389 665 3444 nrum.
688 3388 748 3445 Vid.
768 3389 806 3444 ad
821 3393 865 3451 111
889 3389 955 3451 1,1.
1012 3391 1052 3444 lt).
1076 3393 1194 3457 inclytae
1219 3406 1288 3443 corr.
1307 3389 1338 3443 A.
1359 3389 1371 3462 Η
1399 3395 1534 3445 claritatis

303 3461 419 3517 ETorr.
440 3459 453 3536 ΙΙ
466 3465 540 3515 Deos
562 3464 633 3514 enlm
656 3466 772 3530 reliquos
799 3461 876 3515 Torr.
899 3461 911 3534 ΙΙ
938 3462 976 3518 ll.
997 3465 1171 3534 quoniam-
1137 3459 1251 3529 -(lff.)
1271 3464 1414 3530 disseram]
1442 3467 1534 3528 primo

304 3538 410 3602 quidem
427 3553 445 3586 a
462 3536 558 3602 priscis
577 3536 650 3585 urbis
668 3539 778 3587 nostrae
796 3537 996 3602 ceterarumque
1020 3537 1140 3618 gentium
1160 3535 1377 3585 memorabilibus
1401 3536 1536 3586 institutis

303 3609 459 3659 ordiendum
477 3609 587 3658 uidetur.
626 3609 701 3672 Opus
720 3611 764 3658 est
781 3608 850 3659 enim
871 3611 999 3676 cognosci
1016 3607 1066 3668 (sio
1083 3604 1186 3656 omissis
1204 3603 1313 3672 relique
1324 3605 1413 3657 statim
1433 3607 1539 3659 transit

304 3675 341 3728 od
358 3676 404 3730 til.
422 3676 453 3729 ll
469 3693 528 3745 cop.
548 3675 582 3739 1.)
600 3677 630 3730 Γ.
646 3675 659 3746 ΙΙ
683 3675 721 3731 13.
742 3680 962 3730 Valeriiltluxirni
980 3681 1111 3731 factorum
1130 3678 1311 3742 dictorumque
1331 3679 1399 3728 liber
1415 3680 1537 3742 primus.

304 3750 369 3812 Gap.
389 3750 458 3798 ilie
475 3750 605 3815 religione
624 3753 771 3801 obseruata
790 3749 866 3802 Torr.
889 3753 929 3803 De
948 3753 1077 3818 religione
1102 3751 1212 3799 seruata
1237 3751 1283 3798 aut
1306 3750 1435 3817 neglecta
1453 3749 1536 3804 Pur..

303 3831 352 3868 om.
370 3814 489 3886 Ε.1114.
507 3820 638 3886 Maiores]
659 3818 720 3872 add.
739 3823 823 3871 nostri
841 3837 910 3874 σοιν.
929 3820 967 3880 D,
989 3819 1065 3873 Tora
1081 3815 1092 3891 ΙΙ
1108 3816 1267 3870 statntnsC
1282 3815 1294 3883 ΙΙ
1309 3822 1500 3886 sollempnesq
1502 3837 1539 3871 ue

302 3883 419 4010 Appii.
438 3889 595 3940 auctoritate
612 3887 765 3944 ABCDE.
785 3887 798 3959 ΙΙ
820 3889 861 3944 16.
887 3895 1083 3957 praedicatione
1102 3887 1251 3942 ABODE.
1274 3886 1286 3959 ll
1304 3891 1428 3956 depulsis
1448 3889 1542 3944 ABG

301 3957 331 4011 D
390 3959 505 4022 depulsa
522 3957 594 4024 Pipa
614 3962 743 4024 depulsus
760 3961 805 4012 eet
821 3965 950 4028 depulsas
969 3963 1082 4016 Gronau.
1102 3961 1219 4014 corrosit
1239 3959 1324 4013 Voret

301 4097 363 4152 stilo
381 4100 543 4150 emendato
536 4114 591 4150 ram
603 4103 670 4151 est
664 4118 690 4152 ιιι
702 4103 787 4154 altero
801 4106 966 4170 Guelferbyt.
986 4109 1031 4156 ει·
1024 4123 1051 4158 ιιι
1063 4109 1256 4159 recentioribus
1269 4107 1429 4174 quibusdam
1445 4107 1541 4156 libris.

301 4173 344 4223 lta
361 4172 508 4236 superioris
526 4174 623 4222 aetatis
642 4174 763 4224 homines
782 4177 938 4240 simpliciter
956 4179 1109 4242 superiores
1133 4181 1184 4229 dici
1208 4180 1245 4239 11,
1274 4175 1302 4238 1
1332 4175 1364 4229 10
1389 4181 1544 4230 adnotauit

301 4245 386 4296 Periz.

374 4312 534 4377 eharitatis)
560 4317 626 4366 Cum
644 4317 725 4384 tnrlgo
743 4319 879 4386 legeretur
896 4318 1035 4379 claritatis,
1055 4324 1180 4372 reuocant
1199 4324 1269 4388 quod
1287 4337 1341 4371 non
1363 4323 1464 4386 paucis
1487 4323 1543 4371 alt-

303 4390 375 4455 quot.
393 4389 422 4437 ut
439 4390 563 4436 narratur
579 4390 651 4452 apud
669 4389 839 4449 Torrenium,
865 4393 915 4441 sed
939 4394 1061 4443 omnibus
1081 4393 1135 4443 tere
1154 4394 1229 4444 libris
1254 4393 1457 4446 confirmatum,
1489 4409 1545 4442 cur

301 4462 378 4510 tanto
395 4472 530 4509 consensu
549 4475 567 4508 ιι
584 4461 767 4526 grammaticis
791 4464 912 4546 spretum
936 4463 972 4512 sit
994 4479 1047 4513 non
1071 4465 1207 4532 intellego.
1249 4464 1378 4516 Adulator
1401 4465 1544 4514 Valerius

301 4545 402 4582 nouum
420 4531 535 4594 quodum
546 4533 626 4580 modo
641 4531 760 4598 uigorem
780 4535 957 4598 exirniamque
970 4535 1144 4594 alacritatem
1165 4552 1218 4601 qua
1229 4537 1285 4586 turn
1302 4527 1419 4588 maxime
1440 4537 1545 4585 excel·

302 4600 399 4652 luerint
420 4602 601 4652 Romanorum
625 4603 816 4664 nasamonas,
846 4605 994 4669 splendidis
1019 4608 1105 4657 sacris
1134 4608 1162 4658 in
1186 4609 1316 4659 honorem
1341 4607 1393 4657 diui
1417 4608 1485 4660 lulii
1515 4609 1547 4658 et

303 4671 419 4739 Augusti
435 4673 562 4723 institutis
580 4675 734 4725 accessisse
751 4677 897 4741 praedicat.

377 4740 401 4797 1.
419 4743 458 4794 Ct'.
474 4743 553 4803 anet.
571 4746 605 4796 de
623 4747 681 4797 hor.
699 4760 772 4813 resp.
790 4744 817 4807 u,
837 4744 879 4804 ld
