3409 5400
313 490 379 558 598
401 483 596 551 INFAMES
608 479 683 546 Rlii
696 474 864 559 QVIBVS
878 473 937 539 Di]
951 468 1109 537 CAVSIS
1123 464 1351 533 ABSOLVTI
1362 465 1485 531 ETG.

273 653 306 720 4.
403 646 530 731 Appius
555 641 722 714 Claudius,
745 638 858 702 nescio
883 632 1053 719 religionis
1077 629 1181 695 maier
1205 650 1249 691 an
1271 629 1412 713 patriae
1432 628 1568 691 iniuria.

315 752 478 841 siquidem
492 751 579 817 illius
592 745 851 811 uetustissimum
864 760 989 805 morem
1007 735 1158 823 neglexit,
1173 732 1274 799 buius
1289 733 1563 819 pulcherrimas

316 861 459 927 classem
483 857 606 930 amisit,
633 854 752 919 iniesto
777 848 899 936 populo
923 846 1087 918 obiectus,
1117 862 1192 907 cum
1221 840 1376 928 effugere
1411 840 1564 905 debimn

316 988 457 1055 poenam
480 962 568 1028 nullo
591 960 690 1026 modo
713 979 815 1045 posse
839 953 1043 1027 crederetur,
1071 948 1177 1013 subito
1207 948 1312 1011 coorti
1344 946 1485 1011 imbris
1518 947 1565 1008 bc-

316 1075 434 1139 uelicio
457 1081 544 1135 tutus
566 1068 628 1131 fuit
649 1089 670 1131 a
686 1064 907 1129 damnatione.
923 1052 928 1061 ⁵
945 1059 1114 1125 'Discussa
1130 1056 1217 1121 enim
1235 1053 1450 1139 quaestione
1469 1052 1576 1116 aliani

317 1181 408 1245 uelut
431 1178 481 1241 dis
504 1172 783 1258 interpellantibus
806 1172 847 1235 de
871 1172 999 1255 integro
1023 1162 1200 1231 instaurari
1222 1182 1290 1225 non
1317 1158 1476 1244 placuit
1524 1158 1563 1221 la

320 1287 372 1349 cui
395 1284 556 1348 maritima
578 1289 757 1365 tempestas
787 1282 910 1341 causae
942 1274 1118 1339 dictionem
1141 1277 1365 1341 contraxerat,
1399 1266 1559 1331 caelestis

321 1391 457 1457 salntem
481 1388 593 1453 attulit.

280 1500 310 1565 5.
408 1496 535 1559 Eodem
558 1494 668 1559 arcadii
691 1512 812 1579 genere
836 1490 976 1554 Tucciae
1001 1482 1138 1572 uirginis
1161 1479 1321 1551 Vestalis,
1343 1480 1484 1545 incesti
1509 1482 1562 1543 cri·

321 1605 419 1669 minis
448 1623 542 1674 reae,
577 1600 711 1663 castitas
740 1596 896 1661 infantiae
928 1592 1012 1657 nube
1040 1588 1219 1654 obscurata
1249 1587 1400 1653 emersit.
1471 1586 1576 1667 Quare

323 1709 523 1774 conscicntia
547 1717 655 1769 certae
685 1702 880 1767 sinceritatis
912 1720 993 1763 suae
1023 1717 1116 1783 spem
1145 1694 1260 1761 saltatis
1291 1694 1440 1779 ancipiti
1467 1714 1561 1779 argu

323 1827 433 1880 mento
457 1834 541 1875 ausa
563 1822 672 1896 petere
696 1819 755 1875 cst.
802 1807 942 1891 Arrepto
967 1804 1052 1869 cnim
1077 1803 1182 1869 cribro
1207 1799 1341 1875 ‘Vesla',
1366 1801 1505 1885 inquit,
1528 1801 1560 1861 si

326 1988 349 2041 i.
369 1991 495 2052 aproptas
519 1988 638 2037 claudius
664 1984 692 2037 C.
718 1985 746 2034 P.
772 1985 899 2033 clamitas
920 1980 997 2033 Foru.
1015 1980 1028 2049 l}
1045 1982 1129 2031 maior
1147 1982 1194 2031 reli
1217 1980 1284 2029 'onis
1302 1976 1337 2030 F.
1354 1975 1370 2045 ΙΙ
1390 1974 1419 2028 2
1440 1979 1558 2045 neglexit

324 2075 426 2111 morem
443 2056 508 2111 EF.
520 2056 534 2123 ΙΙ
545 2052 571 2109 ³.
589 2055 661 2121 cum]
681 2061 724 2107 cst
742 2054 772 2107 F.
784 2056 797 2120 ΙΙ
810 2069 893 2119 posse
905 2068 953 2105 om.
965 2052 995 2105 F.
1009 2050 1022 2121 ΙΙ
1036 2050 1061 2103 A.
1072 2052 1174 2102 cohorti
1192 1996 1224 2103 F
1238 2046 1290 2117 115.
1309 2048 1496 2115 quaestione]
1516 2048 1556 2097 titt

325 2132 411 2181 stione
435 2128 463 2180 ia
481 2142 578 2180 recuro
598 2127 629 2179 A.
646 2129 660 2193 ll
678 2128 747 2178 alias
772 2140 841 2177 corr.
866 2123 897 2175 A.
915 2122 928 2191 ΙΙ
945 2120 970 2175 ti.
990 2126 1067 2175 rioiud
1088 2136 1133 2191 pr.
1151 2120 1183 2173 A.
1207 2121 1213 2189 Ι
1228 2117 1254 2174 e.
1272 2122 1354 2170 tactio
1374 2118 1416 2173 D.
1441 2116 1555 2169 tutieF.

324 2203 428 2251 tusciae
447 2198 478 2252 F.
490 2200 504 2268 ΙΙ
515 2201 616 2250 inceste
636 2195 665 2251 F.
678 2198 692 2265 ΙΙ
705 2196 746 2249 ll.
765 2197 935 2248 coNscio
953 2193 981 2244 in
999 2208 1095 2245 rasura
1113 2191 1144 2243 A.
1165 2194 1273 2243 conscia
1287 2188 1350 2243 EF.
1367 2188 1384 2256 ΙΙ
1404 2194 1488 2241 certa
1505 2205 1554 2239 m

325 2272 389 2324 iecit
406 2269 566 2325 Perizonius.
592 2268 633 2335 Cf.
648 2266 739 2337 proes.
755 2284 784 2335 p.
803 2265 847 2321 37.
862 2263 874 2337 ΙΙ
889 2267 993 2331 occipiti
1008 2280 1054 2334 pr.
1074 2263 1102 2316 A.
1117 2260 1129 2334 ΙΙ
1148 2260 1187 2316 ta,
1206 2265 1297 2329 petere
1315 2276 1390 2312 aaran
1411 2258 1480 2313 Fr.
1504 2256 1553 2312 t’u

325 2342 362 2395 od
378 2340 430 2403 ili,
448 2340 474 2404 3,
495 2341 518 2395 l.
530 2343 544 2411 ΙΙ
555 2344 627 2393 eibro
642 2355 686 2408 pr.
705 2337 736 2392 A.

830 2442 1042 2457 ,ιι-ια·-

327 2511 415 2566 Quare
439 2518 492 2554 non
516 2504 603 2553 arcsim
627 2516 688 2550 cum
710 2500 901 2550 recentioribus
922 2498 1105 2565 grammaticis
1123 2498 1263 2563 quicquam
1287 2496 1470 2559 interpolare.
1509 2499 1551 2547 Va-

327 2577 420 2626 leriam
444 2574 522 2623 ctiam
548 2574 618 2637 apud
644 2572 757 2621 debendi
779 2572 888 2620 ucrbran
917 2568 1076 2619 insolentius
1107 2567 1219 2631 simplici
1248 2568 1399 2619 actiuorurn
1427 2570 1549 2619 intinitinc

328 2658 407 2694 usum
426 2653 489 2694 esse
508 2660 559 2695 non
579 2645 705 2693 denotato
729 2642 849 2690 subiecto
875 2640 1055 2689 demonstrarii
1075 2639 1136 2695 Vil,
1160 2634 1193 2697 2,
1215 2634 1233 2687 2
1255 2634 1379 2705 (repedat
1399 2637 1485 2690 aliter
1502 2654 1549 2689 cu

327 2715 400 2766 torte
417 2714 554 2781 constipare
569 2711 681 2768 debere).
706 2714 764 2762 Non
778 2714 865 2761 minas
876 2712 1007 2760 communi
1017 2711 1118 2760 dicendi
1135 2711 1317 2760 corisuetudini
1335 2715 1478 2780 repugnat
1496 2715 1548 2761 sin·

328 2788 390 2851 plex
410 2788 488 2834 actiui
506 2787 650 2834 intinitiuas
669 2786 740 2846 apud
760 2786 869 2832 uerbum
889 2785 1009 2848 oportere
1033 2796 1085 2831 non
1110 2781 1261 2850 significato
1279 2781 1403 2849 generali
1424 2785 1546 2835 subiecto

329 2857 353 2905 si
371 2871 405 2904 cx
423 2857 468 2905 illo
486 2857 613 2904 iuiinitiao
626 2855 722 2904 obiecti
740 2855 911 2903 accusatione
925 2853 1031 2918 pendet,
1050 2867 1102 2918 qao
1115 2853 1184 2902 iacto
1203 2853 1268 2902 item
1287 2854 1478 2903 acerentinum
1497 2871 1546 2903 cun

328 2927 456 2975 infinitiuo
474 2927 577 2988 passini
596 2926 670 2974 uerbi
689 2926 817 2974 adbibere
836 2925 959 2973 solebant
981 2926 1097 2974 ueteres.
1140 2923 1295 2986 Composuit
1316 2925 1410 2974 tamen
1432 2925 1546 2975 Valerius

329 2997 385 3054 Vii,
404 2993 430 3053 2,
448 3000 503 3045 eat.
521 2994 535 3044 i
556 3010 608 3045 noa
625 3000 746 3061 oportere
764 2994 792 3044 ia
808 2991 874 3044 arte
891 2992 993 3046 nutrire
1019 2991 1129 3053 homar,
1152 2995 1197 3043 ubi
1220 2993 1336 3044 editores
1360 2996 1454 3046 inuitis
1479 2997 1545 3046 libris

328 3081 469 3131 perperam
489 3064 588 3115 nutriri
605 3068 776 3129 scripserant.

399 3133 425 3188 i.
451 3134 554 3203 Appias
577 3133 713 3196 Claudias)
744 3137 864 3185 Publium
890 3136 1040 3194 Claudiam,
1066 3135 1143 3199 Appii
1167 3136 1247 3186 tiliam
1271 3136 1405 3199 pullorum
1430 3141 1545 3202 aasmcia

328 3211 539 3272 contempsisse,
558 3223 611 3258 nou
630 3209 743 3270 Appium
763 3221 807 3256 res
826 3207 967 3257 notissima
990 3209 1041 3258 cst.
1083 3205 1136 3256 Sed
1162 3222 1221 3256 cnm
1245 3207 1324 3271 Appii
1342 3223 1506 3270 praenomen
1522 3220 1544 3258 rt

329 3281 448 3329 codicum
468 3279 618 3328 nostrorum
638 3279 752 3327 omnium
773 3281 799 3327 et
817 3278 873 3326 lolii
894 3277 996 3326 Paridis
1015 3277 1166 3328 testimonla
1188 3277 1319 3336 fulciatur,
1337 3279 1432 3328 nescio
1444 3295 1480 3330 an
1493 3283 1543 3344 ipse

329 3351 452 3400 Valerius
471 3351 496 3400 in
516 3351 568 3398 bac
586 3350 764 3412 appellatione
782 3351 876 3398 codem
896 3350 974 3400 modo
992 3350 1122 3399 errauerit
1139 3350 1219 3410 atque
1235 3349 1329 3399 Florus
1348 3349 1380 3406 ll,
1397 3346 1426 3408 2,
1444 3346 1488 3410 iil,
1508 3354 1542 3401 ubi

329 3422 437 3471 codices
456 3435 549 3471 omnes
568 3422 629 3470 item
643 3421 755 3483 Appium
770 3420 906 3469 Claraiiurn
926 3420 1040 3468 tradunt.
1077 3419 1105 3469 ln
1118 3419 1256 3482 deperdita
1272 3420 1351 3470 huius
1364 3422 1455 3483 operis
1475 3431 1542 3486 parte

329 3493 349 3545 i.
368 3488 393 3546 A.
413 3485 438 3546 3.
457 3493 481 3540 si
501 3493 623 3542 Paridem
642 3497 669 3541 et
686 3491 861 3554 Nepotianum
882 3490 1073 3552 epitomatorcs
1092 3491 1224 3549 audimus,
1242 3493 1314 3542 reete
1333 3490 1453 3540 Publium
1472 3497 1541 3543 Cian-

328 3564 400 3611 dium
419 3564 548 3624 posuerat
565 3564 696 3614 Valerius.
734 3563 811 3623 Atqui
831 3561 890 3624 ipse
910 3562 986 3611 Paris
1008 3561 1081 3620 vill,
1102 3558 1133 3618 i,
1153 3563 1241 3612 damn.
1259 3567 1285 3614 t.
1313 3563 1449 3612 Clorrdinrn
1467 3567 1541 3628 Appii

329 3646 448 3682 sororem
475 3639 561 3688 rrocat.
587 3649 665 3698 quam
689 3634 805 3682 debebat
823 3632 908 3682 Publii
927 3633 1015 3682 dicere
1039 3645 1159 3682 sororem
1183 3633 1230 3682 aaut
1253 3632 1333 3696 Appii
1356 3633 1447 3684 tiliam.
1483 3639 1541 3686 Gra·

329 3704 430 3752 uiorem
454 3704 480 3752 in
504 3705 565 3765 ipsa
588 3719 617 3752 re
634 3704 840 3766 discrepantiam
860 3703 946 3752 obiter
964 3703 1051 3770 attigit
1069 3702 1227 3759 'l'orrenias,
1252 3703 1381 3769 siquidem
1399 3705 1490 3756 Cicero
1513 3709 1540 3756 dc

328 3775 383 3823 nat.
403 3775 475 3823 deor.
495 3774 527 3828 il,
546 3767 572 3830 3,
591 3771 608 3822 8
627 3777 653 3822 c't
672 3776 705 3823 dc
723 3776 775 3826 dia.
785 3773 818 3830 li,
830 3767 874 3830 ³3.
889 3769 917 3823 ll
941 3775 1087 3827 Ciurrdium.
1107 3775 1175 3838 qaod
1195 3776 1288 3824 tractor
1306 3775 1390 3824 eladis
1406 3778 1540 3835 extitisset.

328 3844 419 3905 populi
439 3843 533 3892 iudicio
553 3844 757 3894 condemnatum
774 3858 853 3900 esse,
872 3845 1001 3906 Polybius
1021 3845 1046 3902 l,
1067 3838 1102 3895 52
1122 3846 1230 3896 multam
1249 3846 1274 3895 ci
1293 3845 1388 3894 dictam
1404 3861 1468 3898 esse
1486 3865 1540 3899 aar·

329 3914 397 3962 rant.
435 3913 558 3962 Valerios
581 3928 644 3962 num
668 3915 695 3964 in
714 3916 851 3978 deperdita
875 3914 933 3962 libri
956 3914 1035 3977 primi
1054 3916 1186 3978 particule
1210 3917 1242 3965 dc
1261 3917 1426 3967 damnatione
1445 3921 1539 3969 Claudii

329 3983 452 4041 retulerit¹
465 3998 513 4045 pro
532 3987 604 4033 certo
623 4000 675 4034 non
694 3989 808 4042 constat,
827 3985 950 4045 quartanis
970 3985 995 4032 id
1015 3985 1114 4036 irretrrm
1133 4001 1196 4038 esse
1215 3988 1342 4054 colligere
1360 3989 1447 4050 possis
1464 4005 1478 4040 c
1493 3992 1539 4040 Ne-

330 4054 429 4114 potioni
448 4055 613 4116 compendio.
655 4056 709 4105 iles
733 4072 801 4104 rrrrnc
821 4055 945 4117 expedita
967 4057 1010 4103 est
1027 4057 1137 4107 scholiis
1156 4059 1335 4108 ilobionsibus
1358 4060 1384 4108 in
1401 4059 1451 4110 Cic.
1468 4063 1537 4114 Ciod.

329 4128 357 4174 et
376 4125 435 4176 Cur.
454 4139 472 4172 a
490 4125 562 4175 Maio
582 4127 660 4176 editis
679 4128 705 4176 in
725 4131 792 4176 aact
813 4127 895 4174 class.
914 4140 929 4174 e
949 4127 1024 4174 codd.
1039 4127 1097 4180 i'at.
1109 4129 1131 4177 ll
1150 4143 1177 4191 p.
1189 4123 1249 4185 209.
1261 4130 1339 4192 ¹apud
1360 4130 1435 4180 Orell.
1447 4129 1535 4195 pilli,

330 4197 398 4246 unde
416 4197 499 4262 liquet
516 4197 558 4246 die
576 4199 649 4248 dicta
667 4198 776 4247 Claudio
796 4196 993 4259 perduellionis,
1014 4213 1073 4247 carn
1098 4200 1204 4249 comitia
1226 4201 1284 4250 cios
1303 4200 1342 4251 rei
1360 4199 1454 4258 flerent,
1472 4206 1536 4253 lern-

328 4272 461 4331 pestatem
487 4269 618 4318 turbidum
642 4271 759 4318 coortam
784 4268 864 4327 atcpre
890 4267 1106 4318 ita·‹tiscassarn
1136 4283 1199 4320 esse
1228 4271 1420 4336 qrraestionemc
1446 4281 1535 4336 postea

329 4340 449 4388 tribunos
468 4341 555 4402 plebis
574 4340 762 4390 intercessisse
787 4351 820 4386 no
844 4337 924 4386 iidem
949 4339 1070 4390 homines
1095 4342 1234 4392 incudem
1252 4343 1407 4409 aragistratu
1425 4346 1534 4404 perduel-

329 4410 408 4457 lionis
432 4412 474 4458 bis
499 4412 611 4460 eandem
636 4411 802 4459 accusarent.
849 4407 940 4473 itaque
966 4411 1070 4462 actione
1096 4416 1210 4471 ululata,
1234 4413 1328 4464 iisdem
1351 4415 1531 4470 aecrrsautibus,

329 4480 439 4529 maltam
464 4480 607 4547 irrogatam
632 4481 822 4539 Claudiamque
847 4482 986 4543 ripopulo
1010 4483 1165 4534 damnatum
1189 4497 1253 4536 esse
1277 4484 1348 4534 aeris
1366 4484 1448 4551 grauia
1465 4487 1530 4536 cml

329 4548 444 4600 milibus.
481 4551 589 4600 Cerrtam
608 4549 678 4601 enim
698 4553 725 4599 ct
737 4551 829 4617 uiginti
843 4551 1020 4602 Romanorum
1033 4567 1119 4603 neruos
1132 4555 1233 4605 Claudii
1248 4555 1396 4606 temeritate
1406 4557 1528 4617 perierant.

400 4615 426 4670 5.
445 4619 484 4668 Gi.
501 4620 578 4672 Dion.
597 4622 657 4674 ilai.
677 4621 709 4681 il,
728 4615 770 4672 til.
791 4621 855 4674 Ptin.
876 4622 902 4678 lt,
921 4638 947 4676 n.
965 4623 1087 4684 XXVlll,
1105 4621 1132 4686 2,
1151 4619 1177 4677 3.
1197 4625 1264 4696 Aug.
1277 4627 1311 4676 de
1330 4626 1426 4680 clama
1441 4627 1470 4686 ll,
1490 4625 1526 4683 it.

329 4683 402 4738 Tert.
419 4689 527 4757 apolog.
544 4687 588 4744 2¹2.
