3409 5400
518 543 601 612 LIB.
624 544 697 624 vit,
721 546 756 617 Ο.
781 549 813 626 3,
836 556 867 627 s.
891 548 1032 614 7-10.
1324 550 1389 621 557

257 700 433 791 Aliquanto
463 708 647 793 speciosius
678 707 783 773 Sentii
812 708 980 775 Saturnini
1009 704 1182 773 Vetulonis
1210 710 1245 775 in
1273 712 1389 778 eodem
1400 715 1431 783 9.

96 825 97 848 ³
159 828 291 895 genere
323 831 423 875 rasus
451 811 583 877 ultimae
612 816 712 879 sortis
741 815 907 882 auxilium.
966 813 1031 894 Qui
1060 836 1135 877 eum
1163 838 1184 879 a
1211 816 1389 883 triumuiris

95 923 98 954 t
158 915 252 979 inter
280 919 482 1004 proseriptos
511 940 631 985 nomen
665 942 760 985 suum
795 921 999 1007 propositum
1037 918 1200 995 audisset,
1233 924 1388 987 contiuuo

94 1028 97 1067 t
158 1032 340 1107 praeturae
363 1024 509 1112 iusignia
531 1016 661 1091 inuasit
673 1027 1012 1112 praecedentibusque
1035 1026 1069 1089 in
1085 1026 1219 1091 modum
1241 1026 1388 1093 lictorum

95 1136 99 1175 ἱ
132 1140 194 1194 set
220 1130 446 1214 apparitorum
470 1144 501 1195 et
523 1153 694 1198 seruorum
711 1133 915 1220 publicorum
934 1132 1121 1197 subornatis
1137 1130 1289 1198 uehicula
1311 1154 1390 1199 eon·

158 1233 349 1317 prehendit,
372 1234 517 1323 hospitio
540 1241 722 1326 occupauit,
749 1240 866 1304 obuios
896 1240 1074 1303 summouit
1102 1261 1141 1303 ue
1171 1248 1238 1303 tum
1269 1240 1388 1305 auderi

160 1342 378 1426 usurpatione
396 1344 522 1429 imperii
545 1346 579 1409 in
601 1348 746 1411 maxima
768 1345 841 1410 luce
858 1346 1077 1411 densissimus
1094 1343 1267 1411 hostilibus
1284 1345 1387 1411 oeulis

93 1463 99 1503 r
160 1447 318 1513 tenebras
343 1450 469 1514 offudit.
514 1450 605 1516 Idem
629 1464 664 1515 ut
684 1452 841 1518 Puteolos
865 1454 969 1529 uenit,
996 1453 1132 1539 perinde
1160 1472 1199 1517 uo
1222 1453 1386 1539 publicum

93 1572 98 1611 t
160 1554 380 1620 ministerium
411 1578 518 1645 agens
552 1580 683 1624 summu
715 1582 789 1625 eum
824 1559 955 1625 lieentia
991 1560 1148 1645 correptis
1183 1558 1324 1625 nauibus
1353 1560 1387 1623 in

120 1659 326 1738 roSieilium,
349 1664 568 1729 certissimum
591 1676 667 1728 tune
690 1668 946 1752 proscriptorum
970 1666 1172 1751 perfugium,
1194 1667 1385 1751 penetrauit.

93 1791 98 1825 1
255 1766 315 1833 llis
339 1790 405 1832 uno
429 1769 557 1834 adiecto
572 1769 705 1837 leuioris
722 1784 819 1838 notae
835 1772 985 1858 exemplo
1008 1770 1051 1838 ed
1068 1782 1201 1837 externe
1224 1773 1384 1839 deuertar.
1398 1775 1449 1841 10.

93 1894 97 1935 ¹
165 1922 190 1977 1.
209 1928 353 1992 Aliquanto
376 1956 411 1969 -
430 1926 479 1993 (2.)
501 1932 627 1981 auxilium
650 1947 700 1986 ora.
725 1934 757 1987 Γ.
774 1932 787 1999 ΙΙ
805 1932 966 1999 speciosius]
991 1932 1093 1997 spettus
1117 1928 1145 1985 F.
1162 1930 1176 2000 ΙΙ
1193 1930 1327 1983 SeNtii
1357 1930 1386 1984 is

93 2005 95 2042 t
160 2012 262 2050 rasura
278 1998 310 2051 Α.
329 2003 469 2051 sententiis
489 1998 576 2054 OEF.
587 2000 601 2069 ΙΙ
614 2004 748 2053 uttutionis
765 2003 801 2058 Ε.
819 2004 962 2055 uetuiionis
977 2001 1084 2057 FTorr.
1099 2002 1111 2073 ΙΙ
1125 2002 1151 2058 2.
1170 2002 1231 2070 Qui]
1245 2002 1385 2055 Saturnius

93 2129 94 2140 γ
162 2086 272 2137 quoque
290 2072 380 2123 uetulo
397 2069 429 2127 Γ.
441 2072 455 2141 ΙΙ
466 2073 534 2123 iuter
550 2074 667 2137 scriptos
685 2090 703 2125 s
719 2076 863 2126 triumuiris
881 2073 914 2127 11.
926 2074 940 2141 ΙΙ
957 2072 982 2127 3.
1001 2079 1134 2140 proprium
1153 2072 1182 2129 F.
1200 2074 1213 2141 ll
1231 2072 1257 2129 5.
1279 2076 1385 2139 opperi-

93 2143 95 2174 t
162 2148 253 2191 torum
277 2144 440 2207 publicorum
465 2145 553 2194 seruis
578 2159 611 2194 ue
633 2146 722 2195 birola
743 2142 801 2206 (red
818 2144 921 2197 litterae
945 2162 987 2196 um
1008 2148 1169 2208 publicorum
1194 2146 1281 2196 seruis
1306 2146 1385 2195 uehi

92 2237 93 2256 ÷
161 2210 192 2262 ts
210 2226 316 2268 rasere.
335 2212 429 2265 omisso
448 2216 609 2272 subornatis.
627 2214 659 2268 A.
679 2218 859 2280 apparitorum
878 2217 1042 2281 publicorum
1061 2220 1148 2269 seruis
1166 2218 1320 2267 subornatis
1339 2230 1384 2267 ue·

163 2284 256 2334 bieuta
275 2281 352 2338 Terr.
376 2290 402 2335 et
423 2282 521 2335 titteris
543 2287 708 2350 publicorum
731 2288 819 2338 seruis
843 2286 872 2338 ia
895 2300 991 2351 rasura
1009 2285 1045 2339 D.
1061 2286 1074 2355 ΙΙ
1091 2286 1116 2341 o.
1141 2286 1185 2353 ae]
1205 2288 1257 2337 iure
1275 2284 1306 2339 Γ.
1326 2286 1338 2355 ΙΙ
1358 2283 1384 2337 8.

162 2351 677 2423 1111ᾶί1ΑΟΒΕΙΙριι1οΙοεΙ).ΙΙιιο1
698 2360 726 2407 ut
746 2355 835 2411 OEF.
856 2373 888 2407 ae
907 2358 930 2407 si
948 2355 980 2410 Γ.
995 2355 1006 2423 ΙΙ
1025 2354 1050 2410 il.
1069 2358 1195 2410 correctis
1213 2358 1336 2406 manibus
1355 2352 1385 2407 F.

173 2423 187 2492 ΙΙ
202 2421 243 2479 111.
262 2427 413 2495 profugium
430 2423 576 2480 DETerr.
597 2428 728 2496 retugium
747 2425 776 2481 F.
787 2428 801 2497 ΙΙ
814 2426 857 2482 11.
875 2428 923 2479 iiis
941 2456 975 2466 -
994 2430 1119 2480 dourrtar
1135 2443 1184 2481 em.
1203 2425 1235 2481 Γ.
1249 2422 1262 2497 ΙΙ
1277 2428 1384 2479 lenioris

164 2495 194 2551 0.
208 2495 221 2569 ΙΙ
236 2500 357 2550 reuertar
373 2494 528 2550 AODEF.
547 2504 688 2551 eonuerur
706 2496 783 2552 Torr.

163 2642 237 2693 atiud
255 2641 406 2706 exemptum
423 2654 468 2691 me
485 2642 602 2691 nondum
619 2642 757 2693 inuenisse
776 2643 911 2696 confiteor.
958 2642 1123 2708 ilrpeotnres
1148 2643 1217 2693 enim
1239 2641 1320 2691 scribi
1338 2640 1383 2691 uei

165 2712 189 2765 0
207 2711 286 2764 uae
308 2716 355 2762 est
371 2710 419 2763 to·
434 2726 499 2763 esee
514 2710 586 2764 sitae
603 2717 650 2763 eut
666 2711 726 2764 ittos
744 2711 846 2765 adme
864 2712 957 2765 mortis
974 2711 1094 2781 cupidos.
1113 2711 1158 2780 put
1176 2711 1242 2764 tatia
1253 2742 1289 2752 —
1306 2711 1383 2766 serti·

162 2789 284 2838 sumu.
304 2784 348 2833 uet
366 2787 438 2834 uerte
456 2782 480 2835 0
498 2781 576 2834 simis
592 2811 625 2822 -
646 2781 748 2852 cupidi,
766 2784 812 2852 psi
830 2783 896 2836 tatio
912 2783 1081 2836 emunetatis.
1126 2786 1218 2849 linque
1236 2786 1328 2836 neseio
1347 2799 1382 2834 en

164 2857 266 2906 retente
284 2868 371 2905 earnes
388 2855 442 2905 aiio
461 2855 520 2906 ioco
538 2855 714 2919 supplendum
733 2857 769 2906 sit
784 2854 874 2911 nimir,
894 2856 1009 2908 fortusse
1027 2858 1090 2920 post
1112 2853 1216 2916 mortis,
1240 2857 1285 2904 ubi
1309 2855 1383 2906 feeit·

163 2927 226 2978 lime
243 2929 351 2989 propter
369 2925 483 2976 similem
500 2927 711 2978 terminationem
730 2928 854 2978 excidere
872 2929 985 2991 poteret.

233 2992 258 3048 11.
277 2997 345 3060 App.
364 2997 414 3048 eiu.
434 2991 615 3055 tristitiem
634 3001 725 3047 narret
743 2999 776 3048 de
794 2998 940 3062 Pomponio
958 2998 1083 3059 quotam.

232 3065 317 3119 seuit
333 3063 472 3118 &tentat
493 3063 636 3123 Vetulonis)
653 3069 792 3120 Librorum
810 3071 935 3120 mendum
955 3069 981 3119 in
998 3069 1103 3119 nomine
1120 3066 1274 3132 (imisue)
1291 3085 1380 3121 emen·

164 3139 235 3189 duult
253 3143 388 3189 oorreetor
405 3139 464 3188 libri
481 3139 613 3190 Dautslinl
636 3141 774 3191 ePuridls
798 3141 915 3205 epitome
939 3137 986 3208 (el.
1011 3141 1078 3192 Voti.
1096 3141 1135 3198 lt.
1159 3137 1208 3200 Π,
1232 3135 1286 3207 3.),
1309 3153 1381 3204 quus

164 3225 222 3260 eum
241 3210 354 3274 'optimis
378 3211 527 3274 quibusque
547 3211 698 3262 Valerianis
721 3213 857 3262 eodtoibus
880 3213 907 3261 in
932 3211 1090 3280 eognomine
1113 3226 1217 3277 quoque
1241 3213 1380 3271 consentit.

164 3282 232 3343 quod
252 3281 334 3346 uulgo
352 3281 424 3330 mete
446 3275 548 3330 Vetstie
566 3283 740 3335 scribebatur.

232 3348 414 3418 apparitorum
431 3354 458 3399 et
473 3363 609 3401 seruorum
622 3349 788 3419 publicorum
803 3349 964 3412 ubonotb)
980 3352 1129 3401 immutatis
1147 3366 1181 3401 ex
1200 3352 1308 3402 arbitrio
1328 3353 1380 3402 Va·

165 3422 222 3474 terii
246 3422 337 3471 uerbis
360 3422 398 3470 ita
421 3420 491 3470 haee
508 3422 534 3470 iu
557 3423 667 3471 breuius
691 3423 822 3474 contruxit
839 3423 922 3474 Iulius
948 3422 1037 3480 Puris,
1058 3426 1212 3489 praeturum
1234 3420 1378 3476 enaiim.

160 3487 379 3562 precedentibus
395 3488 482 3541 seruis
499 3489 528 3541 ta
544 3487 647 3542 modum
665 3490 785 3543 detorsm
803 3490 1035 3559 adparitorumqse
1045 3489 1165 3541 urtieutu
1178 3489 1364 3558 conprehendit
1368 3510 1381 3551 ,-

166 3567 231 3615 unde
254 3564 386 3613 tinxerunt
409 3575 478 3627 ques
501 3566 635 3613 eorreetor
658 3563 684 3612 in
708 3564 775 3613 libro
797 3564 868 3613 Petri
890 3561 1009 3612 Danielis
1034 3566 1061 3612 et
1089 3562 1251 3613 recentiores
1280 3562 1380 3629 aliquot

165 3636 261 3686 librarii
284 3636 443 3699 posueruut,
473 3633 546 3684 nulio
573 3635 631 3684 iore
653 3639 763 3696 resepte
785 3635 821 3682 sb
845 3633 968 3682 omnibus
998 3633 1142 3681 editoribus
1166 3647 1214 3696 pro
1238 3634 1380 3698 archetypi

166 3708 301 3771 scriptura.
337 3705 406 3754 Nam
425 3715 454 3752 ut
470 3705 571 3754 mittam
591 3706 669 3770 quod.
689 3719 748 3754 eum
767 3703 812 3752 atti
829 3717 883 3752 nou
901 3703 998 3754 luerint
1016 3703 1183 3766 apparitores
1202 3704 1254 3754 uisi
1272 3705 1378 3767 pubitei.

166 3779 241 3843 piane
259 3777 347 3827 otiosa
365 3778 408 3826 est
425 3775 473 3824 itta
491 3775 644 3840 eppettutio.
664 3779 792 3825 bonorum
812 3774 936 3824 iturorum
953 3773 1093 3838 scripture,
1112 3787 1192 3834 quam
1211 3775 1236 3824 in
1249 3775 1378 3826 Beruensi

167 3863 266 3915 quoque
284 3849 336 3896 sub
353 3847 433 3897 litura
449 3846 535 3897 intere
554 3847 645 3912 ttquet,
664 3845 729 3896 nihii
747 3846 899 3910 habetque
918 3845 1044 3895 offendet.
1080 3843 1254 3912 Magistratus
1274 3847 1300 3895 tn
1317 3861 1378 3909 pro·

167 3921 275 3971 utneiam
293 3919 388 3968 euntes
406 3919 514 3982 praeter
532 3918 638 3968 lictores
656 3919 683 3968 et
701 3917 880 3982 apparitores,
900 3917 942 3982 qui
961 3917 1035 3966 ciues
1047 3915 1159 3967 Romani
1178 3918 1262 3972 erent.
1281 3929 1377 3968 seruos

166 4005 266 4055 quoque
284 3990 405 4054 pubiteos
423 4003 516 4039 seeum
535 3990 646 4040 duxisse
664 3989 696 4038 ad
717 3987 829 4038 humitis
845 3987 1007 4052 seruitiaque
1025 3987 1114 4038 officie
1131 3989 1296 4051 praestanda
1313 3989 1378 4039 uota

166 4076 208 4113 res
224 4064 275 4113 est.
311 4060 351 4111 Gi.
370 4059 401 4110 A.
420 4061 488 4112 Geli.
506 4059 541 4117 Χ,
560 4056 586 4117 3,
607 4055 646 4111 iti.
667 4059 742 4109 Paul.
760 4059 829 4109 diae.
846 4073 873 4110 u.
892 4059 1010 4108 Brutlsui
1029 4075 1054 4123 p.
1071 4052 1104 4108 31
1125 4059 1199 4110 ituit.

231 4129 314 4183 sends
331 4127 451 4181 imbrus
467 4127 583 4197 offudit.)
609 4131 706 4194 Optimi
729 4131 836 4180 codices
858 4125 959 4194 effudit.
995 4129 1028 4177 st
1050 4129 1170 4178 dicuutur
1192 4143 1260 4180 sane
1278 4131 1377 4181 etibndl

167 4207 297 4255 tenebrae.
334 4202 374 4252 ct.
392 4203 463 4254 cnrt.
482 4201 538 4257 llil.
560 4198 601 4259 12,
619 4197 663 4253 2⁰.
689 4201 777 4252 Voler.
796 4201 886 4251 Flere.
905 4199 961 4258 vlt.
980 4195 1041 4250 5611.
1072 4198 1150 4263 Atqui
1169 4201 1376 4252 oeulisetieutus

166 4291 214 4328 uon
231 4275 405 4331 mundentur.
424 4274 473 4322 sed
492 4273 669 4324 offunduntur.
705 4273 744 4324 Gt.
758 4273 817 4323 Vei.
829 4271 903 4322 Max.
922 4270 953 4328 11,
973 4268 999 4328 i.
1018 4265 1035 4318 b
1053 4273 1080 4320 et
1097 4270 1142 4326 111,
1161 4267 1187 4329 8,
1206 4267 1231 4328 3,
1251 4272 1295 4320 ubi
1313 4272 1376 4320 item

167 4348 191 4397 in
207 4345 380 4397 deterioribus
398 4345 556 4410 quibusdam
575 4341 684 4410 ψη
701 4345 752 4400 est,
770 4343 823 4394 cie.
842 4343 876 4392 de
893 4343 947 4392 nat.
966 4341 1039 4392 deor.
1057 4341 1077 4397 1,
1095 4336 1121 4398 3,
1141 4334 1167 4391 6.
1190 4341 1281 4393 Front.
1299 4341 1375 4392 stret.

167 4419 196 4477 11,
212 4414 236 4476 4,
253 4411 280 4467 3.
303 4416 373 4466 Curi.
391 4415 449 4474 vu,
467 4412 493 4473 u,
510 4411 555 4466 22
581 4415 647 4465 Ptin.
666 4429 727 4478 epp.
745 4413 789 4472 111,
808 4411 833 4473 u,
856 4407 896 4463 lb.
915 4411 1005 4465 Vater.
1020 4411 1109 4464 Ftaec.
1126 4411 1183 4469 1111,
1202 4408 1263 4464 482,
1293 4410 1376 4461 Solito

167 4491 248 4540 autern
266 4500 357 4536 errore
374 4487 487 4536 atterum
506 4487 617 4536 uerbum
641 4500 701 4534 eum
720 4486 806 4535 silero
830 4483 954 4533 contundi
977 4485 1066 4534 docuit
1083 4481 1317 4532 Drakenborohius
1341 4481 1376 4531 ed

168 4561 219 4611 Liu.
235 4557 360 4616 xxxin,
380 4551 404 4617 7,
423 4555 442 4609 8
459 4560 486 4607 et
505 4557 538 4606 ad
558 4553 605 4606 sit.
622 4556 681 4608 liat.
693 4555 729 4616 X,
747 4550 810 4608 tuti.
837 4555 932 4620 traque
950 4553 1044 4605 retinui
1063 4553 1200 4622 uulgatum
1219 4553 1376 4616 scripturam

167 4633 206 4684 uel
220 4631 308 4682 inuitis
326 4628 411 4680 libris.

232 4700 272 4756 111.
295 4695 430 4762 teum)
459 4697 579 4766 Apparet
601 4699 726 4749 uitiosum
750 4711 815 4750 esse
838 4697 909 4765 quod
933 4696 1039 4746 eodiees
1062 4694 1237 4760 manuscripti
1259 4695 1374 4757 uertunt,

166 4779 286 4831 rantur.
321 4771 416 4839 Neque
433 4771 504 4823 enim
522 4772 616 4822 auctor
633 4771 667 4821 ad
686 4784 735 4831 es,
757 4784 829 4833 quse
852 4783 902 4834 pro
919 4766 1081 4818 deuerticulo
1099 4765 1227 4818 Romanis
1245 4771 1375 4836 exemptis
