3409 5400
618 472 702 541 LlB.
722 470 827 553 ’1,10.
852 475 885 551 2,
902 482 938 553 Ἰ.
961 476 1060 545 2-5.
1374 481 1450 553 ’11119

227 634 372 701 nisuatis
395 633 613 711 decessisset,
644 638 791 702 certatim
820 656 879 701 aes
906 636 1055 714 contulit,
1083 658 1148 725 qno
1175 640 1282 703 maior
1309 659 1349 704 ac
1376 660 1452 725 spe-

90 760 94 799 2
185 730 190 735 ¹
228 743 351 808 ciosior
378 741 503 807 funeris
527 744 604 807 eius
632 762 756 830 pompa
785 742 967 808 duceretur.
1018 743 1135 809 Eleuet
1160 742 1278 831 aliquis
1304 746 1454 831 praemis

90 848 91 855 '
229 850 372 925 uirtutis,
406 868 482 914 eum
511 848 752 917 animaduertat
773 848 875 915 fortes
903 850 994 915 uiros
1023 850 1151 917 felisius
1185 851 1318 937 sepeliri
1352 873 1451 940 quam

90 976 94 1015 t
226 959 341 1023 muers
363 958 518 1044 manos.

90 1082 93 1121 ι
188 1076 234 1125 -ι·
317 1063 420 1129 Fabio
438 1072 554 1129 'autem
576 1064 675 1129 edam
696 1062 853 1129 incolomi
883 1084 1014 1129 summa
1041 1085 1115 1129 cum
1144 1062 1251 1151 gloria
1271 1066 1380 1153 gratia
1399 1062 1493 1129 ιιι-4.

226 1171 296 1237 'lata
318 1182 379 1238 est.
424 1170 584 1235 Dictatori
612 1170 644 1234 ei
670 1172 831 1257 magister
859 1154 1005 1257 equitnm
1032 1170 1198 1236 lilinueius
1226 1172 1309 1236 scito
1337 1171 1453 1257 plebis,

229 1277 318 1366 quod
341 1296 522 1366 numquam
545 1286 644 1341 antea
666 1274 788 1341 factum
811 1278 934 1352 fuerat,
963 1288 1139 1365 aequatus,
1169 1280 1288 1365 partito
1311 1280 1454 1344 exercitu

231 1386 409 1472 separatim
436 1385 470 1447 in
501 1382 639 1449 Samnio
668 1402 743 1447 cum
770 1382 955 1449 Hannibale
984 1383 1181 1451 conflixerat.
1238 1383 1306 1449 Vbi
1332 1395 1454 1451 temere

229 1494 312 1557 inito
336 1491 523 1565 certamine,
545 1488 738 1574 pestiferum
754 1486 925 1554 habiturus
949 1492 1068 1569 exittun
1091 1490 1239 1555 subsidio
1259 1491 1354 1555 Fabii
1376 1512 1453 1555 con·

90 1672 91 1677 γ
194 1608 383 1665 lacernatus
413 1607 444 1661 et
473 1597 545 1681 ipse
575 1616 650 1659 eum
677 1602 802 1679 patrem
833 1595 1010 1682 appellauit
1039 1607 1071 1660 et
1098 1596 1140 1662 ab
1167 1596 1353 1685 legionibus
1384 1598 1453 1661 suis

199 1710 201 1713 ’
229 1715 405 1791 patronum
428 1702 564 1769 salutari
585 1700 698 1779 uoluit,
722 1722 762 1766 ac
785 1701 935 1787 deposito
960 1704 1107 1791 aequalis
1132 1705 1261 1791 imperii
1279 1705 1360 1790 iugo
1381 1724 1453 1769 ma·

231 1812 404 1899 gisterimn
426 1809 580 1897 equitum,
604 1809 689 1874 sicut
710 1828 771 1895 par
793 1819 872 1886 erat,
894 1808 1072 1874 mumanae
1095 1809 1244 1886 subiecit,
1265 1810 1453 1897 impruden·

232 1919 338 2007 tisque
361 1916 454 2005 uulgi
477 1936 621 1983 errorem
643 1926 757 2002 gratae
779 1917 899 1981 mentis
923 1916 1165 2004 significatione
1187 1916 1338 1982 correxit.

321 2022 402 2089 'l'am
425 2022 558 2089 hercule
579 2020 791 2109 probabiliter
814 2043 913 2110 quam
940 2022 980 2103 Q.
1006 2022 1175 2088 Terentius
1200 2022 1328 2097 Culleo,
1357 2021 1494 2107 prae-5.

194 2150 220 2198 ιι
232 2134 316 2197 toria
337 2129 464 2196 familia
485 2138 582 2195 nutus
606 2137 638 2196 et
659 2129 743 2193 inter
765 2148 891 2214 paucos
916 2130 1073 2203 senatorii
1095 2129 1222 2193 ordinis
1249 2126 1454 2213 splendidus,
1508 2126 1513 2133 ’

231 2240 355 2326 optimo
387 2236 534 2323 exemplo
561 2234 712 2303 Africani
740 2236 918 2324 superioris
947 2256 1077 2301 currum
1105 2232 1349 2321 triumphantis,
1379 2234 1456 2320 quia

224 2356 346 2433 captus
375 2363 397 2408 a
416 2341 757 2431 Karthaginiensibus
786 2341 828 2407 ab
859 2363 899 2405 eo
926 2342 1032 2407 ficerat
1057 2351 1288 2427 recuperatus,
1321 2338 1454 2426 pilleum

230 2454 336 2541 capite
360 2471 481 2541 gerens
497 2459 629 2517 secutus
654 2458 713 2516 est.
752 2444 894 2512 'Auctori
910 2436 999 2513 enim
1013 2448 1171 2513 libertatis
1187 2468 1269 2513 suae
1285 2457 1454 2538 tamquam

229 2570 369 2647 patrono
394 2556 520 2644 accepti
542 2554 692 2623 beneficii
713 2554 958 2620 confessionem
972 2564 1141 2641 spectante
1163 2553 1284 2643 populo
1299 2552 1452 2619 Romano

192 2666 346 2737 romerito
367 2662 520 2732 reddidit.

232 2807 259 2864 2.
278 2810 336 2861 eius
354 2809 455 2860 tunam
476 2804 554 2859 Turr.
568 2803 580 2874 ΙΙ
598 2806 706 2869 pompei
725 2803 754 2859 0.
773 2801 786 2875 ΙΙ
805 2801 831 2859 5.
849 2810 881 2869 Q.
900 2807 972 2857 fabio
990 2801 1022 2859 Γ.
1039 2801 1054 2873 ΙΙ
1069 2807 1159 2858 autem
1177 2834 1212 2844 -
1230 2800 1317 2857 relata
1339 2803 1383 2855 est
1403 2814 1453 2857 eta.

232 2877 265 2932 Γ.
276 2878 290 2949 ΙΙ
302 2881 390 2932 summ
408 2893 458 2933 om.
476 2875 506 2932 F.
523 2876 537 2947 ΙΙ
552 2878 633 2928 etiam
651 2889 700 2927 οιιι.
717 2875 753 2930 E.
769 2877 783 2947 ΙΙ
799 2878 924 2928 incolumi
947 2891 1017 2929 corr.
1036 2877 1061 2927 Δ
1085 2891 1141 2929 eum
1164 2874 1274 2945 retiqac'a
1290 2881 1317 2928 ct
1335 2871 1412 2929 Torr.
1426 2875 1439 2945 ΙΙ

233 2947 258 3004 11.
277 2951 312 3018 ei]
332 2952 403 3002 enim
420 2947 455 3002 11.
473 2963 523 3000 om.
540 2945 572 3001 Γ.
584 2946 598 3016 fl
610 2948 733 2998 minutius
751 2947 783 3001 A.
798 2943 810 3018 ll
824 2945 849 3000 1.
869 2952 932 2999 ante
941 2963 991 3069 pr.
1009 2945 1045 3000 Ε.
1056 2947 1070 3016 ΙΙ
1086 2949 1240 3014 separatim*
1251 2947 1368 3000 exercitu
1385 2945 1443 3018 1211

232 3017 258 3074 11.
277 3023 386 3074 exitium
404 3018 463 3087 (scd
475 3018 589 3071 atterum
606 3021 615 3070 i
633 3016 923 3088 praetervitabit„
955 3018 983 3073 0.
1002 3017 1049 3084 abl
1073 3021 1107 3069 ob
1126 3033 1173 3088 pr.
1197 3017 1229 3073 A.
1253 3034 1271 3070 a
1288 3013 1453 3072 EFl'Torr.

236 3089 317 3215 ⁷flii.
336 3092 469 3160 aequalis]
489 3091 616 3142 salutaris
633 3088 668 3142 Ε.
689 3089 702 3158 ΙΙ
720 3092 904 3160 magisteriom
923 3105 968 3159 pr.
987 3088 1018 3142 Δ.
1034 3087 1048 3157 ΙΙ
1067 3085 1109 3143 lt.
1132 3092 1158 3155 s.
1177 3087 1194 3142 5
1212 3105 1262 3141 cm.
1280 3086 1312 3140 1¹.
1331 3084 1344 3159 11
1361 3090 1453 3142 hercle

259 3177 314 3216 err.
331 3161 345 3232 ΙΙ
362 3179 470 3230 quamq.
491 3161 619 3214 terentius
637 3159 696 3222 (sie)
713 3159 746 3213 Δ.
765 3179 842 3229 quem
861 3179 887 3227 q.
905 3163 1034 3214 terentius
1047 3174 1094 3228 pr.
1113 3159 1151 3214 D.
1162 3161 1176 3230 ΙΙ
1189 3157 1231 3214 16.
1242 3163 1286 3226 qul
1296 3164 1390 3227 captos
1402 3157 1451 3228 Eli

234 3233 277 3320 li.
296 3233 460 3358 recugerati's
473 3247 518 3300 pr.
536 3229 568 3284 Α.
587 3229 600 3300 ΙΙ
621 3227 662 3284 18.
679 3233 828 3301 tamquam]
853 3236 961 3298 iamque
980 3229 1043 3286 EF.
1062 3231 1075 3299 ΙΙ
1095 3227 1137 3286 te.
1159 3232 1366 3300 contessionem]
1392 3240 1453 3282 cen·

231 3319 338 3358 atonem
385 3339 393 3355 .
602 3319 606 3325 ·

233 3429 371 3483 de'ltabio
389 3429 520 3488 Rulliauo,
538 3443 571 3480 eo
591 3429 635 3495 qui
651 3429 754 3493 primns
772 3430 884 3482 Maximi
902 3443 1052 3498 cognomen
1068 3429 1097 3478 in
1114 3426 1243 3478 familiam
1259 3425 1355 3486 intulit,
1371 3427 1452 3478 inter-

232 3503 368 3570 pretatur,
397 3501 537 3566 sequentia
562 3499 610 3550 illa
638 3501 671 3550 de
700 3500 851 3551 Verrucoso
881 3502 940 3550 aius
968 3501 1126 3550 Cunctatore
1154 3499 1259 3549 narrari
1285 3499 1453 3562 opinabatur.

233 3573 393 3642 significare
416 3571 487 3622 enim
509 3568 593 3622 Fabio
617 3568 695 3622 eticae
716 3569 840 3622 ιἰιοοΙοιιιι·
867 3577 929 3621 ‘non
951 3571 1075 3634 praecise
1098 3571 1263 3634 superiorem
1283 3569 1372 3628 illum,
1402 3569 1453 3618 sed

233 3646 315 3695 alium
334 3657 525 3710 quemcumque
537 3643 657 3700 Fabium,
676 3641 779 3692 Fabiae
797 3642 887 3710 gentis
904 3642 1048 3701 bominem,
1067 3653 1166 3706 reaque
1177 3641 1246 3691 adeo
1257 3642 1337 3690 notas
1349 3639 1452 3697 reterri,

231 3718 263 3766 ut
286 3728 379 3765 omncs
404 3714 483 3764 facilc
507 3713 576 3764 scire
598 3714 711 3776 possent
734 3715 768 3764 de
791 3728 843 3778 quo
861 3712 945 3762 Fabio
967 3713 1137 3775 loqueretur'.
1172 3712 1284 3780 Pighius
1300 3711 1451 3768 amam,

232 3789 262 3836 ut
280 3786 365 3844 solet,
385 3787 410 3835 si
429 3799 482 3850 qua
499 3784 628 3834 historiae
650 3797 804 3852 repugnare
825 3785 997 3842 uidebantur,
1023 3784 1048 3847 s.
1072 3779 1092 3834 4
1113 3778 1200 3834 soto
1223 3779 1302 3833 atteri
1317 3780 1397 3833 σειίιιιι
1413 3780 1452 3831 ιἰι·

232 3854 328 3908 columi
350 3855 492 3924 legendum
515 3855 635 3919 putabat.
675 3855 758 3906 Recte
782 3855 871 3907 eutem
893 3855 948 3905 iam
973 3855 1107 3905 Otiuerina
1131 3855 1164 3904 de
1186 3854 1271 3904 Fabio
1294 3854 1453 3911 Verruccao,
1555 3860 1562 3873 ¹

233 3941 313 3991 quem
325 3929 353 3978 et
364 3927 453 3991 ipsum
464 3926 578 3991 quinque
590 3925 774 3977 saluberrimis
786 3927 970 3978 consulatibus
981 3926 1100 3975 timetum
1111 3937 1176 3977 asae
1188 3927 1302 3986 constat,
1315 3926 1454 3990 utromque

233 4000 320 4049 iocum
338 3999 528 4061 interpretatus
546 3997 613 4050 crat.
649 3997 706 4048 lam
723 4011 788 4048 uero
807 3999 921 4049 eandam
939 4013 996 4048 rem
1014 3996 1180 4047 delinitiant
1196 3997 1291 4048 tunere
1308 3997 1454 4047 memoriae

232 4069 348 4134 prodidit
366 4069 457 4119 auctor
476 4068 510 4118 de
528 4069 577 4119 air.
594 4069 633 4118 111.
651 4063 695 4120 82.
731 4069 830 4120 Nescio
849 4083 917 4119 sane
935 4083 971 4120 an
993 4070 1075 4121 recte.
1111 4068 1164 4120 Vix
1186 4069 1258 4118 enim
1274 4068 1381 4118 Liuium
1398 4065 1454 4116 tato

233 4139 296 4202 quid
321 4141 355 4191 de
379 4141 531 4190 cunctatore
555 4139 602 4188 llio
625 4139 730 4190 silentio
753 4141 1008 4204 praetermissurum
1030 4140 1118 4190 irrisae
1141 4139 1313 4198 crediderim,
1338 4150 1398 4189 cum
1420 4138 1454 4186 de

231 4212 319 4263 morte
337 4211 394 4262 eius
414 4212 509 4279 ageret
526 4209 632 4276 (111111,
655 4205 712 4275 bb).
753 4211 847 4278 ltaque
869 4213 895 4262 si
917 4212 1046 4264 errauerit
1067 4210 1191 4261 Valerius
1215 4213 1242 4260 et
1265 4211 1333 4260 duos
1353 4208 1453 4257 raetos

233 4283 366 4335 communi
383 4283 490 4334 nomine
503 4283 631 4346 deceptus
644 4281 799 4342 contuderit,
817 4284 847 4332 ut
858 4283 924 4334 mibi
936 4283 1042 4348 quidem
1054 4281 1166 4341 uidetur,
1183 4281 1340 4345 participem
1353 4277 1453 4327 enoris

231 4355 317 4406 habet
333 4353 505 4405 Plutarchum
522 4353 541 4406 l.
560 4369 598 4412 c..
623 4353 667 4418 qul
690 4353 801 4404 Fabium
819 4355 1000 4404 Verrucosum
1022 4367 1075 4404 non
1098 4353 1204 4417 publice
1226 4350 1333 4412 quidem
1354 4347 1452 4400 etatum

232 4437 298 4478 ease
316 4426 418 4484 scribit,
436 4423 495 4494 ἰδίᾳ
513 4422 539 4476 δ’
559 4419 666 4476 &timec
683 4418 711 4474 τὸ
729 4437 793 4494 σμικ
811 4419 900 4477 &cros
917 4420 988 4493 etad
1006 4419 1059 4475 sair
1075 4417 1247 4493 νομισμάτων
1265 4413 1452 4488 determines,

232 4493 281 4566 οὐχ
299 4493 336 4555 ὥς
352 4495 387 4548 δι’
404 4495 510 4548 ἔνδειαν
525 4507 612 4566 apere
645 4489 742 4555 eines
761 4441 815 4545 etl
833 4492 870 4553 ὥς
883 4495 982 4567 scripu
997 4489 1043 4546 τοῦ
1060 4490 1147 4564 δῆμον
1162 4487 1313 4548 thauma.

304 4563 331 4619 4.
348 4567 387 4619 Ct.
405 4567 465 4619 Lis.
482 4567 568 4625 111111,
587 4562 605 4617 2
629 4561 715 4616 -sa
738 4565 806 4617 Plut.
824 4566 892 4618 Feb.
909 4562 935 4620 9.
958 4565 1036 4616 Auct.
1053 4565 1088 4614 de
1105 4564 1154 4615 nir.
1172 4562 1209 4613 111.
1228 4555 1273 4615 43.

231 4709 321 4774 Quint.
339 4709 406 4763 dect.
424 4703 450 4771 e,
468 4705 513 4762 2⁰.
1435 4756 1440 4764 .
