3409 5400
369 674 511 738 fortasse
535 684 644 748 crunt,
674 683 816 759 quaeat
845 682 1003 759 angusto,
1034 671 1121 758 quod
1146 665 1271 736 auctori
1293 693 1471 736 concessum
1492 691 1522 736 er

369 811 514 882 tempore
531 811 724 863 excusentur
741 821 761 864 a
778 798 937 862 beneuolo
954 808 985 860 et
999 797 1182 884 indulgenti
1197 796 1317 861 lectore
1333 807 1443 882 petant.
1478 796 1523 861 Ali

368 923 612 988 incommodum
636 923 711 986 hnic
734 922 816 987 libro
842 946 859 985 e
883 922 984 1009 longo
1001 923 1157 1007 temporis
1174 923 1292 1007 spatie,
1316 921 1399 1007 quod
1418 923 1491 984 inter
1510 921 1525 985 ii

369 1048 572 1134 primendum
590 1047 852 1122 consumebatur,
877 1047 1005 1133 prodiit,
1029 1047 1247 1110 inconstantia
1266 1045 1423 1132 quaedam
1443 1047 1474 1110 in
1495 1069 1525 1110 sc

369 1171 475 1235 bando
500 1185 530 1232 ct
554 1173 695 1234 maxime
720 1173 752 1234 in
777 1169 1022 1259 distinguendo,
1047 1193 1120 1234 cum
1144 1192 1243 1257 quam
1258 1173 1415 1256 rationem
1430 1171 1467 1234 ab
1487 1172 1526 1234 ini

369 1307 501 1360 secutus
526 1317 627 1370 cram,
652 1318 692 1359 cn
715 1296 911 1382 procedente
935 1318 1033 1382 opere
1057 1297 1166 1383 magis
1182 1295 1358 1382 magisque
1381 1295 1528 1380 displicuer

368 1421 411 1484 ita
435 1431 470 1482 ut
491 1421 525 1483 in
544 1419 712 1499 nonnullis
737 1419 853 1485 saltem
878 1420 1056 1486 omittenda
1071 1421 1244 1485 uideretur.
1292 1418 1385 1499 Quae
1407 1424 1528 1484 tamen

300 1633 302 1636 Ι
366 1545 551 1608 constantia
575 1545 615 1608 ad
640 1547 781 1608 minutas
807 1546 995 1632 plerumque
1018 1569 1072 1609 res
1096 1544 1180 1608 redit
1200 1565 1307 1629 neque
1331 1542 1530 1627 deprehendo

366 1669 400 1734 ln
425 1667 580 1732 uarietate
598 1669 777 1753 scripturae
794 1690 811 1730 e
836 1669 1005 1734 codicibus
1023 1680 1165 1742 enotata,
1187 1670 1221 1732 in
1238 1689 1313 1754 qna,
1337 1688 1410 1730 cum
1433 1667 1482 1730 uel
1497 1691 1532 1753 qu

367 1792 537 1856 leuissima
561 1802 712 1876 putantur
735 1794 869 1856 maximi
898 1793 1055 1878 ponderis
1080 1794 1148 1856 lieri
1175 1793 1320 1877 possint,
1350 1791 1533 1854 conscriben

368 1937 543 2000 numquam
568 1930 624 1979 aut
653 1938 673 1978 a
697 1917 864 2002 proposito
893 1917 1031 1981 consilio
1062 1917 1261 1980 discessisse
1291 1927 1347 1978 aut
1370 1936 1433 1978 non
1456 1935 1534 1998 caq

366 2059 425 2124 par
449 2050 517 2102 erat
541 2039 602 2102 lide
626 2062 664 2104 ac
689 2039 859 2127 diligentia
883 2042 993 2128 egisse
1015 2063 1068 2104 me
1092 2041 1232 2106 conlido.
1285 2039 1458 2103 Praeterea
1484 2059 1535 2124 aeg

366 2185 452 2228 nunc
481 2164 550 2227 fero
579 2164 667 2250 quod
697 2165 934 2250 praefationem
963 2187 1051 2239 eam,
1082 2187 1168 2252 quae
1192 2165 1349 2250 sequitur,
1378 2176 1453 2226 ante
1474 2164 1536 2248 imp

366 2289 520 2354 mendam
552 2291 665 2354 curaui
695 2311 793 2376 quam
822 2291 887 2374 ipsi
915 2290 1175 2355 memorabilium
1204 2288 1275 2354 libri
1305 2290 1434 2373 meique
1457 2288 1491 2350 in
1512 2286 1538 2350 il}

367 2415 591 2482 commentarii
616 2415 769 2501 descripti
793 2429 895 2482 erant.
943 2415 1040 2496 Quod
1057 2416 1131 2490 feci,
1153 2429 1188 2478 ut
1201 2415 1334 2478 breuius
1359 2413 1399 2476 de
1422 2411 1530 2476 multis

365 2539 451 2600 notis
475 2561 608 2622 possem
634 2560 749 2624 agere,
780 2539 822 2603 ad
846 2539 932 2604 bane
957 2542 1193 2624 praefationem
1219 2540 1381 2626 ablegatis
1404 2536 1536 2601 lectorib

366 2658 481 2746 Neque
498 2680 576 2723 uero
595 2661 822 2746 praeuideram
839 2662 909 2724 sore
933 2675 967 2724 ut
989 2662 1147 2727 nonnulla
1169 2664 1391 2735 immutarem,
1416 2683 1489 2725 cum
1514 2681 1541 2722 ai

366 2804 463 2869 quam
495 2782 728 2847 excuderentur
758 2782 903 2848 ultimum
932 2804 1138 2849 recenserem
1170 2783 1314 2848 schedas
1351 2807 1455 2849 meas.
1515 2784 1541 2864 Q

365 2908 452 2971 facto
475 2906 542 2971 iam
566 2905 605 2969 de
634 2908 750 2992 paucis
775 2906 972 2993 quibusdam
1001 2908 1094 2972 aliter
1123 2907 1221 2992 paulo
1250 2909 1284 2971 in
1312 2908 1518 2993 praefatione

366 3030 506 3095 dicatum
537 3044 585 3094 cst
615 3041 711 3118 atque
739 3032 773 3094 in
797 3032 1041 3097 commentario.
1102 3030 1194 3095 Haec
1222 3030 1324 3096 habui
1349 3032 1541 3119 ¹praefanda

366 3154 565 3220 excusanda.
624 3154 774 3218 Ceterum
804 3155 980 3240 siaequis
1007 3155 1187 3228 iudicibus,
1221 3157 1339 3241 quibus
1372 3178 1500 3222 nouum
1529 3158 1541 3221 l

366 3278 490 3343 Valerii
514 3278 696 3363 exemplum
725 3279 989 3343 commendatum
1013 3301 1089 3343 esse
1114 3278 1199 3352 uolo,
1223 3300 1296 3344 eam
1318 3281 1463 3347 formam
1490 3305 1540 3346 scr

366 3404 426 3467 tori
450 3400 505 3465 diu
539 3401 687 3489 neglecto
716 3400 902 3466 reddidisse
935 3403 1081 3476 uidebor.
1111 3415 1146 3467 ut
1172 3404 1238 3468 iam
1272 3416 1327 3468 aut
1351 3406 1461 3491 ipsius
1493 3426 1541 3468 ue]

364 3527 525 3611 legantur,
561 3536 631 3601 aut,
667 3525 721 3590 ubi
743 3525 826 3590 haec
850 3527 996 3592 nondum
1019 3529 1152 3593 inuenta
1175 3539 1266 3603 sunt,
1301 3542 1390 3595 certa
1413 3529 1528 3595 altiori

366 3650 531 3735 quisitioni
565 3649 765 3715 subiciantur
794 3650 1023 3727 fundamenta,
1059 3652 1148 3739 quod
1183 3676 1282 3719 unum
1312 3654 1393 3720 mihi
1423 3677 1541 3741 propo:

365 3792 471 3857 neque
506 3774 627 3839 frustra
658 3776 806 3841 laborem
841 3778 1090 3862 consumpsisse
1123 3787 1239 3863 satque
1274 3799 1434 3863 magnum
1475 3798 1541 3863 ope

364 3896 502 3981 pretium
526 3918 578 3960 me
601 3895 723 3963 habere
749 3899 881 3983 putabo.

658 4022 785 4107 Scripsi
807 4020 952 4085 Berolini
975 4042 1089 4086 mense
1114 4021 1291 4087 Nouembri

864 4142 1097 4209 MDGGGLlll.
