3409 5400
326 510 369 577 12

415 668 509 752 Quae
539 673 731 758 priusquam
761 689 1011 757 persequamur,
1043 680 1299 737 consentaneum
1328 681 1379 736 est
1406 671 1528 737 breriter

324 781 486 868 inquirere
510 780 706 869 quibusnam
728 779 937 866 potissimum
958 777 1102 844 fontibus
1125 801 1207 846 usus
1231 781 1274 844 sit
1295 776 1453 845 Valerius.

830 1083 1043 1096 *ιο*-

580 1451 640 1517 DE
664 1448 883 1516 FONTIBVS
908 1447 1090 1516 VALERlI
1112 1448 1287 1516 MAXlllll.

413 1632 593 1699 Identidem
613 1632 682 1698 iarn
706 1641 995 1696 commemoratum
1020 1641 1071 1696 est
1092 1629 1261 1697 Valerium
1287 1654 1354 1697 nou
1378 1654 1418 1698 ea
1438 1645 1536 1698 mente

326 1743 521 1828 scripsisse,
555 1751 590 1804 ut
623 1757 757 1803 suorum
792 1751 847 1802 aut
880 1741 1128 1823 praeteritorum
1161 1752 1342 1826 temporum
1376 1739 1538 1804 historiam

324 1849 420 1913 dietis
449 1849 609 1934 factisque
639 1844 906 1911 memorabilibus
937 1858 1127 1934 exponeret,
1166 1847 1226 1911 sed
1264 1859 1298 1911 ut
1327 1847 1539 1934 exemplorum

323 1957 503 2020 institueret
534 1953 755 2023 collectionem
786 1959 820 2022 in
842 1979 939 2022 usum
962 1956 1104 2020 maxime
1134 1958 1355 2042 perorantium
1387 1967 1417 2020 et
1438 1955 1541 2020 decla·

322 2063 490 2138 mentium,
515 2083 598 2149 quae
623 2063 666 2128 ad
682 2066 792 2129 uarias
809 2067 992 2129 orationum
1008 2063 1166 2128 materias
1187 2075 1382 2149 argumenta
1405 2074 1435 2127 et
1456 2065 1541 2127 testi-

322 2171 436 2236 monia
466 2193 486 2236 a
517 2170 710 2236 clarissimis
740 2193 813 2236 cum
845 2172 1045 2236 domesticae
1074 2181 1141 2235 tum
1169 2173 1362 2258 peregrinae
1392 2171 1543 2235 historiae

322 2279 402 2342 uiris
425 2279 525 2364 petita
548 2277 817 2344 subministraret.
866 2279 959 2360 Quae
984 2277 1133 2364 exempla
1156 2300 1245 2353 cum,
1268 2291 1304 2342 ut
1324 2281 1397 2364 ipse
1419 2280 1544 2350 fatetur,

321 2406 492 2472 excerpere
508 2387 677 2450 statuisset
700 2409 740 2451 ex
754 2386 933 2451 illust-ribus
950 2387 1155 2472 superiorum
1171 2388 1366 2472 scriptorum
1383 2386 1546 2472 operibus,

319 2493 441 2558 factum
469 2503 519 2558 est
545 2503 580 2557 ut
607 2505 639 2556 et
667 2497 774 2560 rarius
803 2517 913 2560 rerum
949 2516 1014 2559 sua
1044 2505 1150 2560 aetate
1188 2507 1356 2582 gestarum
1387 2495 1549 2558 rationem

321 2599 458 2665 haberet
480 2612 511 2664 et
532 2600 722 2689 plerumque
745 2614 830 2667 totus
856 2623 896 2668 ex
918 2601 1046 2666 illorum
1070 2615 1237 2668 auctorum
1266 2603 1329 2666 side
1351 2603 1508 2690 penderet
1516 2601 1550 2680 ¹).

323 2710 407 2775 Sunt
429 2720 539 2774 tamen
563 2709 725 2795 quaedam
748 2710 861 2785 relata,
893 2730 977 2797 quae
1009 2721 1064 2773 aut
1086 2711 1159 2795 ipse
1190 2712 1261 2775 suis
1291 2710 1394 2775 oculis
1423 2711 1550 2774 uiderat

324 2815 473 2881 accidere
505 2826 560 2879 aut
588 2830 760 2904 acceperat
791 2820 1032 2885 communicata
1060 2817 1101 2881 ab
1130 2818 1335 2905 aequalibus.
1386 2815 1432 2880 Vt
1455 2838 1550 2902 prae-

324 2934 444 2987 teream
469 2944 553 3010 quae
577 2923 621 2989 ad
643 2927 841 3012 captandam
865 2928 1022 3012 principis
1046 2925 1187 3014 gratiam
1210 2925 1344 2988 intexuit
1367 2923 1407 2987 de
1431 2925 1550 3010 pietate

325 3030 446 3096 Tiberii
469 3052 551 3119 erga
572 3030 716 3098 Drusum
739 3035 872 3098 fratrem
896 3032 951 3114 (V,
975 3033 1007 3107 5,
1031 3034 1087 3112 3.),
1111 3032 1152 3095 do
1175 3032 1239 3096 lide
1255 3032 1423 3119 coniugali
1439 3044 1472 3095 et
1496 3034 1549 3097 ab·

324 3126 478 3204 stinentia
500 3138 600 3203 Drusi
624 3139 850 3227 Antoniaeque
874 3141 984 3205 uxoris
1009 3139 1098 3220 (llll,
1122 3142 1153 3213 3,
1177 3140 1240 3221 3.),
1265 3139 1305 3202 de
1328 3140 1470 3224 pertidia
1492 3141 1549 3204 Se·

323 3248 390 3310 iani
416 3245 492 3326 (lx,
526 3246 585 3321 11,
610 3257 671 3310 ext.
692 3249 737 3327 4.)
769 3249 899 3335 aliaque
927 3247 1084 3311 nonnulla
1114 3249 1181 3312 iam
1210 3257 1481 3321 commemorata,
1507 3268 1544 3309 es

323 3375 363 3417 ex
392 3352 455 3417 hoc
487 3374 607 3440 genere
636 3356 880 3419 narratiuncula
910 3355 951 3419 de
988 3354 1174 3419 uoluntaria
1201 3366 1233 3417 et
1262 3353 1418 3439 speciosa
1448 3368 1547 3417 mort«

322 3460 467 3526 mulieris
490 3462 525 3525 in
538 3462 607 3527 Cea
629 3461 748 3535 insula,
772 3462 823 3527 cui
846 3464 918 3547 ipse
942 3473 1105 3548 spectator
1128 3483 1203 3525 eum
1218 3464 1296 3527 Sex.
1318 3459 1482 3548 Pompeio
1507 3462 1548 3523 in·

323 3570 431 3633 terfuit
456 3566 509 3649 (ll,
526 3568 556 3643 6,
573 3570 629 3648 8.).
675 3569 842 3633 Pertinent
864 3570 979 3635 eodem
996 3569 1161 3658 quaedam
1177 3568 1220 3633 ad
1237 3568 1349 3634 diuum
1365 3570 1547 3657 Augustun

325 3676 526 3760 spectantia3
551 3678 610 3749 sie,
633 3687 777 3761 utputo,
802 3697 887 3763 quae
911 3676 952 3739 de
975 3676 1012 3740 T.
1034 3676 1132 3740 Marii
1165 3677 1243 3757 (nisi
1265 3676 1421 3741 mendum
1449 3689 1504 3740 est
1527 3678 1547 3740 i}

324 3779 388 3843 hoo
412 3783 556 3859 nomine)
589 3784 718 3869 ingrato
750 3784 784 3846 in
808 3805 882 3848 eum
914 3785 1023 3849 animo
1047 3795 1221 3849 narrantur
1251 3782 1322 3857 Vll,
1347 3785 1378 3854 8,
1403 3784 1437 3857 o,
1473 3806 1546 3869 qua

323 3886 507 3951 referuntur
537 3886 577 3950 de
606 3892 783 3954 temeritate
813 3890 986 3955 cuiusdam
1022 3891 1127 3975 ipsius
1161 3891 1367 3975 imperatoris
1406 3890 1545 3955 familia

325 3994 471 4059 inserere
495 4014 531 4059 se
555 3997 673 4071 conati,
699 3997 786 4083 quod
811 3996 950 4063 Octauia
966 3996 1108 4084 Augusti
1131 4016 1244 4061 sorore
1267 4007 1380 4063 natum
1404 4018 1446 4061 se
1472 3998 1546 4063 dier

324 4111 374 4164 ret
404 4099 474 4181 (IX,
500 4101 551 4177 15,
576 4104 638 4182 3.),
674 4103 714 4166 de
750 4126 815 4191 qua
836 4125 873 4167 re
906 4104 1050 4192 reliquos
1078 4106 1255 4191 scriptores
1287 4106 1436 4169 tacuisse
1461 4104 1546 4168 uald

322 4209 439 4281 miror,
470 4218 539 4273 trun
562 4221 696 4279 externa
718 4210 782 4276 duo
815 4231 899 4299 quae
922 4210 986 4275 hoc
1015 4212 1122 4299 eapite
1150 4222 1362 4277 recensentur
1392 4211 1545 4297 exempla

323 4311 405 4377 Item
429 4314 473 4377 ad
496 4318 662 4402 proprium
685 4316 811 4384 Valerii
834 4319 1054 4384 testimonium
1080 4321 1186 4385 refero
1211 4339 1295 4407 quae
1318 4320 1500 4385 traduntur
1527 4318 1545 4381 d

324 4420 430 4485 Acilio
453 4418 574 4485 Auiola
596 4420 620 4497 l,
645 4423 677 4498 8,
703 4424 753 4498 12,
778 4425 844 4512 qui,
869 4448 943 4491 cum
957 4425 1043 4492 falso
1064 4440 1212 4493 mortuus
1236 4426 1435 4501 crederetur,
1463 4426 1545 4489 uiuo

325 4538 487 4592 crematus
512 4539 571 4603 est,
596 4530 758 4617 siquidem
775 4532 861 4598 idem
885 4536 915 4600 is
946 4546 996 4599 est
1019 4533 1144 4598 Acilius
1162 4533 1283 4600 Auiola
1305 4556 1403 4622 quem
1421 4533 1544 4598 Taciti

390 4759 415 4827 ι)
435 4762 473 4815 cr.
491 4762 576 4831 past
594 4762 641 4819 no.
659 4763 679 4817 1.
697 4765 717 4825 1,
737 4761 763 4827 s.
783 4763 807 4817 r.
