3409 5400
1363 529 1406 597 45

272 686 344 752 Iam
368 687 512 752 secundo
536 697 612 774 post
635 685 799 752 Christum
825 697 937 752 natum
961 686 1093 752 saecrdo
1116 686 1179 752 hoc
1206 710 1304 774 opere
1327 713 1408 757 usus

182 805 235 857 est
260 791 301 858 Α.
326 793 460 869 Gellius,
485 796 540 881 qui
562 793 625 859 XII
649 795 689 859 N.
713 795 754 858 A.
781 797 799 857 7
830 815 869 859 ex
895 815 934 856 eo
958 797 1234 860 narratiunculam
1256 797 1345 862 illam
1370 799 1410 862 de
1522 782 1524 784 .

181 901 321 966 muliere
346 901 489 988 quadam
512 905 663 966 ucneiicii
685 925 744 968 rea
766 916 797 968 et
821 926 842 968 a
859 903 1032 968 Dolabella
1053 903 1248 988 proconsule
1272 905 1316 970 ad
1332 905 1411 971 Arci

181 1011 265 1095 pagi
302 1011 523 1096 cognitionem
557 1012 680 1074 reiecta
715 1010 898 1097 desumpsit
936 1014 1073 1098 ipseque
1107 1014 1142 1076 iu
1179 1013 1242 1074 line
1285 1011 1411 1075 addidit

181 1117 315 1199 Scripta
340 1117 415 1181 haec
443 1119 577 1181 latstmia
610 1125 657 1181 cst
691 1120 725 1181 ia
759 1119 838 1182 libro
880 1120 995 1184 Valerii
1029 1121 1167 1183 Maximi
1184 1122 1349 1203 sactorum
1381 1127 1411 1185 et

180 1225 340 1287 dictorem
363 1223 606 1288 memorabilium
629 1245 717 1289 nono.
764 1225 807 1288 At
826 1247 911 1290 nunc
930 1227 1048 1314 legitur
1069 1228 1104 1291 in
1127 1226 1208 1290 libro
1222 1226 1300 1290 VIII
1323 1234 1364 1307 (c.
1380 1230 1409 1302 1,

183 1331 273 1395 amb.
299 1331 356 1408 2.).
403 1329 525 1417 Itaque,
550 1352 623 1395 cum
643 1331 811 1418 probabile
820 1355 900 1440 pon
923 1336 965 1397 sit
977 1333 1114 1397 Gellium
1133 1334 1231 1398 aliam
1253 1333 1410 1398 librorum

182 1437 429 1502 distinctionem
453 1441 486 1501 in
510 1459 570 1502 suo
595 1437 719 1503 Valerii
744 1440 891 1525 exemplo
914 1443 1093 1514 inuenisse,
1121 1453 1176 1504 aut
1197 1444 1307 1527 ipsum
1329 1444 1410 1506 scri·
1502 1443 1508 1462 ⁸

182 1557 312 1630 ptorem
336 1546 515 1609 memoriae
538 1544 635 1631 lapsu
659 1567 789 1611 errasse
819 1556 874 1610 aut
895 1547 1062 1612 librarium
1094 1549 1217 1634 antiqui
1240 1549 1410 1614 cuiusdam

182 1652 310 1716 codicis
333 1653 369 1716 in
391 1653 540 1716 noctibus
553 1651 668 1717 Atticis
686 1671 753 1717 una
766 1653 877 1717 addita
892 1653 1013 1718 lineola
1022 1653 1139 1718 librum
1154 1653 1247 1718 VHlI
1262 1677 1319 1740 pro
1332 1653 1410 1719 VIII

184 1759 396 1824 substituisse
419 1759 528 1846 liquet.
577 1759 682 1824 Credo
708 1758 859 1833 alterurn,
884 1762 962 1846 quia
985 1761 1125 1835 Gellius,
1150 1783 1223 1825 curn
1246 1761 1329 1825 hacc
1353 1760 1409 1823 de·

183 1866 352 1940 scriberet,
377 1866 551 1930 manifesto
576 1877 650 1930 ante
670 1865 781 1930 oculos
798 1865 913 1930 habuit
932 1877 963 1930 et
985 1867 1124 1953 inspexit
1136 1866 1260 1931 Valerii
1281 1867 1408 1931 librum.

184 1973 245 2036 Cui
269 1973 418 2058 opinioni
441 1993 482 2036 ne
505 1973 540 2036 id
565 1973 695 2058 quidem
719 1973 840 2046 obstat,
865 1973 953 2059 qnod
976 1972 1115 2038 loannes
1146 1973 1409 2039 Saresbcriensis

184 2078 342 2143 Policrat.
366 2077 435 2152 llll,
460 2080 490 2144 9.
515 2085 560 2165 (p.
584 2080 650 2143 244
674 2079 724 2142 ed.
747 2079 900 2167 Lugdun.
928 2081 1026 2160 1639)
1056 2082 1171 2146 eadem
1201 2103 1237 2143 ro
1262 2083 1410 2174 exposita

104 2215 113 2226 ·
184 2209 292 2274 aequo
325 2185 436 2250 scribit
465 2189 523 2250 boc
554 2189 600 2250 tta
620 2187 731 2269 ficiem
759 2207 860 2251 nonus
886 2188 965 2250 liber
992 2190 1234 2252 raemorabr'b'um
1256 2190 1410 2252 dictorum

182 2297 235 2357 sel
247 2293 413 2377 sactorum
442 2291 558 2356 Valerii
581 2294 719 2356 Memmi
741 2296 842 2368 docet,
875 2313 949 2356 curn
974 2315 1014 2357 ea
1037 2296 1147 2359 omnia
1176 2317 1193 2356 e
1218 2294 1312 2358 Gellii
1333 2294 1356 2358 l.
1380 2315 1409 2356 c.

87 2439 90 2452 ι
185 2385 346 2464 translata
377 2420 543 2463 essenon
572 2399 717 2465 adhibito
746 2401 903 2487 primario
934 2402 1022 2464 fonto
1055 2425 1072 2464 c
1103 2401 1305 2488 singulorum
1337 2421 1409 2464 uer·

182 2505 301 2570 borum
326 2527 492 2569 consensu
513 2506 585 2570 luce
610 2507 729 2572 clarius
754 2518 922 2593 appareat.

273 2612 428 2676 Proxime
440 2614 678 2700 insequentirun
694 2635 821 2701 quoque
835 2615 1040 2681 saeculorum
1053 2617 1239 2703 scriptores
1259 2614 1408 2702 quamuis

184 2745 206 2787 a
229 2723 361 2785 nemine
387 2743 509 2797 eorrnn,
534 2722 588 2809 qui
612 2721 707 2785 nobis
731 2736 917 2808 supersunt,
941 2735 1073 2811 excepto
1093 2722 1264 2787 Prisciano
1285 2720 1410 2785 Valerii

182 2850 307 2893 nornen
330 2830 452 2903 citetur,
477 2852 578 2916 opera
601 2830 670 2892 eius
695 2840 726 2891 ct
749 2842 910 2893 nonerunt
933 2843 964 2894 ct
985 2832 1019 2893 in
1043 2852 1138 2894 usum
1158 2850 1253 2893 suurn
1272 2848 1408 2891 conuer-

183 2948 307 3011 terunt3
340 2958 379 3000 ac
411 2938 606 3022 saepissime
636 2935 766 3022 quidem
799 2936 836 2999 L.
867 2936 1057 3002 Lactantius
1086 2936 1286 3009 Firmianns,
1315 2936 1407 2998 cuius

183 3044 423 3107 institutionrun
448 3044 631 3108 diuinarum
653 3041 741 3115 libri,
771 3058 844 3107 cum
874 3042 963 3107 haud
995 3066 1069 3107 raro
1097 3044 1142 3106 ita
1171 3066 1191 3106 a
1219 3040 1408 3105 Valerianis

183 3150 352 3235 pendeant
374 3162 409 3213 ut
431 3150 558 3215 illorum
582 3148 739 3215 historiae
764 3152 904 3214 seruatis
936 3161 1059 3215 tantum
1090 3172 1157 3214 non
1184 3150 1268 3235 ipsis
1298 3147 1408 3212 uerbis

182 3256 426 3343 uerborumque
455 3258 568 3321 ordine
598 3268 798 3342 repetantur,
836 3278 902 3321 non
939 3268 1014 3321 sunt
1047 3256 1165 3321 nullius
1192 3256 1347 3319 momenti
1375 3256 1409 3318 iu

183 3362 388 3427 restituendo
411 3362 475 3427 hoc
497 3364 590 3431 libro.
636 3364 764 3429 Etenim
784 3362 924 3428 historia
946 3365 986 3427 de
1004 3363 1131 3427 Numae
1143 3362 1296 3447 Pompilii
1318 3361 1409 3424 libris

184 3473 219 3534 in
250 3473 338 3535 arcis
361 3470 501 3556 lapideis
526 3472 587 3535 sub
611 3470 755 3535 laniculo
778 3473 928 3555 repertis,
953 3492 1051 3558 quarn
1074 3470 1171 3532 refert
1193 3467 1284 3531 Lact.
1307 3465 1331 3539 Ι,
1356 3466 1409 3530 22.

185 3578 237 3641 ed.
261 3576 418 3642 Duil-esu.
442 3576 467 3651 Ι,
490 3600 522 3663 p.
544 3578 617 3653 103,
641 3598 745 3664 nequo
776 3598 793 3639 e
821 3576 917 3641 Liuio
944 3577 1092 3641 manauit
1114 3594 1219 3658 neque
1250 3595 1268 3634 e
1290 3570 1408 3644 Plinio,

185 3684 245 3748 sed
271 3705 289 3746 e
313 3682 448 3748 Valerio
472 3684 617 3749 Maximo
642 3684 679 3764 (I,
706 3686 734 3759 1,
760 3685 826 3764 12),
851 3704 1049 3769 quamquam
1068 3681 1231 3764 discrepat
1248 3678 1289 3742 ab
1313 3698 1352 3740 eo
1375 3678 1410 3740 in

185 3792 400 3877 praenomine
424 3788 531 3857 Petilii
555 3792 702 3866 scribae,
732 3792 766 3855 in
799 3790 892 3853 cuius
921 3809 1003 3875 agro
1036 3790 1136 3851 cistae
1159 3785 1234 3850 illae
1257 3787 1409 3849 inuentae

186 3920 261 3963 esse
287 3897 447 3961 dicuntur.
493 3898 608 3987 Neque
628 3901 724 3963 ctiam
749 3896 792 3961 ad
804 3896 993 3982 primariam
1007 3888 1411 3959 Ciceronis'auctoritatem

186 4004 379 4069 Lactantius
409 4002 455 4079 ll,
480 4004 512 4070 4.
545 4004 595 4068 cd.
620 4003 775 4068 Dufrcsn.
805 4001 828 4078 I,
860 4025 892 4088 p.
919 4002 982 4066 127
1013 4002 1108 4066 rediit
1134 4002 1168 4065 in
1197 3997 1437 4065 recensendis·

185 4110 341 4198 Dionysii
363 4114 492 4197 tyranni
515 4112 699 4199 sacrilegiis
724 4111 784 4175 scd
806 4112 923 4174 iterum
947 4110 992 4175 ad
1013 4108 1180 4173 Valerium
1191 4106 1217 4179 Ι,
1241 4106 1271 4181 l,
1296 4116 1358 4169 ext.
1379 4105 1410 4167 3.

186 4218 311 4283 Omnia
334 4216 452 4282 deinde
476 4220 671 4283 obseruatae
696 4228 750 4283 aut
773 4218 943 4304 neglectae
955 4216 1124 4303 religionis
1145 4212 1303 4299 exempla,
1327 4232 1411 4298 quae

184 4325 238 4389 ille
264 4324 361 4388 affert
384 4324 414 4387 II
439 4328 527 4391 instt.
552 4327 639 4391 diuu.
666 4328 698 4391 8.
720 4325 876 4390 Dufresn.
898 4324 924 4401 Ι,
948 4347 979 4410 p.
996 4326 1058 4389 140
1082 4344 1154 4409 sqq.
1177 4321 1274 4385 ducta
1295 4331 1369 4384 sunt
1393 4339 1410 4380 e

184 4436 293 4520 primo
317 4432 460 4509 Valerii,
487 4432 523 4497 in
554 4454 691 4520 quorum
718 4454 783 4497 uno
814 4433 853 4495 de
881 4430 1017 4496 lunonis
1045 4430 1197 4493 Monetae
1227 4424 1410 4491 uoluntario

185 4540 327 4605 transitu
349 4542 384 4603 in
405 4539 518 4606 urbem
538 4538 665 4605 Valerii
688 4562 796 4603 errore
815 4550 846 4603 et
868 4539 941 4625 ipse
965 4538 1119 4622 deceptus
1144 4546 1193 4599 est
1209 4530 1410 4602 Lactantius,

186 4670 261 4713 com
292 4649 400 4733 potius
430 4647 470 4711 de
501 4644 624 4711 Iunone
653 4646 785 4736 Regina
813 4647 933 4709 referre
961 4644 1167 4730 oportuisset.
1219 4639 1339 4701 Mirum
1362 4647 1411 4699 est

186 4756 240 4823 uel
261 4756 299 4823 in
320 4754 441 4821 mendo
459 4756 644 4821 consentire
664 4752 795 4821 codices
808 4750 935 4819 Valerii
956 4750 981 4829 l,
1005 4752 1036 4827 8,
1060 4752 1081 4817 4
1104 4762 1135 4813 et
1145 4744 1308 4815 Lactantii
1328 4742 1351 4810 l.
1372 4766 1411 4822 c.,
