3409 5400
279 506 346 573 840
497 505 556 571 DE
580 504 874 572 ABSTINENTIA
895 504 952 571 ΕΤ
975 504 1279 573 CONTINENTIA.

215 664 268 732 12.
297 674 301 681 ’
366 665 503 731 Multum
527 691 548 731 a
569 669 681 754 prisca
703 667 904 731 continentia
926 668 1033 751 spatio
1058 688 1219 733 annorum
1240 665 1402 751 posterior
1418 660 1503 725 Cato

278 773 456 849 descendit,
479 784 589 858 utpote
612 776 646 837 in
670 775 799 837 ciuitate
822 774 890 837 iam
906 772 1004 837 diuite
1024 785 1055 837 ct
1069 775 1196 839 lautitia
1212 772 1376 859 gaudente
1391 780 1500 835 uatus.
1527 848 1534 856 ι

275 880 309 947 Is
333 890 452 957 tamen,
485 902 559 944 cum
581 878 675 945 bellis
700 880 850 945 ciuilibus
879 884 1062 955 interesset,
1092 879 1191 945 filium
1220 902 1334 945 secum
1365 875 1502 941 trahens

276 986 450 1051 duodecim
474 1008 590 1051 seruos
606 987 730 1063 hahuit,
746 1010 883 1053 numero
899 987 1011 1073 plures
1029 1009 1126 1073 quam
1143 988 1302 1072 superior,
1317 996 1501 1068 temporum

276 1094 416 1159 diuersis
440 1094 587 1159 moribus
612 1076 794 1180 pauciores.
1514 1108 1533 1151 a

212 1199 265 1264 13.
362 1200 493 1266 Exultat
515 1202 644 1263 animus
669 1204 884 1267 maximorum
907 1204 1050 1265 uirorum
1075 1203 1267 1267 memoriam
1292 1217 1499 1284 percurrens.

275 1308 387 1393 Scipio
411 1306 614 1372 Aemilianus
639 1320 714 1394 post
736 1309 820 1371 duos
843 1307 972 1371 inclitos
996 1308 1187 1371 consulatus
1203 1306 1400 1389 totidemque
1416 1323 1499 1366 suae

274 1417 471 1501 praecipuae
495 1414 620 1500 gloriae
645 1414 826 1501 triumphos
856 1428 982 1498 septem
1011 1415 1118 1476 seruis
1148 1410 1361 1502 sequentibus
1388 1409 1499 1471 officie

273 1522 447 1608 legationis
470 1522 599 1584 iunctus
624 1536 684 1585 est.
722 1521 774 1596 Et,
796 1531 885 1605 puto,
909 1520 1123 1606 Karthaginis
1148 1542 1186 1583 nc
1203 1517 1398 1581 Numantiae
1419 1534 1499 1598 spo·

272 1628 325 1692 liis
350 1650 530 1713 conparare
554 1629 662 1713 plures
686 1638 844 1711 potuerat,
869 1629 931 1690 nisi
950 1649 1085 1711 operum
1099 1649 1234 1691 suorum
1249 1627 1341 1691 adse
1356 1620 1541 1693 laudem,to

272 1734 446 1799 manubias
483 1735 526 1798 ad
560 1736 700 1817 patriam
734 1734 918 1796 redundare
953 1733 1134 1798 maluisset.
1179 1734 1302 1819 Itaque,
1340 1751 1415 1793 etnn
1437 1747 1497 1812 pet·

273 1842 383 1905 socios
420 1852 451 1901 ot
485 1850 613 1903 exteras
648 1848 763 1926 gentes
798 1841 859 1901 iter
887 1840 1020 1914 faceret,
1054 1862 1121 1903 non
1152 1839 1319 1923 mancipia
1341 1838 1412 1899 eius
1436 1830 1495 1897 sed

272 1947 430 2009 uictoriae
455 1946 739 2019 enumerabuntur,
763 1967 824 2009 nee
849 1958 1005 2030 quantum
1021 1948 1093 2011 auri
1115 1958 1146 2009 ct
1159 1947 1296 2031 argenti,
1320 1943 1497 2027 sedquon-

271 2062 339 2117 tum
362 2051 582 2137 amplitudinis
608 2050 736 2136 pondus
761 2074 874 2116 secum
897 2054 996 2115 ferret
1018 2052 1261 2117 aestimabatur.

209 2150 261 2217 14·
361 2158 568 2223 Continentia
589 2180 669 2223 uero
702 2160 797 2222 etiam
826 2160 862 2222 in
892 2159 1067 2223 uniuersae
1096 2158 1201 2244 plebis
1230 2158 1350 2223 animis
1378 2166 1536 2238 saepe-¹⁵

271 2287 407 2331 numero
431 2266 565 2351 cognita
589 2276 647 2340 est,
671 2264 732 2329 sed
756 2264 886 2329 abunde
910 2267 980 2337 crit,
1004 2287 1045 2329 ex
1066 2265 1120 2330 his
1144 2265 1210 2329 duo
1232 2261 1381 2347 exempla
1394 2260 1496 2346 longe

269 2374 353 2437 iuter
382 2394 419 2436 se
449 2371 637 2437 distantium
668 2370 875 2437 saeculorum
903 2370 1064 2436 retulisse.
1117 2372 1256 2458 Pyrrus,
1284 2372 1413 2453 inpetus
1443 2366 1496 2429 sui

269 2488 391 2543 terrore
415 2476 520 2542 soluto
545 2500 583 2541 ac
596 2480 663 2542 iam
676 2476 849 2563 Epiroticis
863 2479 964 2541 armis
975 2478 1219 2563 languentibus,
1242 2473 1497 2542 beniuolentiam

268 2584 382 2669 populi
405 2584 548 2659 Romani
571 2584 721 2656 mercari,
747 2584 825 2669 quia
848 2585 1000 2648 uirtutem
1024 2583 1192 2649 debilitare
1212 2584 1415 2669 nequiuerat,
1439 2600 1495 2641 eu·

268 2691 374 2775 piens,
397 2711 502 2775 paene
527 2699 626 2754 totum
650 2690 816 2776 regiarum
841 2712 942 2774 opum
959 2704 1154 2776 apparatum
1169 2692 1203 2756 in
1219 2689 1335 2754 urbem
1348 2699 1533 2752 nostramao

269 2793 484 2860 transtulerat.
532 2795 682 2860 Ceterum
711 2819 785 2862 cum
817 2808 847 2859 et
879 2797 992 2883 magni
1019 2799 1114 2882 pretii
1145 2809 1176 2861 et
1205 2797 1288 2861 uarii
1317 2795 1450 2882 generis
1473 2814 1495 2856 a

265 2903 386 2990 legatis
417 2903 488 2966 eius
518 2913 584 2965 tam
612 2904 757 2966 uirorum
790 2923 887 2990 quam
916 2903 1113 2967 feminarum
1149 2913 1226 2987 apta
1253 2903 1330 2966 usui
1356 2919 1495 2964 munera

268 3008 356 3074 circa
379 3008 496 3071 domos
520 3008 690 3082 ferrentur,
714 3007 804 3072 nulla
827 3009 980 3094 cuiquam
1004 3008 1092 3072 dono
1115 3011 1217 3073 ianua
1235 3010 1349 3095 patuit,
1371 3005 1493 3070 Taren·

268 3116 418 3202 tinaeque
443 3113 638 3198 petulantiae
663 3115 833 3178 animosus
857 3116 966 3198 magis
987 3137 1087 3200 quam
1105 3115 1222 3180 efficax
1233 3115 1388 3178 defensor
1402 3109 1493 3176 haud

269 3221 339 3286 scio
362 3221 487 3284 maiore
515 3242 590 3284 cum
621 3219 726 3307 gloria
754 3219 855 3284 huius
884 3220 974 3284 urbis
1003 3221 1149 3287 moribus
1182 3244 1224 3286 aa
1256 3223 1356 3284 armis
1384 3217 1529 3304 repul-a

270 3347 328 3392 sus
353 3328 405 3390 sit.

272 3481 296 3540 1.
316 3486 415 3551 spatio]
435 3499 484 3536 om.
502 3481 536 3537 Β.
556 3487 672 3550 spetiem
691 3483 713 3536 0
729 3491 754 3536 ct
767 3501 813 3554 pr.
832 3485 896 3539 ΑΕ.
908 3487 922 3555 Η
938 3485 964 3540 2.
984 3489 1096 3538 discedit
1115 3485 1192 3541 Torr.
1205 3486 1221 3556 li
1234 3489 1262 3539 in
1285 3485 1402 3552 ciuitate}
1426 3486 1491 3535 inni·

271 3562 327 3608 tate
342 3572 386 3625 pr.
406 3555 436 3610 A.
456 3557 563 3606 ciuitate
582 3555 677 3608 BGE.
694 3556 708 3625 ΙΙ
725 3558 836 3625 lautitia]
862 3560 970 3609 licentia
993 3556 1061 3610 DF.
1077 3559 1091 3626 ΙΙ
1108 3555 1134 3612 4.
1153 3558 1303 3623 duodecim]
1324 3558 1372 3608 vlt
1392 3555 1451 3608 ΟΕ.
1466 3556 1479 3627 ΙΙ

272 3627 405 3693 superior]
426 3624 486 3678 add.
507 3630 529 3676 si
548 3625 579 3679 F.
591 3625 604 3694 ΙΙ
616 3623 641 3680 h.
660 3629 768 3679 Exultat
786 3658 820 3666 -
838 3644 998 3693 percurrens
1020 3645 1069 3683 ont.
1090 3627 1121 3681 F.
1138 3630 1152 3697 ΙΙ
1169 3625 1194 3679 8.
1213 3630 1362 3692 triumphus
1387 3629 1491 3692 septam

270 3713 315 3763 pr.
332 3696 364 3749 A.
377 3699 390 3765 ΙΙ
406 3693 431 3749 il.
450 3699 598 3764 kartaginis
617 3695 678 3765 ,4.11
698 3697 738 3749 lii.
759 3715 914 3763 comperero
933 3699 961 3753 F.
978 3699 992 3766 ΙΙ
1010 3695 1050 3752 13.
1070 3704 1277 3751 inumerabantur
1294 3695 1491 3750 acerra-r.

284 3767 298 3832 ΙΙ
312 3766 353 3818 14.
373 3784 463 3816 secum
483 3771 587 3830 pondus
606 3767 637 3819 F.
650 3767 663 3834 ΙΙ
675 3771 876 3820 existimabatur
893 3769 987 3822 BCE.
1003 3770 1017 3837 ΙΙ
1036 3767 1076 3821 15.
1097 3772 1264 3822 Continentia
1283 3798 1317 3806 —
1335 3767 1404 3835 (il.)
1423 3774 1491 3821 reiu-

274 3839 340 3886 lisse
359 3853 407 3889 om.
428 3835 456 3888 Γ.
472 3835 484 3902 ΙΙ
499 3853 562 3886 noro
585 3853 633 3890 em.
653 3837 680 3888 F.
699 3839 712 3906 Η
729 3841 754 3888 in
774 3841 928 3905 uniuersae]
954 3843 1078 3891 innersae
1092 3857 1136 3907 pr.
1155 3841 1187 3893 Α.
1210 3844 1237 3891 in
1255 3843 1388 3890 unirrersis
1407 3837 1492 3892 GEF.

274 3903 299 4028 A]
316 3903 356 3957 18.
375 3909 507 3970 pirroticis
526 3906 556 3959 F.
571 3905 640 4027 ll'm'
658 3912 792 3960 transtulit
810 3909 1006 3963 BCEFTorr.
1018 3913 1031 3977 ΙΙ
1044 3929 1102 3962 cum
1122 3913 1159 3978 et]
1180 3914 1206 3962 et
1223 3927 1283 3962 earn
1304 3909 1332 3963 0.
1344 3911 1358 3976 ΙΙ
1369 3906 1413 3964 22.
1431 3914 1492 3962 acia

298 3973 391 4044 1123.
409 3977 554 4026 tererentur
588 4007 605 4027 ..
623 3977 635 4042 ΙΙ
653 3981 733 4044 dono]
760 3983 838 4029 domo
856 3979 892 4031 Ε.
939 3977 981 4030 24.
1001 3986 1090 4048 magis
1109 3998 1158 4033 om.
1177 3981 1205 4035 F.
1225 3979 1237 4048 ΙΙ
1255 3979 1299 4034 25.
1317 3985 1436 4032 monbns
1458 3997 1492 4031 an

273 4047 367 4112 armis]
387 4049 504 4097 moribus
524 4051 641 4097 moribus
653 4063 699 4116 pr.
718 4047 749 4100 A.
767 4051 886 4099 moribus
904 3981 965 4102 lli).
985 4056 1067 4101 armis
1086 4069 1120 4102 nn
1134 4055 1251 4103 moribus
1269 4049 1364 4105 ΒΕΓ
1380 4058 1405 4103 et
1422 4067 1491 4104 corr.

272 4116 303 4169 Α.
328 4119 445 4168 moribus
466 4133 544 4182 qnmn
565 4120 634 4168 bello
653 4117 680 4171 F.
697 4118 709 4187 ΙΙ
723 4121 846 4183 repulsus
865 4120 911 4186 sit]
931 4123 1043 4186 repulsit
1061 4121 1094 4174 B.

774 4237 987 4250 -Ἧ

347 4293 388 4350 12.
407 4297 473 4349 Pint.
493 4297 549 4350 Cet,
569 4297 629 4348 min.
648 4292 665 4347 9
682 4298 830 4358 quindecim
850 4313 946 4349 seruos
965 4316 1024 4350 eum
1044 4302 1184 4352 comitatos
1203 4316 1268 4352 csse
1284 4303 1398 4354 tradidit.

346 4363 386 4420 13.
406 4369 472 4419 Plnt.
492 4369 619 4432 apophth.
638 4367 805 4432 (Scipminl
827 4366 860 4419 14
879 4374 905 4420 ct
923 4373 1078 4422 Athenaeus
1096 4373 1140 4430 vt,
1160 4389 1183 4425 c.
1199 4368 1258 4432 105,
1276 4390 1304 4438 p.
1313 4367 1367 4422 213
1376 4375 1490 4438 quinque

272 4455 378 4496 seruos
398 4442 489 4488 auctor
508 4441 540 4487 de
560 4439 607 4489 uir.
625 4439 662 4490 itt.
681 4437 716 4489 58
735 4440 802 4488 dnos
822 4443 926 4492 tautum
945 4445 1142 4493 commemorat.

346 4506 387 4562 14.
407 4512 445 4562 Cf.
464 4511 522 4558 Liu.
540 4509 677 4566 xxxutt,
696 4506 720 4562 4.
745 4509 812 4560 mut.
831 4513 928 4576 Pyrrh.
949 4512 989 4568 18.
1018 4516 1114 4566 Zonar.
1135 4514 1203 4574 1111,
1222 4510 1248 4566 4.

344 4577 460 4630 moribus
476 4594 511 4630 ua
529 4579 611 4630 armis
632 4579 752 4648 repetam
774 4581 820 4644 sit)
845 4584 1056 4635 Desiderabatur
1078 4586 1106 4635 ia
1129 4587 1278 4649 archetypo
1302 4587 1415 4636 alterum
1438 4587 1492 4634 dis·

272 4651 405 4702 iunetiuae
423 4653 637 4719 interrogationis
655 4655 811 4712 membrum,
830 4671 879 4716 pro
898 4671 949 4719 qao
962 4656 989 4704 in
1000 4657 1046 4705 ttto
1065 4657 1156 4706 codice
1168 4658 1286 4709 sortasse
1298 4659 1394 4706 eodem
1412 4657 1491 4706 modo

274 4724 303 4776 ut
319 4721 347 4772 in
365 4722 493 4774 Beruensi
511 4726 581 4775 male
600 4727 741 4790 repetitum
759 4727 817 4776 erat
834 4723 958 4779 moritu.
1003 4726 1126 4782 Dubitari
1150 4728 1196 4779 uix
1218 4729 1309 4794 potest
1332 4730 1395 4796 qnia
1417 4730 1491 4784 recttt
