3409 5400
332 462 400 529 578
724 458 784 525 DE
807 455 1118 524 NECESSITATE.

330 622 430 707 opiac
453 618 711 686 succurrendum
732 630 824 684 esset
843 620 909 703 ipsi
931 616 1091 683 uiderent.
1141 614 1201 681 His
1228 614 1344 680 litteris
1367 614 1455 701 quid
1483 614 1569 679 aliud

329 749 432 817 quam
454 728 582 815 imperii
603 728 658 792 sui
679 724 905 813 gubernacula
928 748 946 787 e
968 723 1122 789 manibus
1139 723 1265 797 abiecit,
1289 721 1521 807 Siciliamque
1543 740 1568 781 et

331 835 533 909 Sardiniam,
556 833 815 920 benignissimas
838 831 930 895 urbis
952 842 1085 895 nostrae
1109 831 1263 903 nutrices.
1290 827 1420 915 gradus
1445 836 1483 891 et
1506 841 1567 891 sta·

331 941 502 1007 bilimenta
522 939 690 1013 bellorum,
713 950 779 1002 tam
802 937 904 1001 mullo
928 936 1049 1001 sudore
1073 948 1105 999 et
1127 938 1290 1023 sanguine
1312 937 1348 999 in
1363 946 1564 1021 potestaten

329 1047 496 1121 redactas,
519 1047 635 1131 paucis
657 1044 780 1118 uerbis,
802 1055 834 1106 te
858 1044 983 1109 scilicet
1005 1043 1210 1107 Necessitate
1233 1042 1377 1119 iubente,
1401 1042 1542 1105 dianisit
1573 1065 1579 1101 r

290 1152 321 1218 2.
419 1152 548 1217 Eadem
576 1151 773 1216 Casilinates
801 1149 974 1213 obsidione
1001 1149 1195 1215 Hannibalis
1224 1146 1357 1213 clausos
1387 1148 1562 1212 alimentu-

331 1280 468 1344 rumque
503 1256 658 1323 facultate
688 1257 835 1321 defectos
869 1255 941 1320 lora
972 1256 1170 1319 necessariis
1205 1253 1411 1318 uinculorum
1447 1254 1561 1315 usim-

331 1365 496 1429 subducta
522 1385 606 1451 eque
633 1366 735 1427 scutis
763 1363 927 1427 detractas
965 1362 1067 1447 pelles
1100 1361 1239 1424 feruenti
1268 1358 1436 1423 resolutas
1477 1380 1562 1443 aqua

330 1471 489 1537 mandere
517 1470 660 1536 uoluisti.
718 1469 808 1549 Quid
841 1469 922 1543 illis.
958 1470 987 1533 si
1021 1466 1231 1532 acerbitatem
1265 1488 1366 1529 casus
1398 1466 1562 1529 intueare.

330 1580 496 1652 miserius,
518 1578 547 1640 si
572 1576 789 1642 constantiam
811 1577 985 1661 respicias,
1008 1571 1166 1637 fidelius?
1190 1574 1260 1658 qui,
1284 1592 1324 1637 ne
1348 1595 1370 1636 a
1394 1570 1574 1637 Romauiu

331 1686 564 1757 desciscerent,
587 1684 644 1746 tali
665 1686 711 1747 uti
733 1685 798 1747 cibi
821 1702 943 1770 genere
966 1682 1206 1753 sustinuerunt,
1234 1700 1309 1741 cum
1332 1680 1562 1764 pinguissima

330 1814 414 1855 arua
440 1812 505 1854 sua
530 1788 813 1875 lerdlissimosquc
843 1810 980 1874 campos
1008 1785 1183 1851 meandros
1212 1786 1282 1849 suis
1314 1783 1490 1849 subiectos
1514 1786 1561 1847 in·

329 1906 505 1962 inerciam.
560 1893 674 1980 Itaque
707 1896 898 1980 Campanae
931 1894 1037 1967 urbis,
1080 1914 1165 1979 quae
1200 1891 1359 1957 Punicam
1393 1893 1559 1955 feritatem

332 2002 457 2067 deliciis
481 2001 552 2064 suis
575 2001 696 2085 cupida
718 2002 809 2075 fouit,
832 2003 866 2065 in
889 2002 1072 2087 propinquo
1097 2002 1194 2063 situm
1210 1997 1390 2061 Casilinum
1408 1997 1560 2071 atmode-

331 2130 442 2173 rarum
455 2107 571 2170 uirtute
582 2106 718 2183 clarum,
732 2109 977 2192 perseuerantis
990 2108 1152 2171 amicitiae
1165 2106 1303 2193 pignore
1314 2104 1426 2187 inpios
1442 2103 1558 2167 oculus
1569 2118 1586 2157 o

331 2215 525 2281 uerberauit.

332 2406 358 2464 ³.
376 2412 450 2461 urbis
468 2408 589 2474 nostrae]
607 2424 657 2461 ont.
676 2405 707 2460 F.
725 2410 807 2460 urbes
825 2412 935 2461 nostrae
949 2424 994 2477 pr.
1012 2406 1045 2461 A.
1061 2407 1076 2477 11
1093 2409 1201 2459 nutricis
1217 2422 1261 2477 pr.
1278 2406 1310 2461 A.
1322 2407 1335 2477 11
1347 2408 1375 2458 cl
1392 2422 1445 2459 on.
1466 2406 1556 2461 ΔΘΕ.

336 2479 397 2535 th.
416 2479 451 2532 nd
474 2477 550 2534 Viti.
569 2478 598 2535 8.
617 2476 705 2547 211⁴.
723 2482 856 2548 sangnine
875 2482 902 2530 et
920 2482 1018 2531 sudore
1035 2478 1066 2532 F.
1078 2478 1092 2547 11
1103 2480 1141 2547 ln]
1161 2476 1223 2531 cdd.
1241 2482 1284 2531 ius
1302 2495 1335 2530 ac
1354 2474 1436 2531 ibn.
1447 2476 1463 2543 11
1475 2476 1505 2530 5.
1522 2478 1555 2541 te}

331 2555 371 2602 ita
389 2550 479 2605 CEF.
489 2551 505 2619 11
516 2554 665 2601 necessitas
684 2564 755 2601 corr.
771 2549 804 2602 A.
816 2549 830 2616 11
840 2548 867 2603 o.
886 2551 998 2617 Eadem]
1018 2546 1080 2603 add.
1103 2552 1179 2601 clude
1196 2548 1232 2603 F..
1251 2548 1312 2601 odd
1331 2551 1512 2601 armannus
1523 2552 1556 2599 in·

333 2624 433 2673 olentia
450 2618 598 2687 (hyesdem
617 2622 771 2683 insolentia)
790 2618 821 2675 Γ.
837 2620 851 2688 11
869 2623 1040 2673 cassilinalcs
1059 2617 1091 2673 Γ.
1107 2620 1121 2687 11
1137 2623 1237 2672 clausis
1258 2620 1287 2675 C.
1311 2622 1396 2671 clausi
1415 2618 1486 2673 EF.
1506 2620 1555 2686 111.

333 2694 462 2743 facultate
471 2719 484 2743 a
498 2690 530 2744 A.
544 2692 672 2743 lucilitale
684 2690 746 2745 Par.
761 2691 773 2762 11
788 2692 899 2744 deicolis
914 2690 942 2746 Ο.
956 2694 1051 2744 delecti
1063 2690 1125 2745 DF.
1137 2690 1151 2759 11
1163 2693 1325 2745 uinculorum
1337 2694 1554 2743 necessariorem

332 2761 362 2817 F.
374 2759 424 2828 118.
443 2778 529 2828 aeque
547 2762 579 2813 A.
600 2765 612 2823 11
632 2764 721 2813 soluta
738 2763 801 2815 Par.
816 2763 831 2830 11
847 2759 873 2816 tl.
891 2765 1020 2816 mundare
1033 2778 1078 2830 pr.
1097 2761 1130 2815 A.
1152 2765 1314 2814 manducare
1333 2760 1425 2815 GEF.
1459 2760 1497 2813 Vr
1514 2777 1555 2812 aas

332 2831 411 2884 enus
428 2832 490 2884 Por.
502 2833 516 2898 11
532 2832 653 2883 uoluistis
674 2830 726 2885 OE
744 2839 771 2885 et
783 2849 829 2900 pr.
846 2832 879 2886 A.
903 2837 1058 2886 noluissetis
1079 2833 1111 2885 F.
1134 2836 1230 2902 coegit
1239 2833 1271 2886 Γ.
1286 2832 1300 2899 11
1318 2835 1499 2885 accruitatem
1514 2849 1553 2901 pr.

331 2902 364 2956 A.
382 2904 529 2953 acerbitate
547 2899 578 2954 Γ.
593 2899 605 2967 11
619 2905 721 2954 intuere
737 2919 780 2970 pr.
798 2902 831 2956 A.
843 2903 856 2970 11
870 2901 911 2955 ll.
930 2907 1111 2956 descisserenl
1130 2903 1158 2958 C.
1184 2906 1346 2956 dcsisterenl
1363 2901 1433 2956 DE.
1458 2907 1552 2955 defice

330 2976 390 3025 rem
407 2972 439 3025 F.
453 2971 467 3039 11
480 2973 528 3039 oti]
543 2978 606 3040 post
659 2989 723 3024 nere
742 2973 819 3026 Torr.
836 2973 851 3039 11
867 2976 918 3024 ciui
932 2988 977 3041 pr.
996 2972 1027 3027 A.
1046 2971 1118 3043 1112.
1137 2975 1259 3042 campos]
1283 2972 1346 3026 add.
1365 2990 1435 3026 suos
1452 2971 1521 3028 ΒΓ.
1532 2975 1544 3042 11

332 3042 375 3096 19.
391 3045 526 3094 latuerunt
542 3040 571 3094 F.
581 3041 597 3110 11
610 2989 659 3097 iffi
669 3046 728 3095 suis
746 3046 848 3095 (inlidis
864 3042 902 3097 D.
919 3045 933 3112 11
950 3047 1045 3110 cupide
1062 3043 1122 3098 DF
1142 3051 1167 3098 et
1190 3061 1261 3098 corr.
1278 3045 1316 3104 A.
1336 3043 1417 3097 Τοπ.
1433 3043 1448 3111 11
1465 3049 1551 3096 mode·

329 3115 432 3181 nrum]
450 3113 492 3166 ab
505 3129 550 3184 pr.
561 3112 593 3167 A.
611 3117 691 3166 modo
703 3131 767 3166 rara
776 3129 847 3168 corr.
859 3113 893 3174 A.
912 3113 988 3169 Tcrr.
1006 3119 1085 3168 ruodo
1097 3131 1186 3168 rarum
1200 3115 1289 3171 OEP.
1308 3119 1479 3168 moderatum
1491 3113 1551 3168 DF.

400 3326 485 3383 20ss
502 3329 561 3383 Liu.
580 3329 679 3387 xxm.
702 3324 741 3381 li.
760 3329 814 3380 Cic.
832 3331 867 3380 de
885 3330 937 3382 inu.
957 3329 989 3388 it.
1008 3326 1051 3387 bl.
1073 3325 1131 3380 lli.

404 3400 549 3454 Casilina
571 3403 589 3464 †
612 3397 778 3452 nodorum
799 3399 899 3451 airtate
920 3398 1031 3460 chrum)
1058 3399 1133 3450 lididi
1161 3413 1244 3464 supra
1271 3401 1426 3464 primariam
1451 3403 1547 3452 melete

331 3474 477 3524 &menna
496 3476 532 3531 el.
550 3475 579 3522 nt
590 3473 713 3534 equidem
725 3473 828 3536 opinor.
847 3471 987 3536 archetypi
1003 3485 1107 3536 quoquc
1120 3472 1234 3536 exempli
1247 3471 1415 3534 scripturam,
1434 3475 1547 3523 nondun

326 3544 505 3607 probabiliter
526 3545 659 3594 matam.
704 3542 871 3598 Perizonius.
899 3557 962 3592 nam
991 3542 1095 3606 priores
1122 3542 1282 3608 interpretes
1305 3543 1413 3593 silentio
1437 3546 1548 3594 busane

330 3614 419 3672 necat.
438 3613 574 3664 Valerium
593 3614 779 3676 composuisse
797 3614 988 3677 auspicabatur
1004 3610 1140 3663 contraria
1156 3611 1256 3663 uirtute
1272 3610 1385 3670 claram.
1412 3615 1501 3679 qued.
1518 3631 1548 3664 ue

330 3684 418 3734 dicam
437 3685 471 3733 de
489 3683 583 3733 litteris
602 3685 730 3734 uiolenter
747 3683 891 3733 admodum
909 3683 1034 3741 detortis.
1058 3686 1135 3734 esset
1152 3684 1266 3746 aliquid.
1289 3685 1313 3732 si
1336 3686 1418 3734 antea
1437 3686 1548 3750 Campa·

331 3769 426 3804 norom
450 3755 582 3818 quaedam
605 3758 815 3804 commemorata
837 3755 935 3806 luisset
958 3755 1056 3812 uirtus,
1081 3754 1123 3803 cui
1146 3754 1320 3806 Casibnensis
1344 3757 1391 3804 illa
1414 3759 1549 3806 cantura

332 3824 405 3873 credi
422 3825 525 3887 postet.
560 3822 703 3888 Aliquanto
720 3825 848 3874 minorem
867 3825 949 3874 etiarn
967 3826 1221 3876 commendationem
1232 3840 1267 3875 ca
1281 3827 1389 3885 babent,
1401 3841 1476 3892 quae
1487 3829 1548 3878 Tan

332 3894 423 3943 reulus
441 3893 559 3959 legenda
576 3896 728 3956 proposuit.
753 3892 909 3952 Gallicam
931 3892 1083 3945 rotoma
1100 3893 1214 3951 adratis.
1238 3894 1549 3964 rumperemus

333 3959 467 4012 amicitiae
479 3960 604 4027 pipern.
628 3966 786 4027 praesertim
805 3979 881 4018 corn.
907 3965 930 4014 si
949 3965 1094 4016 ablaliuurn
1108 3964 1222 4032 pipsorc
1240 3983 1257 4016 a
1274 3967 1443 4018 uerberando
1460 3971 1549 4020 saian

333 4033 420 4090 seris.
443 4032 515 4081 male
540 4033 663 4083 absoluta
685 4036 846 4084 Casilinates
870 4035 1063 4098 Campanorum
1088 4038 1182 4089 oculos
1207 4040 1367 4089 uemomsse
1389 4039 1548 4094 dicerentur.

332 4118 387 4154 non
409 4104 499 4152 addita
524 4104 563 4152 cei
587 4118 640 4166 qua
667 4117 716 4154 eos
739 4105 942 4169 perstrinxeriut
969 4107 1174 4173 significatione.
1215 4107 1269 4159 Sed
1294 4111 1412 4174 pessime
1431 4113 1548 4161 amnium

332 4175 454 4240 Kappius
467 4174 611 4222 recentium
624 4174 726 4235 aliquot
737 4174 862 4226 librorum
878 4175 1035 4238 scripturam
1046 4173 1209 4229 modenam
1222 4179 1348 4238 defendit,
1365 4193 1453 4245 ecque
1463 4183 1549 4232 relato

333 4247 368 4297 ad
387 4245 540 4303 Casilinum,
558 4245 683 4307 oppidum
704 4259 816 4307 paruum
833 4247 947 4310 ideoque
959 4249 1108 4298 modestum
1120 4252 1257 4312 superbae
1268 4255 1296 4300 el
1306 4251 1428 4314 perfidae
1437 4253 1549 4316 Capuae

332 4317 431 4381 apponi
448 4316 532 4380 putat.
573 4315 631 4363 llas
653 4316 777 4380 equidem
794 4316 961 4366 comecturas
984 4319 1046 4368 nolo
1064 4320 1195 4369 similibus
1220 4335 1323 4388 augere
1341 4321 1547 4384 suspicionibus.

332 4401 393 4438 cum
411 4401 490 4453 quam
508 4386 595 4436 doctis
613 4388 641 4436 el
658 4385 800 4436 subtilibus
816 4387 947 4437 iudicibus
965 4389 1144 4452 persuadeam
1155 4391 1300 4442 inuenerint
1318 4391 1427 4444 nnllam.
1463 4393 1548 4444 Paulo

332 4461 396 4508 ante
413 4459 552 4522 archetypi
569 4457 748 4508 testimonium
766 4459 875 4507 amotus
893 4459 1052 4510 adlectiuum
1071 4456 1169 4527 cupida
1193 4464 1319 4512 resocaui
1342 4477 1391 4526 pro
1409 4463 1546 4520 aduerbic.

331 4527 403 4589 quod
421 4529 483 4578 lude
500 4544 518 4578 a
529 4528 624 4596 i’lgbio
640 4529 779 4581 edebatur.
814 4529 971 4593 Cupidilatis
983 4531 1052 4582 enim
1072 4534 1099 4582 ot
1115 4533 1196 4584 auen
1210 4535 1291 4592 notio,
1310 4535 1379 4600 quod
1392 4535 1418 4584 in
1431 4535 1547 4586 mnenda

332 4597 432 4646 Punica
449 4599 555 4648 feritate
572 4600 704 4662 apparuit,
724 4601 758 4650 de
775 4600 837 4663 ipsa
855 4601 948 4665 capua
969 4603 1119 4666 praedicari
1136 4606 1251 4667 poterat,
1275 4617 1362 4671 neque
1384 4606 1442 4656 ulla
1462 4620 1548 4658 causa

333 4665 392 4712 erat
409 4680 456 4716 eur
472 4683 491 4716 a
507 4670 638 4720 bonorum
654 4671 781 4721 librorum
797 4671 931 4735 scriptura
946 4673 1155 4727 Quatenus.
