3409 5400
286 487 351 554 na
751 477 810 542 nn
832 475 1037 542 vnnoun.

284 643 414 708 diceret.
461 639 528 720 Qui
550 661 620 704 cum
644 659 717 702 cum
733 638 928 726 coniugibus
953 660 991 701 ac
1005 637 1118 701 liberis
1138 635 1297 722 squalore
1314 635 1438 700 obsiti
1465 655 1543 717 sup

284 747 387 834 plices
411 745 551 810 Romam
576 746 760 818 uenissent,
788 744 908 808 accidit
936 754 969 806 ut
996 742 1129 829 reliquis
1160 741 1311 806 tribubus
1339 742 1545 806 salutarem

286 853 480 918 sententiam
510 851 631 916 secutis
662 849 735 914 sala
762 849 869 913 Pollia
905 848 1064 912 iudicaret
1096 859 1247 933 oportere
1283 848 1444 932 publice
1485 868 1543 908 eos

287 958 476 1024 uerberatos
513 957 620 1022 securi
652 956 789 1040 percuti,
825 953 976 1019 inbellem
1016 954 1253 1018 multitudinem
1286 955 1360 1018 sub
1404 974 1546 1018 corone

286 1066 410 1131 uenire.
469 1061 576 1142 Quam
605 1060 648 1124 ob
681 1081 818 1124 calisam
845 1058 979 1146 Papiria
1013 1061 1131 1133 tribus,
1164 1061 1199 1127 in
1232 1083 1298 1147 qua
1339 1061 1567 1146 plurimumt

286 1179 402 1260 postea
430 1167 606 1232 Tusculani
633 1167 667 1231 in
695 1166 858 1230 ciuitatem
885 1167 1006 1252 recepti
1033 1177 1220 1252 potuerunt,
1248 1168 1441 1232 neminem
1472 1189 1546 1228 um·

288 1299 386 1366 quam
409 1272 618 1339 candidatum
642 1272 766 1337 Polliae
791 1270 892 1336 tribus
919 1273 995 1336 iecit
1023 1273 1268 1358 magistratum,
1297 1293 1344 1335 ue
1375 1272 1435 1337 ad
1466 1295 1546 1336 eam

288 1383 374 1448 ullus
397 1381 503 1446 honor
527 1382 595 1442 auia
617 1379 787 1465 suffragiis
811 1379 1006 1464 perueniret,
1030 1378 1200 1464 quasillis
1225 1378 1328 1442 uitam
1354 1402 1404 1443 ac
1435 1379 1545 1443 liber·

272 1501 397 1566 tatem,
420 1495 576 1574 quantum
600 1487 633 1549 in
656 1487 731 1570 ipsa
754 1485 822 1564 luit,
846 1483 1023 1551 ademerat.

291 1647 313 1702 l.
334 1665 393 1699 eum
413 1646 484 1712 euml
503 1644 582 1698 semel
599 1661 657 1696 cum
676 1640 875 1696 Acesten.
890 1643 903 1712 ΙΙ
917 1648 945 1696 et
965 1645 1056 1695 tiberis
1073 1641 1110 1696 D.
1129 1641 1142 1711 ΙΙ
1161 1643 1251 1709 obsiti}
1276 1641 1343 1697 aad.
1364 1661 1438 1695 cum
1463 1660 1541 1694 corr.

289 1717 321 1776 A.
342 1716 419 1771 Tarr.
434 1715 446 1788 ΙΙ
459 1714 485 1770 2.
505 1717 599 1779 reliqui
612 1729 658 1782 pr.
674 1712 707 1766 A.
719 1711 770 1780 113.
789 1732 823 1779 po
838 1716 845 1764 l
859 1718 895 1766 lta
911 1713 970 1776 (sed
982 1713 1062 1783 prisc
1080 1715 1088 1764 Ι
1106 1713 1134 1766 ia
1151 1726 1258 1774 rasura)
1275 1714 1306 1766 Δ.
1325 1717 1450 1778 popili·
1473 1714 1541 1768 CR
1589 1666 1592 1753 d

289 1790 366 1841 Polie
385 1785 463 1840 Tarr.
479 1784 490 1852 ΙΙ
504 1783 529 1839 t.
549 1784 705 1836 imbecillem
725 1787 858 1836 imbellem
880 1784 916 1838 D.
934 1786 948 1853 ΙΙ
963 1783 988 1838 5.
1008 1787 1092 1850 popiri
1116 1789 1217 1836 utribus
1240 1783 1271 1837 A.
1295 1788 1412 1850 papiria
1442 1789 1539 1837 tribus

290 1858 327 1910 D.
347 1859 447 1922 papilla
464 1857 548 1906 tribus
569 1854 598 1909 C.
617 1856 726 1919 popillia
744 1857 827 1906 tribus
846 1855 912 1922 13.ss
930 1856 955 1910 7.
973 1858 1072 1920 poiliae
1091 1872 1136 1924 pr.
1156 1856 1185 1910 C.
1210 1857 1327 1921 popilius
1352 1855 1382 1908 Ε
1404 1863 1439 1908 et
1460 1872 1539 1908 corr.
1589 1808 1592 1895 i

293 1927 321 1980 0.
339 1928 431 1977 Pollae
451 1925 528 1976 Terr.
539 1924 553 1991 ΙΙ
565 1925 590 1977 8.
610 1927 694 1975 honos
715 1923 791 1978 tarr.
803 1925 817 1994 ΙΙ
829 1929 886 1978 suis
904 1926 1053 1996 suffragiis]
1073 1930 1130 1978 suis
1148 1943 1197 1980 am.
1214 1925 1246 1978 A.
1265 1928 1416 1995 suffragiis
1431 1944 1537 1979 ennam

292 1993 356 2048 OD.
369 1997 506 2065 suffragiis
519 1997 576 2045 suis
588 1991 620 2046 E.
633 1995 647 2064 ll
658 1993 683 2047 a.
697 2000 822 2062 quantum
835 2013 885 2050 ara.
894 2013 939 2066 pr.
952 1996 983 2050 A.
995 1997 1009 2063 ΙΙ
1020 1999 1148 2050 adimeret
1156 2013 1201 2066 pr.
1212 1995 1243 2050 A.
1256 1999 1391 2048 sdemerit
1404 2013 1493 2050 corr.
1502 1997 1536 2050 A.
1589 1949 1592 2035 i

291 2139 462 2189 mutationem
480 2139 507 2188 in
525 2138 576 2188 boc
595 2139 677 2188 uerbo
696 2151 826 2204 nusquam
840 2142 1144 2206 deponenterusurpato
1163 2139 1252 2190 statui.
1288 2138 1343 2190 Sed
1361 2155 1422 2190 non
1445 2143 1534 2203 piune
1588 2091 1592 2157 i

292 2224 354 2260 eam
372 2209 531 2259 ebhorutssc
550 2225 567 2258 a
585 2209 762 2258 Romanorum
782 2213 906 2268 auribus.
928 2213 990 2262 tude
1008 2213 1119 2279 colligo.
1142 2213 1212 2272 quod
1232 2211 1371 2278 Vergilius
1388 2211 1435 2261 1x
1458 2213 1533 2262 Aea.
1588 2244 1592 2313 p

292 2277 347 2332 660
364 2280 478 2344 simplex
497 2281 615 2338 uerbum,
635 2281 704 2345 quod
724 2281 805 2348 uulgo
824 2283 867 2332 est
885 2279 959 2339 bello.
977 2282 1095 2347 patiendi
1108 2283 1194 2332 torma
1211 2282 1308 2345 posuit.
1345 2285 1444 2340 Quam
1466 2299 1528 2332 crum

291 2365 346 2402 non
363 2351 548 2418 intellegerent
565 2352 592 2400 in
603 2352 653 2400 hoc
666 2352 813 2413 composito
826 2353 934 2409 librarii.
954 2355 1024 2404 male
1037 2352 1150 2403 aetitiam
1164 2354 1243 2416 futuri
1256 2354 1396 2415 temporis,
1421 2356 1529 2405 rectius
1589 2385 1592 2427 ,

292 2421 369 2472 Paris
388 2421 499 2484 perfecti
517 2421 645 2483 temporis
664 2421 775 2469 formam
795 2435 810 2472 e
829 2424 980 2473 contectura
998 2425 1170 2474 substituisse
1189 2425 1318 2473 uidentur.

365 2489 418 2550 Qut
435 2503 491 2542 eum
504 2503 561 2542 eam
573 2487 735 2556 eosiupt'dur)
752 2491 923 2543 Manifestum
937 2499 980 2544 est
991 2495 1165 2558 temporalem
1178 2495 1332 2557 particulam
1345 2507 1421 2548 can.
1438 2511 1523 2557 quara
1589 2528 1590 2549 r

293 2563 410 2613 editores
428 2576 462 2612 ex
480 2564 640 2618 correctura.
659 2563 684 2612 in
705 2563 796 2612 codice
814 2565 944 2615 Berneosi
962 2568 1108 2617 recentiore
1125 2581 1204 2616 mauu
1216 2567 1349 2629 temptata
1360 2573 1388 2616 et
1407 2567 1480 2617 iude
1498 2569 1522 2616 'ur

294 2633 363 2682 alios
382 2633 464 2682 libros
482 2631 621 2690 translata.
645 2633 707 2681 aute
724 2631 856 2700 supplicet
873 2635 1047 2692 intruserunt,
1070 2638 1098 2686 in
1122 2637 1269 2702 archetypo
1293 2637 1389 2686 codice
1407 2641 1523 2687 omnino
1589 2669 1592 2681 .

294 2703 420 2754 demisse.
456 2702 511 2755 Sed
529 2719 588 2753 crim
607 2703 680 2753 nulla
699 2704 846 2755 inueniatur
865 2720 950 2757 carras
969 2722 1015 2757 cur
1032 2708 1077 2757 itio
1096 2709 1154 2758 loeo
1173 2708 1341 2757 intercideret
1360 2722 1439 2766 cm,
1460 2726 1520 2771 pro

293 2774 410 2823 habilius
429 2774 493 2824 mihi
512 2774 604 2823 uideor
621 2774 771 2825 coniectare
789 2776 924 2827 Valerium
947 2780 1090 2842 scripsisse
1110 2776 1164 2835 Qui
1181 2793 1256 2844 quon
1272 2792 1331 2829 ean
1347 2777 1521 2845 cont-m

361 2848 454 2909 postea
473 2840 614 2893 lucratam
634 2840 660 2891 ia
680 2842 811 2895 ciuitatem
834 2845 944 2913 recepti)
970 2850 1108 2899 Ciuitateur
1131 2848 1277 2899 Tusculani
1300 2850 1353 2897 ium
1381 2850 1427 2898 diu
1457 2856 1521 2900 ente

292 2910 412 2963 Flauiam
430 2914 595 2979 rogationem
614 2912 821 2975 impetrauerant
838 2920 909 2967 teste
931 2919 1007 2969 Liuio
1027 2914 1128 2977 V1‚2b
1147 2920 1264 2975 etVlIl.
1289 2915 1330 2973 it.
1348 2921 1438 2982 paulo
1458 2931 1520 2987 post
1590 2967 1591 2982 ,

292 2983 364 3032 Furii
382 2982 484 3032 Camilli
502 2983 637 3032 dictatoris
656 2988 850 3047 expeditionem
869 2988 942 3038 illam
960 2988 1149 3047 Tusculanam.
1169 2992 1202 3039 de
1221 3006 1274 3056 qua
1291 2990 1374 3040 etiam
1387 2991 1519 3043 Valerius
1590 3049 1591 3054 ¹

294 3050 349 3109 Vll,
368 3046 394 3110 3,
412 3053 465 3103 ext.
484 3046 501 3104 9
520 3053 653 3112 disseruit,
673 3056 715 3118 qui
733 3060 823 3107 tamen
842 3060 894 3109 hoc
911 3059 980 3116 loeo.
999 3061 1031 3111 de
1051 3076 1102 3125 quo
1121 3062 1236 3129 agimus,
1254 3058 1447 3122 Tusculanos,
1467 3079 1517 3128 qao

292 3125 412 3185 ternpore
430 3123 463 3172 de
480 3124 516 3171 iis
535 3123 646 3173 relatum
657 3130 700 3174 est
717 3127 750 3175 ad
771 3129 906 3191 populum,
925 3132 999 3181 ciues
1018 3132 1132 3181 noudum
1151 3133 1235 3181 fuisse
1253 3132 1402 3187 existimat,
1421 3149 1517 3195 qum

292 3207 372 3255 quam
391 3192 494 3244 circiter
512 3196 654 3261 sexaginta
673 3198 734 3245 arani
752 3198 813 3247 lude
832 3202 868 3247 ab
886 3201 931 3249 illo
950 3201 1021 3252 iacto
1038 3202 1253 3253 intercesserant
1291 3206 1378 3263 Quam
1403 3204 1516 3253 difficul·
1590 3261 1592 3274 Ι

291 3266 373 3315 tatem
398 3266 425 3312 ut
447 3268 626 3323 remanerent,
655 3266 766 3333 Pighius
794 3272 896 3319 temere
915 3276 1010 3336 postea
1037 3274 1202 3336 transposuit
1219 3287 1253 3323 ee
1275 3274 1344 3330 loco.
1371 3276 1420 3323 ubi
1448 3291 1518 3325 nunc

291 3348 411 3401 amquam
423 3336 528 3403 legitur,
548 3336 615 3400 quod
630 3338 734 3387 omnino
748 3340 855 3396 deleuit,
875 3340 1029 3394 Perizonius
1047 3343 1129 3393 aliam
1141 3342 1300 3393 Tirscuiauis
1319 3346 1412 3403 antes,
1431 3348 1516 3395 atisin

290 3406 388 3470 postea
406 3406 520 3455 ciuitatis
539 3406 718 3457 condicionem
738 3408 823 3460 tuisse
842 3412 942 3471 statuit,
963 3414 1127 3478 primumque
1146 3415 1171 3463 iu
1190 3415 1322 3463 ciuitatem
1341 3416 1457 3475 uiridem
1477 3432 1517 3467 re·

292 3478 394 3541 captos,
413 3478 539 3527 eadsine
557 3478 695 3544 suffragio,
715 3484 776 3542 post
794 3482 830 3533 M.
849 3482 935 3533 Flauii
956 3484 1122 3551 rogationem
1146 3486 1208 3535 dato
1232 3485 1360 3551 suffragio
1387 3486 1416 3535 iu
1435 3488 1517 3552 Pupi·

292 3547 359 3596 riam
377 3547 471 3596 tribum
491 3548 624 3609 ascriptos
648 3562 711 3599 csse
735 3552 895 3613 suspicatur.
940 3554 970 3603 ln
994 3570 1048 3616 qtra
1071 3556 1194 3616 opinione
1217 3572 1266 3618 pro
1288 3562 1457 3623 argumento
1482 3562 1518 3608 uti

291 3618 396 3679 poterat
416 3618 506 3667 Verrio
526 3617 632 3672 Flacco.
655 3632 670 3668 e
695 3635 746 3683 quo
764 3626 893 3685 excerpta
910 3625 978 3674 haec
1002 3627 1127 3693 leguntur
1144 3626 1214 3688 apud
1233 3626 1344 3676 Paulum
1366 3628 1516 3679 diaconum

290 3702 317 3749 p.
338 3682 396 3743 127.
414 3684 589 3753 Municipium
608 3684 638 3737 id
652 3703 735 3753 praue
745 3687 875 3742 dominura
887 3690 995 3749 acue.
1015 3693 1061 3761 qui
1077 3710 1135 3747 cara
1147 3693 1256 3747 item
1268 3696 1411 3752 minent.
1431 3715 1517 3767 nequ

291 3754 363 3807 ciues
379 3752 492 3807 &maai
514 3761 606 3815 eareat,
626 3758 776 3826 participes
794 3766 880 3813 tamea
893 3762 1009 3827 sumat
1030 3764 1143 3816 ousiam
1164 3780 1253 3817 rerum
1275 3763 1312 3817 ad
1333 3782 1432 3820 nuuc
1444 3770 1517 3835 suc·

287 3822 399 3891 pradum
422 3842 475 3877 aaa
498 3842 555 3877 eum
573 3826 699 3879 Romarm
722 3829 824 3885 eursu
842 3838 1029 3900 praeterquam
1052 3834 1085 3887 de
1106 3836 1235 3903 suffrapie
1250 3834 1367 3902 serenda
1392 3846 1443 3891 ast
1460 3859 1517 3893 nc·

287 3892 402 3960 pbtratu
414 3894 552 3963 capiendo.
566 3896 752 3967 sieutsueraat
764 3898 897 3957 Fundani.
910 3901 1057 3961 Formiani.
1073 3904 1192 3961 Cumaei.
1206 3906 1346 3962 Acerrani.
1361 3906 1514 3967 bnassu.

292 3962 442 4023 Tusculani.
461 3966 505 4033 qui
521 3973 582 4034 post
599 3968 698 4035 aliquot
716 3986 797 4023 anaor
814 3971 1008 4025 ciaesltoraaai
1026 3976 1112 4043 effecti
1127 3983 1195 4031 ruat.
1230 3981 1266 4029 At
1280 3981 1392 4042 primum
1408 3984 1515 4040 Liuius.

291 4036 316 4085 sl
328 4048 380 4085 non
393 4049 551 4087 eoncessum
564 4040 660 4089 luisset
670 4046 730 4091 tunc
741 4044 901 4094 Tusculanis
910 4047 1077 4113 suffragium,
1096 4050 1165 4098 hane
1175 4052 1357 4112 exceptionem
1372 4067 1423 4114 pro
1437 4070 1515 4105 more

289 4121 339 4157 suo
362 4107 463 4156 tantum
486 4122 539 4157 non
563 4122 669 4171 semper
687 4115 831 4163 obseruata
850 4116 909 4167 siue
927 4118 1007 4166 dubio
1027 4126 1278 4172 commemorasset:
1303 4122 1414 4177 deinde,
1441 4130 1513 4190 qrrod

288 4179 373 4241 probe
391 4178 477 4227 sensit
495 4178 661 4237 Perizonius,
685 4196 718 4231 ne
743 4186 801 4245 ipse
820 4186 925 4245 uiridem
947 4188 1069 4237 Valerius
1093 4191 1118 4238 in
1137 4206 1171 4239 ee
1189 4193 1313 4254 opinione
1330 4197 1402 4250 erat,
1428 4202 1515 4247 antee

288 4250 342 4299 iam
361 4248 528 4299 Tusculanos
547 4250 664 4301 maxima
683 4267 716 4303 ex
735 4258 810 4318 parte
828 4256 961 4308 ciuitatem
980 4259 1122 4316 habuisse.
1147 4264 1195 4311 sed
1215 4274 1263 4311 cos
1281 4265 1342 4325 post
1361 4264 1450 4315 Flauii
1470 4284 1514 4317 ro·

288 4322 423 4387 gallonem
443 4322 547 4369 demum
567 4326 689 4385 receptos
708 4338 772 4374 esse
790 4327 873 4389 putet.
908 4327 1010 4393 ltaque,
1030 4345 1088 4379 cum
1102 4346 1207 4382 omnem
1220 4333 1299 4383 huius
1312 4334 1512 4388 iacdrrotitiam

289 4408 306 4440 a
324 4391 398 4440 Liuio
416 4392 558 4454 acceperit.
577 4392 621 4441 ille
641 4406 705 4443 uero
723 4395 756 4443 de
775 4396 881 4446 ciuitate
900 4401 996 4459 postea
1015 4401 1048 4450 iis
1067 4402 1165 4452 tributa
1183 4404 1248 4453 nibil
1262 4406 1408 4467 scripserit.
1428 4409 1512 4471 liquet

288 4462 423 4511 Valerium
442 4462 511 4511 ultra
529 4462 629 4513 iontem
652 4476 729 4513 suum
750 4480 922 4532 progressum
942 4471 969 4518 in
987 4471 1039 4528 his.
1062 4487 1133 4533 qrrae
1155 4488 1189 4523 er
1208 4475 1317 4541 ingenio
1335 4477 1437 4526 addidit
1456 4480 1511 4529 illic

288 4544 341 4646 pon
359 4530 475 4649 ἰιέἑιξηὺι,
491 4536 584 4599 pastea
604 4530 746 4585 lbseutaai
764 4534 790 4585 ia
809 4534 941 4588 ciuitatem
959 4540 1067 4607 recepti,
1087 4549 1116 4592 ut
1133 4546 1161 4594 in
1179 4546 1311 4595 similibus
1329 4548 1428 4606 multis,
1451 4549 1510 4613 lap·
1589 4569 1592 4646 p

305 4614 347 4649 um
418 4616 442 4653 e.
1589 4649 1590 4682 r

357 4668 415 4720 cuir
430 4669 578 4739 suffrapiic)
598 4674 786 4727 Necessarium
800 4691 890 4728 eorum
901 4682 1133 4749 significationem,
1152 4700 1264 4751 quorum
1277 4687 1413 4755 suffragiis
1433 4704 1508 4742 arim·
1590 4711 1592 4828 p
