3409 5400
189 446 191 453 ’
255 454 322 521 134
376 460 387 471 ’
551 510 554 513 .
710 444 771 512 Dll
796 442 1023 511 OMINIBVS.

255 614 326 686 fuit,
350 630 416 697 quo
439 620 586 693 tempore
608 606 715 673 hostis
740 630 762 671 a
783 618 901 671 senatu
923 604 1086 669 iudicatus
1115 605 1150 668 in
1174 602 1307 667 domum
1329 602 1470 669 Fanniae

255 718 428 785 Minturnis
464 715 633 781 custodiae
668 736 771 779 causa
805 712 967 779 deductus
1001 721 1060 777 cst.
1117 710 1356 775 Animaduertit
1389 711 1471 775 enim

257 824 406 898 asellum,
430 844 506 888 cum
529 824 559 886 ei
576 821 733 907 pabulum
750 820 941 894 obiceretur,
964 818 1114 906 neglecto
1139 839 1178 881 eo
1196 816 1239 881 ad
1256 838 1377 903 aquam
1399 838 1471 901 pro·

258 942 452 1008 currentem.
498 928 574 1010 Quo
598 928 786 1013 spectaculo
803 928 941 994 deorum
956 925 1163 1011 prouidentia
1181 923 1268 1011 quod
1288 934 1472 1011 sequeretur

259 1037 404 1102 oblatum
424 1046 527 1110 ratus,
551 1034 694 1120 alioquin
718 1035 815 1097 etiam
834 1031 1151 1117 interpretandarum
1173 1031 1369 1119 religionum
1391 1030 1495 1116 peri-t

258 1146 418 1216 tissimus,
442 1163 463 1205 a
485 1139 699 1214 multitudine,
723 1161 808 1225 quae
831 1140 874 1203 ad
898 1160 996 1224 opem
1011 1139 1056 1203 illi
1076 1139 1246 1203 ferendam
1268 1137 1473 1209 confluxerat,

258 1250 435 1334 inpetrauit
455 1257 491 1309 ut
513 1246 557 1310 ad
579 1267 669 1309 mare
692 1245 933 1329 perduceretur,
958 1267 998 1309 ac
1020 1248 1167 1331 protinus
1191 1244 1377 1311 nauiculam
1400 1265 1474 1309 cou-

261 1354 401 1428 scendit,
423 1374 528 1438 caque
550 1353 585 1417 in
600 1350 747 1416 Africam
769 1364 943 1437 peruectus
962 1374 1054 1417 arma
1065 1352 1175 1439 Syllae
1187 1352 1333 1417 uictricia
1355 1350 1475 1439 effugit.

220 1463 252 1529 6.
350 1458 529 1545 Pompeius
551 1480 632 1522 uero
644 1458 788 1545 Magnus
811 1462 847 1525 in
864 1460 934 1523 acie
951 1457 1145 1523 Pharsalica
1159 1461 1266 1524 uictus
1290 1479 1311 1522 a
1327 1458 1476 1531 Caesare,

260 1568 344 1654 fuga
367 1587 509 1652 querens
533 1565 683 1640 salutem,
706 1587 806 1630 cursu
827 1567 862 1629 in
883 1565 1027 1629 insulam
1050 1565 1209 1651 Cyprum,
1239 1578 1276 1629 ut
1303 1564 1425 1651 aliquid
1445 1566 1514 1629 inu

264 1695 305 1738 ea
320 1674 439 1739 uirium
455 1671 671 1746 contraheret,
695 1671 838 1737 classem
861 1670 986 1746 direxit,
1009 1670 1243 1757 adpellensque
1265 1671 1308 1735 ad
1325 1670 1478 1756 oppidum

262 1779 416 1866 Paphum
438 1780 609 1863 conspexit
629 1777 771 1842 inlitora
790 1779 979 1862 speciosum
997 1778 1191 1853 aedificium,
1216 1778 1478 1864 gubernatorem·

266 1908 329 1973 que
351 1885 567 1971 interrogauit
590 1884 679 1970 quod
702 1886 733 1947 ei
753 1906 876 1949 nomen
900 1894 998 1949 esset.
1051 1883 1118 1963 Qui
1139 1884 1309 1969 respondit
1329 1884 1479 1964 Koemllu·

264 1988 374 2057 uitam
389 1988 511 2055 noemi.
563 1988 658 2071 Quae
686 2012 751 2054 uox
778 2012 874 2075 spem
902 1992 972 2054 eius
996 1997 1016 2066 †
1039 2012 1123 2076 quae
1152 1989 1480 2077 quantulumcumque

264 2098 409 2163 restabat
430 2097 618 2161 conminuit.
662 2096 779 2183 Neque
801 2097 836 2160 id
860 2095 1101 2161 dissimulanter
1124 2096 1203 2163 tulit.
1248 2095 1376 2160 Auertit
1397 2094 1520 2159 animle

266 2202 380 2270 oculos
404 2203 531 2269 abillis
555 2205 659 2280 tactis,
682 2224 722 2269 ac
746 2203 908 2279 dolorem,
933 2224 1031 2289 quem
1054 2224 1094 2267 ex
1117 2202 1189 2269 diro
1212 2204 1320 2269 omine
1344 2210 1483 2288 ceperat,

267 2311 389 2398 gemitu
411 2312 573 2397 patefecit.

225 2415 256 2481 t.
354 2416 459 2481 Marci
482 2418 578 2481 etiam
594 2415 686 2480 Bruti
710 2416 830 2503 dignus
848 2416 995 2481 admisso
1019 2416 1192 2501 parricidio
1216 2426 1353 2480 euentus
1377 2415 1485 2503 omine

268 2522 460 2610 designatus
485 2535 543 2589 est.
590 2522 761 2609 Siquidem
778 2534 855 2608 post
870 2522 949 2587 illud
965 2524 1126 2588 nefarium
1140 2545 1223 2609 opus
1236 2520 1378 2587 natalem
1390 2542 1487 2587 suum

270 2716 295 2770 1.
312 2733 332 2767 a
349 2720 445 2768 senatu
463 2721 550 2770 bostis
566 2717 601 2770 E.
616 2719 627 2788 ΙΙ
647 2721 674 2770 in
692 2722 798 2772 domum
820 2736 869 2772 om.
885 2718 913 2770 O.
934 2715 946 2788 ΙΙ
966 2717 991 2771 2.
1010 2722 1163 2770 minetur-ius
1181 2718 1218 2772 D.
1236 2721 1356 2770 misturis
1374 2715 1409 2770 Ε.
1429 2715 1441 2788 ΙΙ
1461 2713 1488 2769 3.

268 2789 393 2856 neglecto
412 2803 444 2838 eo
462 2804 511 2840 orn.
530 2789 561 2840 Γ.
576 2794 588 2857 ΙΙ
602 2794 800 2855 percurrentem
816 2790 854 2844 D.
875 2789 886 2860 ll
907 2787 932 2842 5.
951 2793 1033 2856 aliqui
1050 2789 1084 2842 B.
1098 2788 1110 2858 ΙΙ
1125 2794 1206 2842 etiam
1224 2806 1273 2842 om.
1285 2787 1319 2841 Ε.
1334 2789 1345 2856 ΙΙ
1360 2791 1490 2853 interpre-

270 2861 415 2909 candarum
433 2855 466 2909 Β.
487 2857 499 2930 ΙΙ
519 2857 544 2911 8.
563 2861 638 2927 Sylla
656 2859 687 2912 Α.
708 2859 733 2985 'i
741 2863 858 2913 uictricia
877 2863 947 2928 sylla
969 2878 1046 2912 arma
1062 2860 1095 2913 Γ.
1111 2858 1253 2983 sseffugit]
1277 2859 1394 2928 ecqattw
1418 2862 1444 2924 §-
1462 2855 1489 2912 3.

267 2929 370 2980 Paulos
390 2946 449 2980 cnm
466 2931 674 2985 eisorteetc.1'.
688 2931 701 3002 ΙΙ
733 2928 914 2997 .§.d.om,l'.
930 2932 941 3003 ΙΙ
958 2930 999 2984 ll.
1013 2930 1105 2983 eemA
1146 2930 1208 2985 ΟΠ.
1223 2929 1235 2997 ΙΙ
1252 2927 1293 2982 12.
1311 2933 1399 2982 littore
1417 2928 1448 2981 Α.
1463 2925 1476 2998 ΙΙ

272 2995 313 3050 13.
331 3003 434 3052 mn
451 3003 557 3053 basilea
574 3000 605 3052 Α.
629 3005 693 3054 lratu
712 3005 817 3054 basilea
834 3002 868 3056 Β.
880 3003 1068 3056 'hacabusilea
1085 2999 1122 3054 D.
1145 3003 1321 3054 kacobasilca
1338 2999 1372 3052 E.
1391 3003 1491 3052 eauba-

270 3071 340 3120 ailea
363 3069 428 3138 Nep.
447 3073 628 3139 κατωραοιληα
644 3073 706 3125 Pur.
732 3071 841 3126 &lenm
859 3074 908 3126 tue
925 3089 1016 3127 nomm
1037 3073 1065 3126 iu
1084 3071 1111 3124 C.
1133 3073 1308 3139 amoenata
1328 3067 1490 3194 Tm'iin'

271 3155 349 3280 spelrp
367 3144 434 3277 ecstasi
453 3146 684 3266 quanpptacunque
705 3142 781 3197 Torr.
796 3142 809 3216 ΙΙ
825 3142 865 3197 ld
884 3147 973 3216 tectis]
994 3147 1078 3210 ceptis
1097 3143 1130 3198 Β.
1145 3144 1157 3214 ΙΙ
1177 3145 1336 3208 conceperat
1353 3139 1400 3210 (E)
1435 3157 1492 3195 ⁰¹¹¹·-

347 3247 354 3260 .
392 3247 399 3260 .
452 3228 501 3264 om.
544 3249 552 3264 .

342 3391 553 3458 Κατυβασίλεια]
572 3394 613 3444 De
630 3395 719 3457 priore
736 3396 816 3445 buius
834 3398 958 3446 uocabuii
976 3395 1053 3461 parte
1072 3395 1129 3444 cod.
1142 3394 1243 3444 Valerii
1250 3394 1330 3443 Bcrn.
1348 3394 1375 3443 et
1387 3395 1495 3448 Paridis

272 3462 419 3511 Vaticanus
436 3465 505 3514 iuter
523 3478 555 3514 se
573 3466 748 3522 consentiunt,
767 3467 800 3515 de
812 3468 976 3528 paenultima
987 3467 1088 3516 tannim
1101 3463 1195 3514 leuiter
1210 3465 1403 3527 discrepantes,
1422 3465 1495 3516 unde

272 3531 304 3584 Δ.
317 3533 416 3589 Maius,
428 3535 617 3602 Κατωβασιλὲα
627 3535 743 3587 iortme
754 3552 771 3586 a
780 3537 888 3586 Valerio
897 3539 1045 3600 protectum
1055 3535 1138 3590 ratus,
1149 3536 1182 3586 de
1192 3549 1258 3601 rege
1267 3535 1362 3584 aeolio
1373 3535 1497 3584 detractu

272 3605 467 3666 interpretatur.
504 3603 558 3654 Sed
576 3607 631 3655 tate
643 3621 740 3656 numen
759 3607 880 3657 aedificio
895 3609 995 3670 imponi
1011 3607 1057 3655 uix
1075 3607 1167 3668 potuit,
1187 3605 1408 3669 scribendumque
1419 3606 1497 3654 haud

273 3675 353 3723 dubie
370 3676 577 3738 Κατωβασίλιια,
600 3678 669 3741 quod
687 3679 791 3745 regiam
809 3680 940 3741 depresso
958 3679 1018 3728 loco
1037 3677 1076 3740 (iu
1093 3675 1181 3736 litore)
1200 3676 1280 3724 sitam
1292 3675 1498 3742 significarent,

272 3744 433 3793 intellexerit
449 3745 593 3809 Pompeius
613 3747 646 3796 de
665 3750 730 3798 sede
748 3751 820 3813 apud
837 3749 938 3798 interos
957 3749 1010 3798 sibi
1027 3746 1168 3796 destinata.
1213 3744 1295 3794 Nihili
1310 3757 1423 3808 prorsus
1442 3748 1499 3802 est,

275 3813 345 3876 quod
375 3813 487 3879 uulgata
510 3817 635 3879 exempla
657 3819 796 3883 bucusque
819 3819 960 3882 occupauit
982 3822 1009 3868 et
1030 3819 1089 3880 ipse
1107 3817 1196 3866 Maius
1219 3816 1357 3879 praetulit,
1380 3819 1499 3880 neaufle·

274 3881 359 3943 catio,
377 3896 428 3931 nec
445 3886 528 3933 mutto
547 3888 651 3943 melius,
670 3890 740 3952 quud
759 3891 821 3940 inde
838 3891 901 3940 tecit
918 3889 1071 3946 Turranius,
1088 3885 1281 3952 κακορασὸλεια.

346 3955 363 4015 †
382 3967 448 4018 qaue
465 3953 722 4023 maturamque
738 3964 812 4019 reat)
829 3961 928 4010 Nescio
947 3959 1078 4025 quomodo
1098 3959 1196 4006 tactum
1215 3958 1251 4007 sit
1262 3959 1290 4006 ut
1303 3971 1337 4007 ne
1349 3957 1501 4010 Turranius

276 4025 382 4090 quidem
407 4026 509 4074 uariam
533 4028 692 4089 scripturam
716 4031 870 4090 adnotaret,
895 4031 939 4096 qui
964 4046 1024 4082 cum
1047 4029 1179 4093 prioribus
1203 4029 1387 4096 grammaticis
1415 4030 1504 4080 edidit

275 4111 347 4162 apem
365 4093 429 4152 eiua
448 4094 680 4163 commistamque
696 4097 823 4154 restabat.
843 4117 903 4151 cum
921 4103 1012 4152 tamen
1030 4113 1124 4150 omnes
1142 4099 1202 4150 iibri
1226 4099 1254 4148 in
1278 4101 1374 4150 eodem
1397 4101 1502 4151 mendo

277 4171 433 4233 congruant,
453 4168 523 4231 quud
540 4168 586 4217 illo
605 4171 684 4220 modo
701 4186 797 4234 parum
814 4173 987 4235 probabiliter
1005 4173 1130 4229 satiatur,
1154 4185 1188 4220 ne
1210 4170 1296 4220 dicam
1315 4171 1348 4220 de
1366 4171 1505 4237 languida

276 4239 420 4289 admodum
439 4253 504 4290 uoce
523 4238 666 4290 conminuit
681 4242 708 4290 in
726 4243 778 4292 buc
796 4245 945 4293 sententiae
963 4258 1042 4300 nexu,
1060 4256 1131 4308 opera
1149 4240 1213 4298 eius,
1233 4255 1299 4306 qaae
1316 4267 1351 4278 -
1369 4237 1503 4298 rotabat.

276 4308 425 4368 conminuit,
444 4324 504 4360 curn
522 4313 611 4375 potius
628 4310 734 4364 mittit
756 4314 800 4364 uel
818 4315 904 4365 simite
924 4315 1023 4378 aliquid
1041 4313 1208 4362 scribendum
1228 4313 1331 4361 fuisset.
1368 4311 1507 4376 Suspicor

276 4382 412 4432 Valerium
431 4384 618 4446 composuisse
635 4398 707 4450 apem
725 4382 782 4435 etas
801 4383 1057 4452 quamtumcumque
1075 4380 1230 4440 amatium,
1253 4382 1442 4447 librariumque
1464 4384 1506 4432 ad

277 4453 464 4517 explicandum
481 4454 546 4503 iilud
563 4453 820 4521 quantulamcumque
837 4457 1064 4520 superscripsisee
1089 4467 1156 4520 quae
1178 4449 1308 4512 restabat,
1335 4469 1404 4519 quae
1427 4454 1508 4506 inter

277 4524 377 4574 Valerii
394 4528 479 4575 uerba
497 4529 605 4588 recepta
621 4527 760 4578 turbarunt
783 4528 893 4592 relique.
936 4527 1080 4577 Confirmat
1103 4526 1281 4576 coniecturam
1304 4527 1427 4576 noenum
1450 4525 1508 4576 lui.

277 4593 361 4644 Paris.

349 4662 374 4720 t.
393 4668 432 4718 Cf.
450 4667 518 4720 rna
535 4668 609 4720 Brut.
626 4663 671 4719 24.
689 4665 758 4736 App.
776 4670 826 4722 eiu.
844 4669 901 4730 1111,
922 4663 981 4721 itt.
999 4668 1119 4722 Maerob.
1138 4665 1195 4722 Set.
1212 4667 1256 4729 111,
1275 4661 1301 4718 e.
