3409 5400
260 428 326 495 tot
710 426 770 493 ΒΕ
792 424 1027 495 PVDICITIA.

262 586 476 676 appellasset,
507 608 612 676 eoque
643 598 858 654 asseuerante
888 608 925 654 se
954 590 1030 677 cogi
1057 610 1125 655 non
1152 611 1254 677 posse
1281 599 1318 655 ut
1339 590 1513 665 adesset,

262 697 340 784 quia
362 705 609 763 sacrosanctam
633 706 828 783 potestatem
843 696 989 772 haberet,
1013 708 1046 761 et
1066 697 1108 762 ob
1124 697 1158 761 id
1173 697 1383 763 tribunicium
1397 700 1511 765 auxi·

259 802 339 869 lium
361 801 554 889 inplorante,
578 812 680 868 totum
704 802 879 891 collegium
901 803 1105 869 tribunorum
1127 806 1263 892 negauit
1285 827 1323 870 se
1345 806 1508 870 interce·

261 909 338 975 dere
363 910 544 997 quominus
573 910 749 994 pudicitiae
773 911 923 997 quaestio
952 922 1173 999 perageretur.
1220 912 1347 978 Citatns
1375 913 1507 1000 itaque

260 1018 448 1083 ScantInius
477 1038 554 1081 reus
588 1038 654 1082 uno
690 1028 770 1083 teste
805 1018 863 1105 qui
897 1028 1072 1103 temptatus
1105 1028 1176 1082 erat
1209 1018 1388 1085 dannanus
1427 1033 1529 1086 ests
1590 1049 1591 1074 i

261 1124 398 1190 Constat
425 1124 577 1188 iuuenem
608 1123 801 1209 productum
831 1125 867 1189 in
897 1136 1006 1190 rostra
1035 1124 1143 1189 defixo
1177 1127 1213 1191 in
1242 1138 1363 1191 terram
1395 1126 1502 1191 uultu

260 1240 509 1319 perseueranter
532 1232 676 1297 tacuisse
699 1232 953 1320 uerecundoque
976 1232 1106 1298 silentio
1129 1231 1304 1319 plurimum
1330 1235 1365 1299 in
1389 1233 1501 1299 ultio·

261 1360 336 1425 nem
359 1360 455 1404 suam
479 1338 634 1405 ualuisse.

219 1441 249 1511 Β.
348 1444 499 1511 Metellus
529 1468 658 1534 quoque
683 1446 776 1512 Celer
805 1457 978 1532 stuprosae
1007 1447 1125 1511 mentis
1155 1468 1232 1511 acer
1254 1447 1408 1535 poenitor
1431 1470 1496 1514 ex·

260 1556 337 1631 titii,
372 1555 431 1620 Gn.
460 1554 579 1641 Sergio
608 1552 678 1619 Silo
706 1554 946 1640 promissorum
973 1554 1069 1619 matri
1100 1554 1245 1621 familiae
1274 1577 1494 1621 nummorum
1505 1574 1532 1618 rc

260 1663 367 1753 gratia
389 1661 477 1727 diem
499 1659 542 1726 ad
563 1660 722 1746 populum
745 1659 886 1725 dicendo
903 1658 1042 1748 eumque
1065 1660 1129 1727 hoc
1146 1684 1213 1727 uno
1237 1663 1372 1727 crimine
1388 1662 1493 1729 dam·

199 1794 206 1817 ·
261 1768 382 1836 nando.
428 1766 504 1831 Non
528 1768 613 1832 enim
627 1766 748 1832 factum
773 1776 860 1843 tunc,
883 1768 944 1832 sed
967 1767 1099 1833 animus
1114 1768 1149 1833 in
1172 1770 1401 1858 quaestionem
1428 1769 1492 1835 de·

261 1877 380 1941 ductus
405 1882 463 1948 est,
487 1872 625 1961 plusque
650 1873 794 1941 uoluisse
817 1895 956 1961 peccare
977 1876 1088 1940 nocuit
1109 1897 1208 1964 quam
1232 1899 1299 1941 non
1321 1898 1490 1964 peccasse

260 1981 389 2070 proluit.
1319 1994 1330 2007 ‘

219 2083 249 2151 9.
350 2089 519 2155 Contionis
543 2087 637 2165 hacc,
660 2088 716 2156 illa
731 2091 841 2156 curiae
858 2090 1018 2176 grauitas.
1063 2088 1100 2156 T.
1115 2087 1283 2167 Veturius,
1307 2091 1392 2157 filius
1409 2094 1525 2157 eiusa

259 2196 396 2275 Veturii‚
419 2198 533 2285 quiin
556 2196 726 2263 consulatu
754 2218 814 2262 suo
838 2195 1042 2261 Samnitibus
1067 2194 1109 2261 ob
1132 2197 1268 2283 turpiter·
1289 2199 1389 2264 ictum
1411 2200 1484 2263 foe·

259 2304 326 2372 dus
346 2305 474 2372 deditus
497 2304 620 2383 suerat,
650 2322 723 2379 cum
752 2312 886 2391 propter
914 2302 1129 2371 domesticam
1157 2304 1288 2371 ruinam
1316 2316 1347 2371 et
1377 2327 1484 2395 graue
1590 2377 1591 2394 χ

261 2498 284 2558 l.
303 2502 523 2570 appellasset-
542 2494 592 2566 (2.)
611 2503 771 2567 potestatem
790 2499 819 2553 ia
836 2517 933 2555 resero
950 2500 990 2557 Δ.
1016 2496 1065 2553 red
1081 2498 1186 2553 omissis
1205 2499 1297 2553 sert&
1313 2505 1342 2552 ut
1359 2504 1482 2556 adesset

269 2574 283 2641 ΙΙ
295 2577 470 2627 asseuerante
488 2587 537 2625 ora.
556 2570 652 2641 Ε.113.
672 2576 843 2639 Inploreute·
862 2573 893 2627 A.
908 2572 920 2641 ΙΙ
941 2572 967 2627 4.
985 2574 1152 2639 quamtum
1170 2570 1202 2627 Δ.
1219 2572 1233 2643 ΙΙ
1250 2573 1365 2642 Citatus]
1385 2576 1481 2625 ciuitas

261 2644 290 2700 0.
314 2648 450 2699 conuictus
473 2640 502 2697 F.
518 2642 532 2712 ΙΙ
549 2641 575 2697 5.
599 2646 727 2696 scatiuins
753 2642 842 2699 CEF.
868 2646 1015 2695 sanctinius
1036 2640 1104 2699 ΒΓ.
1120 2641 1134 2711 ΙΙ
1150 2648 1328 2711 tempestates
1346 2660 1392 2714 pr.
1410 2644 1474 2770 ἀμ

259 2719 419 2784 dampnatus
437 2715 470 2772 A.
484 2710 497 2786 ΙΙ
511 2715 536 2769 t.
556 2717 647 2767 defixit
683 2731 705 2770 r.
723 2715 755 2770 A.
767 2715 781 2784 ll
794 2719 893 2770 uultum
908 2731 953 2783 pr.
972 2713 1004 2769 A.
1015 2714 1030 2782 ll
1041 2711 1067 2770 ll.
1087 2718 1230 2781 stuprosae
1241 2719 1373 2769 -extitit
1389 2731 1440 2771 om.

268 2789 282 2856 ΙΙ
295 2791 399 2854 penitor
419 2787 447 2844 C.
467 2789 572 2854 punitor
589 2733 766 2844 Delion.
790 2785 824 2840 Vt
841 2803 889 2846 nor
906 2787 984 2839 etiam
1002 2786 1065 2842 Par.
1086 2785 1128 2855 Os.
1142 2787 1217 2842 (ἕνα.
1231 2788 1311 2840 iarcr.
1349 2785 1432 2845 sto.
1452 2789 1478 2843 7.

261 2859 315 2914 cte.
337 2857 413 2914 Iure.
431 2855 455 2914 1.
476 2857 520 2914 4⁴.
542 2853 601 2911 107.
621 2857 718 2912 Osann.
738 2856 775 2910 ad
794 2858 849 2913 Cic.
868 2857 901 2911 de
918 2873 974 2928 rep.
993 2855 1044 2918 m.
1063 2857 1090 2918 9,
1111 2856 1144 2912 15
1159 2875 1188 2928 p.
1206 2856 1268 2913 262.
1279 2860 1295 2930 ss
1307 2805 1350 2914 il.
1368 2863 1415 2914 Cn.
1428 2875 1478 2913 en.

259 2929 290 2986 Γ.
302 2931 316 3000 ΙΙ
327 2931 393 2983 Silio
411 2929 499 3000 ΜΗ
513 2927 553 2983 ll.
572 2929 615 2981 die
632 2929 668 2982 Ε.
683 2930 696 2998 ΙΙ
711 2930 756 2996 ad]
776 2946 809 2981 ac
826 2928 885 3052 Rp!
897 2932 1002 2981 dicente
1020 2928 1056 2983 Ε.
1078 2932 1143 2981 dixit
1160 2928 1192 2983 Γ.
1205 2928 1222 3054 ἓ
1237 2933 1393 2996 dampnenit
1410 2927 1442 2984 Γ.
1453 2932 1467 3000 ΙΙ

261 3000 302 3057 li.
326 3007 387 3054 tunc
410 3004 509 3053 tactum
528 2999 559 3054 Γ.
578 2996 590 3072 ΙΙ
611 3003 749 3069 questione
767 2998 798 3055 F.
815 2999 829 3070 ΙΙ
846 3000 858 3054 I
882 3040 889 3055 .
907 3001 1016 3070 profuit]
1039 3003 1087 3054 tuti
1103 3000 1139 3056 E.
1156 3001 1170 3071 ΙΙ
1189 3001 1201 3055 l
1223 3044 1230 3058 .
1249 3004 1276 3069 ς.
1295 2999 1322 3055 ll.
1341 3018 1392 3056 ors.
1410 2999 1467 3074 1⁸.ss

258 3074 401 3146 grauitatis
422 3071 499 3126 Tora
513 3071 526 3141 ΙΙ
541 3071 584 3126 ll.
601 3075 730 3126 deductus
749 3070 776 3126 C.
796 3075 916 3126 dedictns
934 3071 972 3127 D.

257 3255 369 3307 sanctim
391 3254 535 3320 potcstatis
559 3253 775 3306 cassescerent
799 3254 896 3313 noluit,
921 3253 1019 3304 auxilio
1044 3267 1077 3304 se
1098 3253 1215 3304 tutorum
1240 3254 1403 3308 decerneret.
1446 3254 1475 3304 ia

257 3328 354 3392 quibus
372 3319 500 3392 quantum
519 3327 561 3378 ius
580 3327 707 3387 uetuerit,
732 3327 859 3393 qnantum
883 3326 1021 3376 arbItrium
1045 3339 1079 3375 ac
1096 3325 1203 3377 ltcentta
1220 3326 1337 3376 nondum
1355 3325 1476 3378 mulcete

256 3414 301 3452 res
319 3401 370 3452 est.

328 3467 354 3523 9.
372 3475 411 3526 Ct'.
430 3467 639 3532 tiu.v111.28.
662 3469 738 3534 Dion.
758 3468 818 3520 Ital.
839 3483 898 3521 exe.
922 3469 982 3520 vat.
1000 3468 1085 3534 (xvi,
1103 3463 1144 3536 s.)
1167 3483 1211 3534 ap.
1231 3467 1262 3521 A.
1282 3469 1346 3521 Mal.
1364 3469 1424 3523 coll.
1442 3469 1473 3529 II,

256 3558 283 3609 p.
301 3540 363 3596 501.
382 3546 469 3605 Quint.
489 3545 600 3597 declam.
619 3536 645 3593 3.

327 3611 375 3665 aua
392 3613 483 3668 cariae
497 3613 629 3682 prouder)
652 3611 789 3664 Genitiuus
806 3608 963 3678 prauitatis,
986 3611 1030 3678 qut
1052 3612 1144 3663 nescto
1162 3613 1268 3674 quade
1295 3625 1381 3663 causa
1398 3626 1472 3663 oceo·

256 3687 331 3752 pauit
349 3687 483 3751 Impreesa
501 3686 634 3751 exempla,
654 3684 716 3734 terri
736 3684 842 3734 omnino
860 3685 960 3746 nequit.
995 3683 1065 3733 Nam
1084 3683 1127 3748 qui
1149 3683 1175 3732 in
1194 3683 1395 3746 pronominibus
1412 3682 1472 3734 laec

257 3757 283 3807 et
302 3753 350 3807 itta
369 3757 540 3824 subintellegl
559 3753 676 3824 exempla
694 3755 858 3820 putauerInt,
883 3755 964 3805 ueIIm
982 3754 1098 3804 animum
1118 3755 1258 3804 aduertant
1275 3769 1356 3804 unrrm
1374 3757 1471 3805 tantam

256 3828 364 3878 ecuria
382 3828 474 3879 reterri
492 3829 651 3893 exemptum.
688 3826 846 3894 Legendnm
865 3826 955 3888 utique
974 3840 1034 3876 cum
1053 3825 1129 3876 libris
1140 3825 1329 3890 manuscriptis
1345 3825 1470 3893 mnan.

257 3898 357 3949 Dicitur
375 3901 463 3949 autem
483 3896 611 3949 mutonis
627 3895 692 3949 laec
707 3894 844 3963 prauitas.
864 3911 934 3962 quae
952 3897 1123 3962 praecedenti
1140 3898 1264 3962 exemplo
1282 3899 1407 3962 exposIts
1423 3900 1469 3958 at.

256 3967 304 4020 tur
319 3967 450 4037 prauitas.
471 3969 504 4020 de
523 3985 576 4036 qna
593 3971 620 4020 tn
637 3969 758 4034 proxlmo
776 3969 841 4049 eptt.

329 4037 359 4094 Τ.
383 4037 515 4094 Veturius.
526 4038 604 4107 filiu
621 4037 677 4091 ciac
701 4035 812 4094 Veturia)
833 4037 927 4088 Liuius
945 4039 1059 4090 eandem
1078 4053 1135 4090 rem
1154 4053 1225 4090 anno
1243 4055 1269 4091 a.
1286 4055 1312 4091 u.
1333 4056 1356 4090 c.
1375 4036 1427 4092 428
1443 4041 1469 4094 C.

256 4113 374 4165 Poetelio
392 4112 430 4163 11.
449 4112 481 4165 1..
501 4112 607 4176 Papirio
626 4111 781 4162 consulibus
805 4111 1016 4176 quinquennale
1035 4113 1099 4161 ante
1117 4111 1263 4162 Caudinam
1283 4113 1388 4163 cladem
1406 4113 1469 4163 aeci·

256 4185 330 4238 disse
348 4198 435 4248 eaque
454 4184 577 4234 effectum
595 4196 660 4234 esse
679 4184 771 4233 narrat
788 4185 817 4232 ut
834 4181 898 4250 lege
916 4183 1057 4234 caueretur
1074 4197 1109 4233 ne
1126 4183 1188 4245 quis
1206 4182 1278 4233 serit
1291 4183 1371 4235 alieni
1391 4197 1469 4235 causa

255 4259 412 4310 necteretur.
453 4253 506 4307 Sed
530 4269 584 4306 non
602 4255 689 4305 sotum
706 4255 826 4318 tempus,
850 4267 945 4304 uerum
968 4253 1048 4304 etism
1072 4255 1181 4305 aomina
1204 4253 1313 4305 diuersa
1330 4271 1349 4306 a
1367 4255 1468 4306 Valerio

255 4331 337 4394 pontt,
357 4327 488 4392 siquitem
507 4327 684 4378 feneratorem
707 4325 740 4378 1..
759 4323 893 4390 Papirium
911 4339 1040 4388 eumque,
1065 4326 1109 4390 qni
1126 4325 1164 4375 itti
1181 4339 1280 4376 nexum
1299 4339 1332 4377 se
1354 4328 1466 4386 dederm.

255 4401 283 4453 G.
302 4401 443 4452 Publilium
462 4399 590 4465 appellat.
609 4398 643 4448 de
662 4411 713 4463 quo
732 4397 838 4447 nomine
856 4396 1004 4462 Dionysius
1022 4398 1166 4455 consentit.
1189 4397 1242 4446 nisi
1265 4399 1335 4463 qood
1359 4400 1395 4448 iot
1412 4413 1467 4463 per·

255 4474 355 4541 negato
373 4471 540 4523 librariorum
558 4483 648 4522 errore
667 4467 784 4520 Πηλίου
795 4463 852 4526 vto'c
868 4469 962 4521 editur.
998 4467 1032 4518 st
1049 4469 1121 4518 idern
1133 4467 1280 4533 Dionysius
1293 4484 1353 4523 cam
1366 4471 1466 4522 Valerio

253 4555 358 4607 patrem
377 4541 571 4595 adulescentuli
587 4541 659 4592 littus
678 4555 757 4590 unum
777 4555 811 4590 ex
830 4538 873 4589 lits
892 4540 978 4590 inisse
997 4539 1090 4598 tradit,
1114 4541 1159 4607 qni
1182 4540 1329 4591 excrcItum
1347 4542 1465 4592 mudule

255 4611 336 4663 turcis
354 4614 485 4664 inclusum
502 4612 667 4664 Samnitibus
686 4611 851 4661 tradiderant
868 4611 897 4662 et
914 4612 966 4660 snb
985 4611 1077 4680 iugum
1095 4611 1172 4662 missi
1196 4615 1281 4663 erant.
1321 4613 1465 4664 Mirandum

256 4693 323 4712 ”⁹⁸⁶
341 4697 359 4734 a
375 4683 451 4736 Liuio
469 4685 497 4736 in
513 4685 567 4736 hac
583 4681 698 4734 historia
715 4681 837 4734 creditori
858 4683 887 4732 et
903 4682 1011 4733 addicto
1031 4696 1125 4734 eornm
1143 4682 1282 4736 cumulum
1299 4685 1408 4737 nomina
1424 4684 1464 4738 tn‘·
