3409 5400
508 516 515 530 .
612 458 1073 543 emineant-4.
1390 472 1455 541 les
1527 494 1530 501 ·

229 619 326 697 Mari.
349 624 428 710 quia
439 583 586 712 ‘gemina
606 624 701 691 lauru
722 636 914 699 coronatam
930 638 1131 695 senectutem
1148 640 1251 706 tuetur
1269 630 1453 701 Numidicis

230 737 265 791 et
279 728 486 795 Germanicis
501 730 672 796 inlustrem
688 730 868 818 trophaeis,
886 737 991 801 uictor
1007 734 1156 801 deuictae
1173 740 1280 823 gentis
1296 740 1452 807 facundia

230 834 415 921 politiorem
438 837 509 900 lieri
524 836 665 913 noluisti,
690 838 799 915 credo,
822 862 866 905 ne
880 842 1068 930 alienigena
1082 844 1206 928 ingenii
1221 846 1452 910 exercitatione

229 942 329 1026 patrii
349 943 431 1009 ritus
463 964 558 1009 serus
580 946 756 1033 transfuga
783 948 952 1013 existeres.
999 947 1083 1030 Quis
1107 969 1188 1036 ergo
1211 946 1287 1014 huic
1311 970 1449 1015 consue·

200 1047 353 1126 sardini,
383 1072 449 1137 qua
478 1069 566 1115 nunc
597 1050 947 1119 Graecis-actionibus
975 1074 1072 1121 aures
1104 1056 1214 1121 cruiae
1243 1056 1450 1131 exercentur,

227 1154 363 1221 ianuam
390 1158 573 1244 patefecit?
623 1157 669 1224 Vt
693 1160 813 1244 ,opinor
841 1158 932 1225 Molo
960 1160 1085 1237 rhetor,
1116 1162 1173 1247 qui
1195 1161 1303 1227 studia
1325 1162 1369 1227 M.
1395 1160 1448 1227 Gi·

227 1263 359 1326 ceronis
387 1267 485 1329 actrit.
529 1265 616 1331 Enm
638 1286 780 1351 namque
802 1276 878 1330 ante
902 1288 1017 1332 omnes
1041 1278 1225 1333 exterarum
1246 1268 1391 1357 gentium
1414 1270 1450 1334 in

228 1378 347 1431 senatu
370 1371 442 1435 siue
466 1373 640 1458 interprete
664 1371 808 1437 auditum
832 1383 971 1437 constat.
1008 1372 1113 1455 Quem
1134 1373 1294 1440 honorem
1309 1395 1377 1441 non
1399 1376 1448 1440 in·

226 1475 344 1539 merito
364 1478 465 1561 cepit,
488 1480 644 1565 quoniam
667 1500 830 1542 summam
852 1480 921 1543 uim
936 1478 1110 1545 Romanae
1135 1479 1339 1568 eloquentiae
1356 1479 1448 1546 adiu·

186 1590 331 1646 acuerat.
377 1582 583 1670 Conspicuae
604 1584 767 1649 felicitatis
779 1583 924 1671 Arpinas
940 1586 1160 1669 municipium,
1184 1587 1255 1651 sine
1270 1586 1448 1651 litterarum

224 1684 508 1772 gloriosissimum
529 1700 785 1777 contemptorem
814 1692 885 1755 siue
910 1691 1228 1759 abundantissimum
1251 1693 1375 1757 fontem
1396 1692 1445 1757 in·

224 1795 311 1859 tueri
333 1794 426 1861 uelis.

314 1902 462 1969 Maxima
483 1915 592 1975 antem
614 1900 790 1993 diligentia·
805 1906 949 1971 maiores
973 1904 1058 1973 hunc
1087 1926 1214 1971 morem
1236 1907 1445 1983 retinuerunt,
1455 1912 1486 1981 4,

731 2036 943 2054 m—

228 2098 251 2153 1.
270 2102 315 2167 qni
330 2097 406 2151 Torr.
417 2099 431 2169 n
442 2103 549 2171 gemino
561 2098 597 2153 E.
611 2105 623 2167 ti
637 2103 714 2167 tarro
731 2100 759 2154 li
780 2106 805 2153 et
828 2117 899 2154 corr.
917 2099 981 2155 BC.
1011 2100 1087 2154 Torr.
1111 2100 1213 2153 incerto
1232 2114 1276 2169 pr.
1296 2098 1328 2153 B.
1353 2102 1447 2153 laurea

225 2168 263 2223 D.
275 2170 291 2237 ΙΙ
306 2167 339 2224 2.
350 2172 470 2235 tropheie
484 2186 528 2239 pr.
547 2169 579 2222 ii.
595 2172 698 2235 tropeie
716 2186 786 2223 corr.
803 2171 835 2224 A.
847 2173 861 2239 ΙΙ
876 2168 902 2224 3.
924 2174 1068 2243 alienigeni
1085 2184 1155 2224 cerr.
1176 2170 1204 2224 Ο.
1217 2167 1267 2239 114.
1286 2170 1362 2237 ritus]
1383 2168 1446 2226 add.

224 2244 255 2293 et
270 2242 382 2309 linguae
400 2239 436 2293 D.
448 2243 462 2310 ΙΙ
473 2256 569 2293 seruus
581 2236 812 2295 sennaser.
825 2242 840 2311 ΙΙ
853 2245 881 2293 ot
897 2244 1041 2313 transfuga
1051 2241 1088 2295 D.
1101 2241 1115 2310 ΙΙ
1127 2244 1254 2295 existerat
1270 2238 1354 2295 Aac
1368 2248 1394 2293 et
1400 2254 1447 2308 pr.

223 2308 263 2365 D.
274 2310 288 2377 ΙΙ
300 2308 326 2363 5.
344 2314 511 2365 exundantor
528 2309 566 2364 D.
578 2311 592 2379 ΙΙ
612 2306 637 2365 c.
661 2314 753 2367 Melon
775 2312 839 2366 Por.
862 2314 997 2365 Molonem
1020 2311 1077 2381 Γ.ΙΙ
1094 2314 1228 2365 retberem
1246 2306 1278 2365 Γ.
1298 2310 1310 2380 ΙΙ
1334 2309 1359 2363 i.
1377 2314 1445 2363 Eum

164 2394 171 2401 ·
223 2398 341 2449 namque
358 2398 407 2434 ors.
426 2380 483 2451 1111
501 2386 564 2435 ante
582 2382 688 2449 omnes]
705 2389 771 2451 poet
787 2384 906 2452 gentium
924 2381 959 2436 E.
979 2398 1073 2435 omnes
1091 2386 1155 2433 ante
1174 2380 1233 2503 sipi
1249 2384 1276 2433 in
1295 2384 1391 2433 senatu
1409 2409 1444 2421 -

223 2450 276 2518 (a)
294 2453 411 2520 conant]
431 2454 490 2505 sine
506 2456 650 2519 interprete
669 2458 780 2505 senatus
800 2456 901 2504 audiuit
920 2450 952 2510 Γ.
966 2450 979 2525 ΙΙ
993 2452 1018 2506 8.
1038 2456 1122 2514 Quem
1132 2481 1166 2491 -
1181 2449 1206 2519 (i
1229 2452 1248 2516 .)
1267 2454 1335 2503 neiis
1353 2467 1401 2503 cm.
1414 2448 1444 2503 Γ.

234 2523 249 2591 ΙΙ
260 2521 286 2577 it.
304 2526 446 2575 ediuumt
461 2521 549 2576 ΑΗΒ
568 2529 594 2575 et
605 2540 651 2592 pr.
666 2522 695 2577 t'.
717 2521 777 2575 Vid.
796 2520 833 2575 cd
853 2520 927 2584 Vlll,
946 2518 972 2583 2,
991 2521 1016 2577 3.
1028 2524 1041 2593 ΙΙ
1064 2518 1104 2574 10.
1123 2523 1252 2588 Arpinum
1266 2522 1289 2576 C
1305 2520 1364 2587 (red
1381 2537 1444 2574 uum

224 2594 254 2646 in
270 2601 388 2656 rosera).
410 2592 487 2647 Torr.
499 2596 513 2664 ΙΙ
524 2597 630 2647 unicum
648 2592 883 2647 ABCDETorr.
895 2593 908 2662 ΙΙ
927 2592 966 2646 li.
986 2610 1138 2659 comporem
1155 2593 1185 2645 ir
1202 2607 1299 2648 rasere
1316 2591 1347 2649 Α.
1368 2591 1382 2661 ΙΙ
1401 2589 1442 2651 ii.

224 2667 345 2719 Maxime
363 2696 398 2707 ·-
416 2666 591 2736 retinuerunt]
610 2667 730 2718 Maxima
748 2667 830 2718 ctiam
846 2666 985 2735 diligentia
1003 2667 1132 2719 curabant
1150 2664 1182 2720 Γ.

295 2844 385 2908 lem)
401 2848 441 2896 ct.
459 2845 535 2898 Seru.
554 2847 590 2896 ed
606 2842 674 2896 Aen.
692 2846 726 2903 X,
746 2841 807 2898 dei.
835 2847 940 2901 cruris.
957 2847 977 2908 l,
999 2844 1058 2898 110.
1083 2847 1361 2914 metamucense
1381 2845 1443 2898 Lat.

225 2917 453 2982 speonnam
476 2934 502 2981 p.
524 2912 581 2968 123.

294 3002 370 3040 seres
386 2986 537 3055 ἰνωῄψ)
559 2989 678 3038 Ridicule
698 3003 765 3040 sane
783 2990 904 3054 Kappius
928 2991 1031 3042 retenta
1049 2991 1176 3040 librorum
1200 2989 1333 3053 scriptura
1350 3000 1443 3039 emes

223 3059 363 3126 irenem
379 3059 569 3124 interpretatus
587 3060 639 3117 est,
658 3059 760 3118 ‘Credo
778 3075 814 3112 ne
832 3062 873 3125 (tu
890 3061 985 3126 uictor)
1003 3061 1083 3125 patrii
1101 3061 1167 3110 ritus
1186 3072 1290 3118 seruus,
1311 3059 1367 3124 (qni
1385 3059 1441 3109 diii·

224 3131 383 3198 gendum
399 3143 489 3182 mores
500 3131 632 3181 maiorum
642 3133 789 3182 obseruare
805 3133 834 3182 in
846 3133 899 3182 bae
910 3147 940 3184 re
952 3132 1069 3195 uoluisti)
1088 3131 1277 3183 exercitatione
1288 3130 1442 3198 adenigene

224 3199 325 3268 ingeni
349 3202 490 3267 (discendo
507 3202 627 3271 lingnam
649 3201 833 3269 peregrinam)
857 3203 1002 3271 bansiuge
1025 3202 1180 3258 existeres'e
1207 3201 1304 3266 opponi
1328 3201 1400 3250 enirn
1423 3213 1441 3250 a

225 3271 332 3322 Valerio
349 3273 477 3322 uictorem
495 3275 522 3321 ct
539 3287 648 3322 seruum
666 3273 836 3337 (custodem).
872 3274 955 3324 Miror
976 3275 1060 3324 uirum
1079 3273 1183 3324 doctum
1201 3285 1255 3322 non
1273 3271 1440 3321 animaduer-

223 3342 292 3393 tisse
310 3343 337 3393 in
354 3345 406 3392 boc
423 3345 565 3394 uerborum
584 3343 676 3395 ordine
697 3358 730 3393 ex
755 3358 806 3393 sna
829 3344 1044 3408 interpretatione
1068 3345 1182 3394 Marium
1206 3343 1349 3407 propterea
1370 3341 1440 3406 qnod

222 3413 395 3480 peregrinam
411 3413 532 3482 linguam
550 3414 670 3465 didicerit
686 3414 765 3478 patrii
783 3415 849 3464 ritus
868 3417 1006 3466 custodem
1025 3415 1084 3465 dici.
1126 3414 1161 3462 nt
1183 3413 1252 3462 bsec
1270 3412 1360 3460 omnis
1376 3411 1441 3473 post

221 3483 311 3549 Lipsii
329 3485 467 3554 egregiam
486 3487 665 3536 coniecturam
682 3499 758 3536 seras
775 3484 927 3552 andepo,
948 3487 1090 3550 probatem
1108 3484 1202 3534 coiere
1221 3481 1249 3531 et
1267 3479 1372 3531 vorstio
1390 3491 1441 3530 nec

220 3557 343 3619 spretam
367 3558 440 3606 certe
464 3555 606 3614 Turranio,
630 3555 799 3614 iieiirecbtn,
824 3555 917 3606 Hesio.
954 3555 1127 3620 Respondent
1149 3567 1192 3602 uu.
1210 3561 1286 3602 seres
1302 3546 1441 3615 transm

219 3627 447 3689 praecedentibus
468 3629 624 3679 mermes
646 3627 717 3677 herr
739 3653 775 3663 -
794 3624 948 3692 politiorem
963 3623 1030 3694 fieri
1051 3619 1167 3674 mtsieti.
1214 3618 1370 3683 ‘Sprenisti',
1394 3619 1440 3677 ait,

221 3697 296 3760 ‘post
313 3698 446 3762 duplicem
463 3699 601 3748 uictoriam
620 3711 705 3747 senex
724 3697 844 3746 deuictae
858 3696 946 3764 gentis
965 3695 1082 3762 lingnam
1096 3695 1208 3751 discere,
1226 3703 1261 3742 ne
1279 3702 1341 3742 sero
1359 3689 1441 3760 ueluti

218 3767 373 3836 transfugio
390 3769 505 3832 patrium
522 3769 600 3818 ritum
618 3767 777 3818 desereres’.

294 3835 369 3889 Moto
386 3837 484 3899 rhetori
504 3839 542 3889 Ct'.
562 3841 615 3889 cic.
632 3839 705 3888 Brut.
723 3833 767 3896 w,
786 3832 848 3888 sii.
879 3837 965 3898 Quint
984 3837 1042 3894 xli.
1061 3831 1087 3894 6,
1108 3831 1131 3886 7.

292 3905 411 3976 mur
427 3907 606 3976 nmdpisn)
624 3909 704 3959 codd.
723 3905 840 3976 Arpinus
856 3905 967 3959 sermm
1002 3908 1032 3957 In
1052 3907 1147 3972 quibus
1164 3905 1269 3958 animer
1287 3907 1376 3959 locum
1387 3921 1441 3960 non

218 3982 332 4039 trabere.
352 3981 410 4031 siue
429 3980 533 4031 reterns
554 3981 590 4030 ad
607 3979 686 4030 irisrii
704 3980 891 4046 ciceronisque
909 3980 1024 4042 petriam
1048 3979 1107 4029 siue
1132 3978 1166 4027 sd
1191 3977 1306 4030 litteram
1324 3981 1440 4032 cenum·

216 4053 324 4116 piorem
342 4051 466 4108 Marium,
484 4051 543 4100 sine
560 4052 641 4118 leges
657 4047 787 4118 Arpinum
804 4052 863 4102 sine
875 4047 998 4116 Arpinas,
1017 4065 1081 4100 nem
1093 4050 1182 4100 omnis
1200 4051 1269 4102 haec
1280 4051 1442 4117 temptarunt

216 4123 389 4185 interpretes,
402 4124 474 4172 recte
484 4123 624 4186 perspexit
634 4121 795 4173 Perizonius.
831 4122 925 4187 Neque
938 4123 1008 4172 enirn
1021 4119 1147 4185 Arpinum
1161 4123 1269 4174 unicum
1280 4124 1441 4188 conspicuae

217 4192 356 4242 felicitatis
365 4193 466 4243 esscin
476 4194 527 4243 troc
537 4207 607 4242 nexu
616 4193 710 4242 reterri
717 4194 831 4256 poterat,
848 4206 882 4242 ne
898 4193 984 4242 dicam
1000 4194 1033 4242 de
1048 4207 1089 4250 co,
1106 4193 1175 4258 qnod
1190 4193 1312 4244 adieetiui
1327 4193 1439 4242 tomam

217 4259 348 4329 Aspim,
369 4277 450 4328 quarn
466 4265 573 4314 tuentur
585 4263 700 4319 codices.
719 4277 798 4313 nemo
810 4264 888 4313 iadis
901 4263 1069 4314 librariorum
1081 4265 1282 4328 interpolatione
1294 4265 1379 4314 ortem
1392 4277 1439 4326 pu·

217 4335 325 4393 teuent
343 4347 430 4400 neque
448 4337 520 4384 recte
534 4335 636 4384 itarius
654 4335 748 4384 unicus
766 4333 978 4402 gloriosissimus
994 4335 1139 4386 litterarum
1157 4336 1322 4398 contemptor
1339 4333 1440 4382 dieitur.

216 4405 314 4470 iisqne
330 4419 386 4455 non
401 4405 474 4455 male
492 4404 647 4455 Perizonius
665 4406 777 4456 coniecit
794 4406 962 4456 scribendum
982 4403 1185 4472 esseArpissm
1203 4399 1372 4468 adaepisci
1390 4403 1439 4452 sed

216 4475 304 4525 multo
320 4475 487 4539 probabilius
505 4475 650 4527 Tomenius
668 4473 786 4544 Arpim
801 4473 971 4544 midpisrr
989 4489 1023 4528 ex
1040 4490 1115 4528 more
1134 4474 1241 4531 Valerii,
1264 4474 1297 4522 de
1316 4485 1367 4536 qno
1386 4472 1440 4522 dixi

218 4545 257 4595 ad
274 4545 295 4602 i,
313 4541 339 4603 d,
359 4547 413 4595 ext
431 4541 457 4597 3.
493 4547 595 4598 Eodem
612 4549 692 4598 modo
710 4541 803 4597 ci'cero
824 4548 975 4611 composuit
991 4543 1159 4614 mssicipe‘srr
1179 4539 1367 4609 Tarquiniense
1389 4557 1439 4606 pro

218 4615 252 4666 A.
271 4617 349 4666 cecc.
367 4612 394 4674 4.
415 4611 450 4668 10
467 4619 494 4670 et
511 4615 680 4686 nminipiem
697 4615 816 4668 lacesse
833 4617 897 4669 Xlll
916 4631 977 4684 epp.
998 4613 1040 4671 1³.
1067 4615 1228 4667 Exciderant
1244 4613 1272 4665 in
1290 4612 1438 4680 ucmtypo

219 4687 313 4739 codice
332 4688 458 4755 medeor
473 4689 586 4751 iberae,
605 4702 672 4757 quas
690 4687 820 4756 supplent.
