<?xml version="1.0" encoding="UTF-8"?>
<!DOCTYPE html PUBLIC "-//W3C//DTD XHTML 1.0 Transitional//EN"
    "http://www.w3.org/TR/xhtml1/DTD/xhtml1-transitional.dtd">
<html xmlns="http://www.w3.org/1999/xhtml" xml:lang="en" lang="en">
 <head>
  <title>
</title>
<meta http-equiv="Content-Type" content="text/html;charset=utf-8" />
  <meta name='ocr-system' content='tesseract 3.04.00' />
  <meta name='ocr-capabilities' content='ocr_page ocr_carea ocr_par ocr_line ocrx_word'/>
</head>
<body>
  <div class='ocr_page' id='page_1' title='image "./valerimaximifac00parigoog_0070.png"; bbox 0 0 3409 5400; ppageno 0'>
   <div class='ocr_carea' id='block_1_1' title="bbox 210 515 1444 2480">
    <p class='ocr_par' dir='ltr' id='par_1_1' title="bbox 210 515 1443 877">
     <span class='ocr_line' id='line_1_1' title="bbox 1398 515 1442 588; baseline 0.023 -1"><span class='ocrx_word' id='word_1_1' title='bbox 1398 515 1442 588; x_wconf 79' lang='lat'><strong>59</strong></span> 
     </span>
     <span class='ocr_line' id='line_1_2' title="bbox 210 679 1443 774; baseline 0 -24"><span class='ocrx_word' id='word_1_2' title='bbox 210 705 299 774; x_wconf 89' lang='lat' dir='ltr'><strong>quae</strong></span> <span class='ocrx_word' id='word_1_3' title='bbox 322 693 432 750; x_wconf 85' lang='lat' dir='ltr'><strong>tamen</strong></span> <span class='ocrx_word' id='word_1_4' title='bbox 462 684 630 748; x_wconf 79' lang='lat' dir='ltr'><strong>inuenatm</strong></span> <span class='ocrx_word' id='word_1_5' title='bbox 660 685 700 748; x_wconf 90' lang='lat' dir='ltr'><strong>iri</strong></span> <span class='ocrx_word' id='word_1_6' title='bbox 730 683 799 748; x_wconf 81' lang='lat' dir='ltr'><strong>fere</strong></span> <span class='ocrx_word' id='word_1_7' title='bbox 831 683 1095 768; x_wconf 88' lang='lat' dir='ltr'><strong>desperauerim,</strong></span> <span class='ocrx_word' id='word_1_8' title='bbox 1126 679 1198 747; x_wconf 88' lang='lat' dir='ltr'><strong>sine</strong></span> <span class='ocrx_word' id='word_1_9' title='bbox 1224 680 1290 749; x_wconf 89' lang='lat' dir='ltr'><strong>ullo</strong></span> <span class='ocrx_word' id='word_1_10' title='bbox 1319 681 1443 772; x_wconf 83' lang='lat' dir='ltr'><strong>negotii</strong></span> 
     </span>
     <span class='ocr_line' id='line_1_3' title="bbox 210 788 1117 877; baseline -0.006 -19"><span class='ocrx_word' id='word_1_11' title='bbox 210 793 318 858; x_wconf 84' lang='lat' dir='ltr'><strong>nostri</strong></span> <span class='ocrx_word' id='word_1_12' title='bbox 342 789 534 854; x_wconf 89' lang='lat' dir='ltr'><strong>detrimento</strong></span> <span class='ocrx_word' id='word_1_13' title='bbox 557 791 593 854; x_wconf 93' lang='lat' dir='ltr'><strong>in</strong></span> <span class='ocrx_word' id='word_1_14' title='bbox 615 788 668 854; x_wconf 92' lang='lat' dir='ltr'><strong>his</strong></span> <span class='ocrx_word' id='word_1_15' title='bbox 693 791 904 877; x_wconf 79' lang='lat' dir='ltr'><strong>acquiescere</strong></span> <span class='ocrx_word' id='word_1_16' title='bbox 926 791 1117 874; x_wconf 83' lang='lat' dir='ltr'><strong>poterimus.</strong></span> 
     </span>
    </p>

    <p class='ocr_par' dir='ltr' id='par_1_2' title="bbox 210 895 1444 2160">
     <span class='ocr_line' id='line_1_4' title="bbox 302 895 1444 984; baseline 0.002 -22"><span class='ocrx_word' id='word_1_17' title='bbox 302 895 372 962; x_wconf 87' lang='lat' dir='ltr'><strong>lam</strong></span> <span class='ocrx_word' id='word_1_18' title='bbox 396 897 471 984; x_wconf 89' lang='lat' dir='ltr'><strong>quis</strong></span> <span class='ocrx_word' id='word_1_19' title='bbox 493 896 591 960; x_wconf 87' lang='lat' dir='ltr'><strong>fuerit</strong></span> <span class='ocrx_word' id='word_1_20' title='bbox 613 896 716 963; x_wconf 88' lang='lat' dir='ltr'><strong>Gaius</strong></span> <span class='ocrx_word' id='word_1_21' title='bbox 747 897 801 962; x_wconf 90' lang='lat' dir='ltr'><strong>ille</strong></span> <span class='ocrx_word' id='word_1_22' title='bbox 826 896 927 961; x_wconf 89' lang='lat' dir='ltr'><strong>Titius</strong></span> <span class='ocrx_word' id='word_1_23' title='bbox 951 896 1080 962; x_wconf 88' lang='lat' dir='ltr'><strong>Probus</strong></span> <span class='ocrx_word' id='word_1_24' title='bbox 1109 915 1171 960; x_wconf 86' lang='lat' dir='ltr'><strong>nec</strong></span> <span class='ocrx_word' id='word_1_25' title='bbox 1203 897 1326 962; x_wconf 88' lang='lat' dir='ltr'><strong>scimus</strong></span> <span class='ocrx_word' id='word_1_26' title='bbox 1355 900 1444 964; x_wconf 88' lang='lat' dir='ltr'><strong>etin</strong></span> 
     </span>
     <span class='ocr_line' id='line_1_5' title="bbox 210 1004 1444 1092; baseline -0.002 -20"><span class='ocrx_word' id='word_1_27' title='bbox 210 1017 280 1072; x_wconf 89' lang='lat' dir='ltr'><strong>tam</strong></span> <span class='ocrx_word' id='word_1_28' title='bbox 309 1005 444 1089; x_wconf 89' lang='lat' dir='ltr'><strong>ancipiti</strong></span> <span class='ocrx_word' id='word_1_29' title='bbox 471 1025 507 1067; x_wconf 88' lang='lat' dir='ltr'><strong>re</strong></span> <span class='ocrx_word' id='word_1_30' title='bbox 538 1015 691 1092; x_wconf 86' lang='lat' dir='ltr'><strong>tantaque</strong></span> <span class='ocrx_word' id='word_1_31' title='bbox 724 1006 795 1068; x_wconf 91' lang='lat' dir='ltr'><strong>eius</strong></span> <span class='ocrx_word' id='word_1_32' title='bbox 826 1006 968 1072; x_wconf 90' lang='lat' dir='ltr'><strong>nominis</strong></span> <span class='ocrx_word' id='word_1_33' title='bbox 997 1004 1183 1092; x_wconf 79' lang='lat' dir='ltr'><strong>frequentia</strong></span> <span class='ocrx_word' id='word_1_34' title='bbox 1209 1025 1250 1068; x_wconf 90' lang='lat' dir='ltr'><strong>ne</strong></span> <span class='ocrx_word' id='word_1_35' title='bbox 1280 1005 1444 1089; x_wconf 89' lang='lat' dir='ltr'><strong>suspicari</strong></span> 
     </span>
     <span class='ocr_line' id='line_1_6' title="bbox 211 1110 1443 1202; baseline -0.001 -26"><span class='ocrx_word' id='word_1_36' title='bbox 211 1111 347 1202; x_wconf 91' lang='lat' dir='ltr'><strong>quidem</strong></span> <span class='ocrx_word' id='word_1_37' title='bbox 374 1131 571 1196; x_wconf 86' lang='lat' dir='ltr'><strong>possumus,</strong></span> <span class='ocrx_word' id='word_1_38' title='bbox 599 1111 843 1198; x_wconf 88' lang='lat' dir='ltr'><strong>probamusque</strong></span> <span class='ocrx_word' id='word_1_39' title='bbox 873 1110 1053 1199; x_wconf 79' lang='lat' dir='ltr'><strong>Bergldum</strong></span> <span class='ocrx_word' id='word_1_40' title='bbox 1084 1112 1278 1176; x_wconf 89' lang='lat' dir='ltr'><strong>coniecturis</strong></span> <span class='ocrx_word' id='word_1_41' title='bbox 1309 1111 1443 1175; x_wconf 88' lang='lat' dir='ltr'><strong>omnino</strong></span> 
     </span>
     <span class='ocr_line' id='line_1_7' title="bbox 211 1216 1443 1294; baseline -0.005 -8"><span class='ocrx_word' id='word_1_42' title='bbox 211 1217 444 1286; x_wconf 85' lang='lat' dir='ltr'><strong>abstinendum</strong></span> <span class='ocrx_word' id='word_1_43' title='bbox 467 1217 676 1282; x_wconf 89' lang='lat' dir='ltr'><strong>iudicantem.</strong></span> <span class='ocrx_word' id='word_1_44' title='bbox 722 1217 759 1283; x_wconf 92' lang='lat' dir='ltr'><strong>Id</strong></span> <span class='ocrx_word' id='word_1_45' title='bbox 774 1219 957 1283; x_wconf 81' lang='lat' dir='ltr'><strong>certissime</strong></span> <span class='ocrx_word' id='word_1_46' title='bbox 974 1229 1113 1294; x_wconf 78' lang='lat' dir='ltr'><strong>constat,</strong></span> <span class='ocrx_word' id='word_1_47' title='bbox 1136 1218 1255 1282; x_wconf 69' lang='lat' dir='ltr'><strong>fabum</strong></span> <span class='ocrx_word' id='word_1_48' title='bbox 1268 1237 1344 1282; x_wconf 88' lang='lat' dir='ltr'><strong>esse</strong></span> <span class='ocrx_word' id='word_1_49' title='bbox 1361 1216 1443 1281; x_wconf 85' lang='lat' dir='ltr'><strong>Gro-</strong></span> 
     </span>
     <span class='ocr_line' id='line_1_8' title="bbox 210 1323 1444 1414; baseline -0.005 -22"><span class='ocrx_word' id='word_1_50' title='bbox 210 1324 402 1398; x_wconf 83' lang='lat' dir='ltr'><strong>tefendium,</strong></span> <span class='ocrx_word' id='word_1_51' title='bbox 425 1345 500 1388; x_wconf 87' lang='lat' dir='ltr'><strong>cum</strong></span> <span class='ocrx_word' id='word_1_52' title='bbox 523 1323 604 1388; x_wconf 91' lang='lat' dir='ltr'><strong>Maii</strong></span> <span class='ocrx_word' id='word_1_53' title='bbox 627 1323 802 1392; x_wconf 87' lang='lat' dir='ltr'><strong>editionem</strong></span> <span class='ocrx_word' id='word_1_54' title='bbox 825 1329 987 1414; x_wconf 88' lang='lat' dir='ltr'><strong>ignorans</strong></span> <span class='ocrx_word' id='word_1_55' title='bbox 1012 1325 1094 1390; x_wconf 89' lang='lat' dir='ltr'><strong>duos</strong></span> <span class='ocrx_word' id='word_1_56' title='bbox 1112 1323 1264 1390; x_wconf 90' lang='lat' dir='ltr'><strong>homines</strong></span> <span class='ocrx_word' id='word_1_57' title='bbox 1288 1333 1444 1389; x_wconf 79' lang='lat' dir='ltr'><strong>statueret</strong></span> 
     </span>
     <span class='ocr_line' id='line_1_9' title="bbox 212 1428 1444 1518; baseline -0.004 -20"><span class='ocrx_word' id='word_1_58' title='bbox 212 1429 378 1513; x_wconf 81' lang='lat' dir='ltr'><strong>(zeitschr.</strong></span> <span class='ocrx_word' id='word_1_59' title='bbox 409 1431 432 1494; x_wconf 85' lang='lat' dir='ltr'><strong>f.</strong></span> <span class='ocrx_word' id='word_1_60' title='bbox 461 1428 617 1495; x_wconf 84' lang='lat' dir='ltr'><strong>altertbw.</strong></span> <span class='ocrx_word' id='word_1_61' title='bbox 649 1433 749 1507; x_wconf 79' lang='lat'><strong>1843,</strong></span> <span class='ocrx_word' id='word_1_62' title='bbox 786 1456 817 1498; x_wconf 91' lang='lat' dir='ltr'><strong>n.</strong></span> <span class='ocrx_word' id='word_1_63' title='bbox 848 1435 902 1498; x_wconf 78' lang='lat'><strong>22.</strong></span> <span class='ocrx_word' id='word_1_64' title='bbox 930 1455 963 1518; x_wconf 87' lang='lat' dir='ltr'><strong>p.</strong></span> <span class='ocrx_word' id='word_1_65' title='bbox 995 1434 1088 1512; x_wconf 79' lang='grc'>176),</span> <span class='ocrx_word' id='word_1_66' title='bbox 1125 1432 1243 1497; x_wconf 88' lang='lat' dir='ltr'><strong>Gaium</strong></span> <span class='ocrx_word' id='word_1_67' title='bbox 1268 1429 1384 1495; x_wconf 87' lang='lat' dir='ltr'><strong>Titium</strong></span> <span class='ocrx_word' id='word_1_68' title='bbox 1412 1440 1444 1493; x_wconf 91' lang='lat' dir='ltr'><strong>et</strong></span> 
     </span>
     <span class='ocr_line' id='line_1_10' title="bbox 212 1536 1443 1626; baseline -0.002 -22"><span class='ocrx_word' id='word_1_69' title='bbox 212 1539 321 1604; x_wconf 86' lang='lat' dir='ltr'><strong>Titum</strong></span> <span class='ocrx_word' id='word_1_70' title='bbox 343 1536 504 1612; x_wconf 85' lang='lat' dir='ltr'><strong>Probum,</strong></span> <span class='ocrx_word' id='word_1_71' title='bbox 529 1547 668 1612; x_wconf 84' lang='lat' dir='ltr'><strong>temere,</strong></span> <span class='ocrx_word' id='word_1_72' title='bbox 697 1550 733 1602; x_wconf 96' lang='lat' dir='ltr'><strong>ut</strong></span> <span class='ocrx_word' id='word_1_73' title='bbox 755 1541 925 1626; x_wconf 78' lang='lat' dir='ltr'><strong>opinatur,</strong></span> <span class='ocrx_word' id='word_1_74' title='bbox 958 1539 1132 1614; x_wconf 73' lang='lat' dir='ltr'><strong>continue,</strong></span> <span class='ocrx_word' id='word_1_75' title='bbox 1155 1537 1383 1626; x_wconf 81' lang='lat' dir='ltr'><strong>decimamque</strong></span> <span class='ocrx_word' id='word_1_76' title='bbox 1405 1536 1443 1602; x_wconf 94' lang='lat' dir='ltr'><strong>li·</strong></span> 
     </span>
     <span class='ocr_line' id='line_1_11' title="bbox 211 1642 1443 1731; baseline -0.002 -20"><span class='ocrx_word' id='word_1_77' title='bbox 211 1647 308 1711; x_wconf 87' lang='lat' dir='ltr'><strong>brum</strong></span> <span class='ocrx_word' id='word_1_78' title='bbox 337 1667 359 1709; x_wconf 91' lang='lat' dir='ltr'><strong>a</strong></span> <span class='ocrx_word' id='word_1_79' title='bbox 389 1642 459 1708; x_wconf 89' lang='lat' dir='ltr'><strong>Tito</strong></span> <span class='ocrx_word' id='word_1_80' title='bbox 489 1643 633 1730; x_wconf 88' lang='lat' dir='ltr'><strong>quodam</strong></span> <span class='ocrx_word' id='word_1_81' title='bbox 662 1643 772 1709; x_wconf 85' lang='lat' dir='ltr'><strong>Probo</strong></span> <span class='ocrx_word' id='word_1_82' title='bbox 801 1648 1043 1731; x_wconf 90' lang='lat' dir='ltr'><strong>conscriptum,</strong></span> <span class='ocrx_word' id='word_1_83' title='bbox 1078 1645 1139 1710; x_wconf 92' lang='lat' dir='ltr'><strong>sed</strong></span> <span class='ocrx_word' id='word_1_84' title='bbox 1173 1665 1195 1710; x_wconf 85' lang='lat' dir='ltr'><strong>a</strong></span> <span class='ocrx_word' id='word_1_85' title='bbox 1226 1644 1368 1708; x_wconf 85' lang='lat' dir='ltr'><strong>librariis</strong></span> <span class='ocrx_word' id='word_1_86' title='bbox 1400 1645 1443 1708; x_wconf 92' lang='lat' dir='ltr'><strong>ad</strong></span> 
     </span>
     <span class='ocr_line' id='line_1_12' title="bbox 211 1749 1442 1831; baseline -0.001 -15"><span class='ocrx_word' id='word_1_87' title='bbox 211 1751 333 1817; x_wconf 79' lang='lat' dir='ltr'><strong>Gaium</strong></span> <span class='ocrx_word' id='word_1_88' title='bbox 345 1749 473 1824; x_wconf 87' lang='lat' dir='ltr'><strong>Titium,</strong></span> <span class='ocrx_word' id='word_1_89' title='bbox 497 1749 688 1816; x_wconf 80' lang='lat' dir='ltr'><strong>Lucilianae</strong></span> <span class='ocrx_word' id='word_1_90' title='bbox 712 1755 828 1819; x_wconf 87' lang='lat' dir='ltr'><strong>aetatis</strong></span> <span class='ocrx_word' id='word_1_91' title='bbox 852 1766 1015 1817; x_wconf 88' lang='lat' dir='ltr'><strong>oratorem</strong></span> <span class='ocrx_word' id='word_1_92' title='bbox 1027 1759 1062 1831; x_wconf 86' lang='lat'><strong>¹),</strong></span> <span class='ocrx_word' id='word_1_93' title='bbox 1085 1752 1221 1817; x_wconf 90' lang='lat' dir='ltr'><strong>relatum</strong></span> <span class='ocrx_word' id='word_1_94' title='bbox 1246 1753 1342 1816; x_wconf 87' lang='lat' dir='ltr'><strong>etita</strong></span> <span class='ocrx_word' id='word_1_95' title='bbox 1364 1750 1442 1815; x_wconf 88' lang='lat' dir='ltr'><strong>sub·</strong></span> 
     </span>
     <span class='ocr_line' id='line_1_13' title="bbox 213 1856 1443 1944; baseline -0.003 -18"><span class='ocrx_word' id='word_1_96' title='bbox 213 1857 429 1944; x_wconf 75' lang='lat' dir='ltr'><strong>scriptionem</strong></span> <span class='ocrx_word' id='word_1_97' title='bbox 452 1869 557 1922; x_wconf 84' lang='lat' dir='ltr'><strong>ortam</strong></span> <span class='ocrx_word' id='word_1_98' title='bbox 581 1879 656 1923; x_wconf 90' lang='lat' dir='ltr'><strong>esse</strong></span> <span class='ocrx_word' id='word_1_99' title='bbox 679 1870 817 1944; x_wconf 85' lang='lat' dir='ltr'><strong>putaret.</strong></span> <span class='ocrx_word' id='word_1_100' title='bbox 871 1858 923 1923; x_wconf 91' lang='lat' dir='ltr'><strong>De</strong></span> <span class='ocrx_word' id='word_1_101' title='bbox 945 1871 1091 1944; x_wconf 87' lang='lat' dir='ltr'><strong>tempore</strong></span> <span class='ocrx_word' id='word_1_102' title='bbox 1114 1871 1224 1924; x_wconf 87' lang='lat' dir='ltr'><strong>tamen</strong></span> <span class='ocrx_word' id='word_1_103' title='bbox 1248 1856 1322 1922; x_wconf 87' lang='lat' dir='ltr'><strong>Titii</strong></span> <span class='ocrx_word' id='word_1_104' title='bbox 1343 1856 1443 1923; x_wconf 90' lang='lat' dir='ltr'><strong>Probi</strong></span> 
     </span>
     <span class='ocr_line' id='line_1_14' title="bbox 212 1963 1442 2032; baseline -0.002 0"><span class='ocrx_word' id='word_1_105' title='bbox 212 1967 359 2032; x_wconf 84' lang='lat' dir='ltr'><strong>sortasse</strong></span> <span class='ocrx_word' id='word_1_106' title='bbox 380 1963 492 2029; x_wconf 90' lang='lat' dir='ltr'><strong>licebit</strong></span> <span class='ocrx_word' id='word_1_107' title='bbox 513 1966 734 2030; x_wconf 87' lang='lat' dir='ltr'><strong>coniecturam</strong></span> <span class='ocrx_word' id='word_1_108' title='bbox 756 1966 877 2030; x_wconf 85' lang='lat' dir='ltr'><strong>facere.</strong></span> <span class='ocrx_word' id='word_1_109' title='bbox 931 1966 1000 2031; x_wconf 90' lang='lat' dir='ltr'><strong>Sed</strong></span> <span class='ocrx_word' id='word_1_110' title='bbox 1031 1978 1128 2030; x_wconf 88' lang='lat' dir='ltr'><strong>autea</strong></span> <span class='ocrx_word' id='word_1_111' title='bbox 1163 1965 1204 2030; x_wconf 91' lang='lat' dir='ltr'><strong>de</strong></span> <span class='ocrx_word' id='word_1_112' title='bbox 1234 1964 1337 2030; x_wconf 89' lang='lat' dir='ltr'><strong>altera</strong></span> <span class='ocrx_word' id='word_1_113' title='bbox 1366 1963 1442 2029; x_wconf 90' lang='lat' dir='ltr'><strong>sub·</strong></span> 
     </span>
     <span class='ocr_line' id='line_1_15' title="bbox 213 2070 910 2160; baseline -0.001 -22"><span class='ocrx_word' id='word_1_114' title='bbox 213 2071 406 2156; x_wconf 76' lang='lat' dir='ltr'><strong>scriptionis</strong></span> <span class='ocrx_word' id='word_1_115' title='bbox 429 2082 521 2154; x_wconf 86' lang='lat' dir='ltr'><strong>parte</strong></span> <span class='ocrx_word' id='word_1_116' title='bbox 545 2070 749 2138; x_wconf 89' lang='lat' dir='ltr'><strong>disseramus</strong></span> <span class='ocrx_word' id='word_1_117' title='bbox 774 2084 910 2160; x_wconf 81' lang='lat' dir='ltr'><strong>oportet.</strong></span> 
     </span>
    </p>

    <p class='ocr_par' dir='ltr' id='par_1_3' title="bbox 212 2175 1444 2480">
     <span class='ocr_line' id='line_1_16' title="bbox 304 2175 1444 2262; baseline -0.001 -20"><span class='ocrx_word' id='word_1_118' title='bbox 304 2177 459 2262; x_wconf 84' lang='lat' dir='ltr'><strong>Sequitur</strong></span> <span class='ocrx_word' id='word_1_119' title='bbox 483 2178 517 2242; x_wconf 92' lang='lat' dir='ltr'><strong>in</strong></span> <span class='ocrx_word' id='word_1_120' title='bbox 539 2175 703 2243; x_wconf 89' lang='lat' dir='ltr'><strong>Vaticano</strong></span> <span class='ocrx_word' id='word_1_121' title='bbox 728 2177 860 2244; x_wconf 88' lang='lat' dir='ltr'><strong>Paridis</strong></span> <span class='ocrx_word' id='word_1_122' title='bbox 884 2180 998 2245; x_wconf 87' lang='lat' dir='ltr'><strong>codice</strong></span> <span class='ocrx_word' id='word_1_123' title='bbox 1022 2179 1146 2244; x_wconf 86' lang='lat' dir='ltr'><strong>librarii</strong></span> <span class='ocrx_word' id='word_1_124' title='bbox 1169 2191 1201 2242; x_wconf 92' lang='lat' dir='ltr'><strong>et</strong></span> <span class='ocrx_word' id='word_1_125' title='bbox 1223 2177 1444 2242; x_wconf 87' lang='lat' dir='ltr'><strong>emendatoris</strong></span> 
     </span>
     <span class='ocr_line' id='line_1_17' title="bbox 212 2281 1444 2372; baseline -0.003 -22"><span class='ocrx_word' id='word_1_126' title='bbox 212 2281 343 2356; x_wconf 86' lang='lat' dir='ltr'><strong>titulus,</strong></span> <span class='ocrx_word' id='word_1_127' title='bbox 367 2281 409 2347; x_wconf 87' lang='lat' dir='ltr'><strong>ab</strong></span> <span class='ocrx_word' id='word_1_128' title='bbox 433 2282 551 2348; x_wconf 90' lang='lat' dir='ltr'><strong>eadem</strong></span> <span class='ocrx_word' id='word_1_129' title='bbox 573 2305 673 2348; x_wconf 90' lang='lat' dir='ltr'><strong>manu</strong></span> <span class='ocrx_word' id='word_1_130' title='bbox 695 2285 838 2372; x_wconf 87' lang='lat' dir='ltr'><strong>itemque</strong></span> <span class='ocrx_word' id='word_1_131' title='bbox 861 2286 975 2351; x_wconf 91' lang='lat' dir='ltr'><strong>litteris</strong></span> <span class='ocrx_word' id='word_1_132' title='bbox 997 2286 1176 2351; x_wconf 82' lang='lat' dir='ltr'><strong>initialibus</strong></span> <span class='ocrx_word' id='word_1_133' title='bbox 1207 2296 1240 2350; x_wconf 90' lang='lat' dir='ltr'><strong>at</strong></span> <span class='ocrx_word' id='word_1_134' title='bbox 1262 2283 1360 2369; x_wconf 87' lang='lat' dir='ltr'><strong>paulo</strong></span> <span class='ocrx_word' id='word_1_135' title='bbox 1382 2283 1444 2347; x_wconf 89' lang='lat' dir='ltr'><strong>mi·</strong></span> 
     </span>
     <span class='ocr_line' id='line_1_18' title="bbox 213 2389 1444 2480; baseline -0.003 -25"><span class='ocrx_word' id='word_1_136' title='bbox 213 2389 398 2456; x_wconf 84' lang='lat' dir='ltr'><strong>notioribus</strong></span> <span class='ocrx_word' id='word_1_137' title='bbox 423 2399 584 2466; x_wconf 72' lang='lat' dir='ltr'><strong>exorabas,</strong></span> <span class='ocrx_word' id='word_1_138' title='bbox 609 2391 674 2477; x_wconf 90' lang='lat' dir='ltr'><strong>qui,</strong></span> <span class='ocrx_word' id='word_1_139' title='bbox 699 2401 732 2454; x_wconf 93' lang='lat' dir='ltr'><strong>ut</strong></span> <span class='ocrx_word' id='word_1_140' title='bbox 755 2392 937 2480; x_wconf 77' lang='lat' dir='ltr'><strong>fierisolet,</strong></span> <span class='ocrx_word' id='word_1_141' title='bbox 962 2415 980 2456; x_wconf 91' lang='lat' dir='ltr'><strong>e</strong></span> <span class='ocrx_word' id='word_1_142' title='bbox 1003 2391 1116 2456; x_wconf 89' lang='lat' dir='ltr'><strong>codice</strong></span> <span class='ocrx_word' id='word_1_143' title='bbox 1140 2393 1239 2480; x_wconf 82' lang='lat' dir='ltr'><strong>longe</strong></span> <span class='ocrx_word' id='word_1_144' title='bbox 1263 2391 1444 2476; x_wconf 83' lang='lat' dir='ltr'><strong>antiquiore</strong></span> 
     </span>
    </p>
   </div>
   <div class='ocr_carea' id='block_1_2' title="bbox 213 2494 1445 2684">
    <p class='ocr_par' dir='ltr' id='par_1_4' title="bbox 213 2494 1445 2684">
     <span class='ocr_line' id='line_1_19' title="bbox 215 2494 1445 2598; baseline -0.002 -36"><span class='ocrx_word' id='word_1_145' title='bbox 215 2496 451 2580; x_wconf 73' lang='lat' dir='ltr'><strong>nausscriptus</strong></span> <span class='ocrx_word' id='word_1_146' title='bbox 491 2507 556 2571; x_wconf 90' lang='lat' dir='ltr'><strong>est,</strong></span> <span class='ocrx_word' id='word_1_147' title='bbox 603 2495 831 2562; x_wconf 81' lang='lat' dir='ltr'>FELICITER</span> <span class='ocrx_word' id='word_1_148' title='bbox 871 2497 1106 2563; x_wconf 80' lang='lat' dir='ltr'><strong>EMENDAVI</strong></span> <span class='ocrx_word' id='word_1_149' title='bbox 1131 2506 1136 2576; x_wconf 93' lang='grc' dir='ltr'>Ι</span> <span class='ocrx_word' id='word_1_150' title='bbox 1159 2494 1445 2598; x_wconf 43' lang='lat' dir='ltr'>DESCRI-Pj-TVM</span> 
     </span>
     <span class='ocr_line' id='line_1_20' title="bbox 213 2600 1410 2684; baseline -0.003 -14"><span class='ocrx_word' id='word_1_151' title='bbox 213 2600 460 2670; x_wconf 79' lang='lat' dir='ltr'>RABENNAE</span> <span class='ocrx_word' id='word_1_152' title='bbox 484 2600 489 2676; x_wconf 87' lang='grc' dir='ltr'>Ι</span> <span class='ocrx_word' id='word_1_153' title='bbox 514 2601 749 2669; x_wconf 84' lang='lat' dir='ltr'>RVSTICIVS</span> <span class='ocrx_word' id='word_1_154' title='bbox 772 2603 1009 2671; x_wconf 78' lang='lat' dir='ltr'>HELPIDIVS</span> <span class='ocrx_word' id='word_1_155' title='bbox 1032 2603 1282 2670; x_wconf 86' lang='lat' dir='ltr'>DOMNVLVS</span> <span class='ocrx_word' id='word_1_156' title='bbox 1306 2604 1366 2669; x_wconf 84' lang='lat' dir='ltr'><strong>VO</strong></span> <span class='ocrx_word' id='word_1_157' title='bbox 1374 2603 1410 2684; x_wconf 73' lang='lat'><strong>¹).</strong></span> 
     </span>
    </p>
   </div>
   <div class='ocr_carea' id='block_1_3' title="bbox 214 2710 1528 4505">
    <p class='ocr_par' dir='ltr' id='par_1_5' title="bbox 214 2710 1445 3225">
     <span class='ocr_line' id='line_1_21' title="bbox 305 2710 1445 2799; baseline 0 -22"><span class='ocrx_word' id='word_1_158' title='bbox 305 2712 398 2777; x_wconf 86' lang='lat' dir='ltr'><strong>Bene</strong></span> <span class='ocrx_word' id='word_1_159' title='bbox 422 2710 554 2798; x_wconf 91' lang='lat' dir='ltr'><strong>quidem</strong></span> <span class='ocrx_word' id='word_1_160' title='bbox 565 2710 728 2799; x_wconf 85' lang='lat' dir='ltr'><strong>Bergkius</strong></span> <span class='ocrx_word' id='word_1_161' title='bbox 752 2712 983 2777; x_wconf 86' lang='lat' dir='ltr'><strong>animaduertit</strong></span> <span class='ocrx_word' id='word_1_162' title='bbox 1003 2711 1091 2777; x_wconf 91' lang='lat' dir='ltr'><strong>hunc</strong></span> <span class='ocrx_word' id='word_1_163' title='bbox 1106 2716 1212 2779; x_wconf 90' lang='lat' dir='ltr'><strong>uirum</strong></span> <span class='ocrx_word' id='word_1_164' title='bbox 1225 2714 1445 2779; x_wconf 87' lang='lat' dir='ltr'><strong>clarissimum</strong></span> 
     </span>
     <span class='ocr_line' id='line_1_22' title="bbox 215 2818 1443 2906; baseline -0.002 -22"><span class='ocrx_word' id='word_1_165' title='bbox 215 2818 261 2885; x_wconf 84' lang='lat' dir='ltr'><strong>ad</strong></span> <span class='ocrx_word' id='word_1_166' title='bbox 283 2820 367 2883; x_wconf 85' lang='lat' dir='ltr'><strong>satis</strong></span> <span class='ocrx_word' id='word_1_167' title='bbox 391 2819 559 2904; x_wconf 87' lang='lat' dir='ltr'><strong>antiquum</strong></span> <span class='ocrx_word' id='word_1_168' title='bbox 582 2820 743 2904; x_wconf 90' lang='lat' dir='ltr'><strong>pertinere</strong></span> <span class='ocrx_word' id='word_1_169' title='bbox 766 2830 911 2906; x_wconf 85' lang='lat' dir='ltr'><strong>tempus,</strong></span> <span class='ocrx_word' id='word_1_170' title='bbox 935 2820 975 2884; x_wconf 87' lang='lat' dir='ltr'><strong>de</strong></span> <span class='ocrx_word' id='word_1_171' title='bbox 999 2821 1072 2906; x_wconf 90' lang='lat' dir='ltr'><strong>ipso</strong></span> <span class='ocrx_word' id='word_1_172' title='bbox 1095 2819 1228 2885; x_wconf 89' lang='lat' dir='ltr'><strong>homine</strong></span> <span class='ocrx_word' id='word_1_173' title='bbox 1256 2820 1361 2885; x_wconf 85' lang='lat' dir='ltr'><strong>falsus</strong></span> <span class='ocrx_word' id='word_1_174' title='bbox 1384 2828 1443 2893; x_wconf 89' lang='lat' dir='ltr'><strong>est,</strong></span> 
     </span>
     <span class='ocr_line' id='line_1_23' title="bbox 216 2922 1445 3015; baseline -0.002 -24"><span class='ocrx_word' id='word_1_175' title='bbox 216 2947 292 2991; x_wconf 88' lang='lat' dir='ltr'><strong>cum</strong></span> <span class='ocrx_word' id='word_1_176' title='bbox 313 2923 453 2989; x_wconf 86' lang='lat' dir='ltr'><strong>eundem</strong></span> <span class='ocrx_word' id='word_1_177' title='bbox 476 2922 562 2989; x_wconf 91' lang='lat' dir='ltr'><strong>hunc</strong></span> <span class='ocrx_word' id='word_1_178' title='bbox 587 2946 663 2989; x_wconf 89' lang='lat' dir='ltr'><strong>esse</strong></span> <span class='ocrx_word' id='word_1_179' title='bbox 679 2924 879 2990; x_wconf 91' lang='lat' dir='ltr'><strong>Domnulum</strong></span> <span class='ocrx_word' id='word_1_180' title='bbox 895 2927 1094 2992; x_wconf 85' lang='lat' dir='ltr'><strong>existimaret</strong></span> <span class='ocrx_word' id='word_1_181' title='bbox 1111 2938 1208 3015; x_wconf 90' lang='lat' dir='ltr'><strong>atque</strong></span> <span class='ocrx_word' id='word_1_182' title='bbox 1223 2927 1323 3000; x_wconf 93' lang='lat' dir='ltr'><strong>illum,</strong></span> <span class='ocrx_word' id='word_1_183' title='bbox 1347 2946 1445 3012; x_wconf 91' lang='lat' dir='ltr'><strong>quem</strong></span> 
     </span>
     <span class='ocr_line' id='line_1_24' title="bbox 214 3029 1444 3121; baseline 0.002 -26"><span class='ocrx_word' id='word_1_184' title='bbox 214 3042 349 3120; x_wconf 83' lang='lat' dir='ltr'><strong>poetam</strong></span> <span class='ocrx_word' id='word_1_185' title='bbox 373 3052 454 3097; x_wconf 89' lang='lat' dir='ltr'><strong>suae</strong></span> <span class='ocrx_word' id='word_1_186' title='bbox 479 3032 595 3095; x_wconf 86' lang='lat' dir='ltr'><strong>aetatis</strong></span> <span class='ocrx_word' id='word_1_187' title='bbox 618 3029 707 3096; x_wconf 90' lang='lat' dir='ltr'><strong>haud</strong></span> <span class='ocrx_word' id='word_1_188' title='bbox 736 3032 916 3120; x_wconf 88' lang='lat' dir='ltr'><strong>ignobilem</strong></span> <span class='ocrx_word' id='word_1_189' title='bbox 944 3032 1145 3099; x_wconf 83' lang='lat' dir='ltr'><strong>celebrasset</strong></span> <span class='ocrx_word' id='word_1_190' title='bbox 1165 3033 1368 3121; x_wconf 81' lang='lat' dir='ltr'><strong>Apollinaris</strong></span> <span class='ocrx_word' id='word_1_191' title='bbox 1390 3032 1444 3098; x_wconf 84' lang='lat' dir='ltr'><strong>Si·</strong></span> 
     </span>
     <span class='ocr_line' id='line_1_25' title="bbox 215 3136 833 3225; baseline -0.003 -20"><span class='ocrx_word' id='word_1_192' title='bbox 215 3140 336 3207; x_wconf 85' lang='lat' dir='ltr'><strong>deuius</strong></span> <span class='ocrx_word' id='word_1_193' title='bbox 359 3138 407 3207; x_wconf 89' lang='lat' dir='ltr'><strong>lX</strong></span> <span class='ocrx_word' id='word_1_194' title='bbox 430 3158 504 3225; x_wconf 87' lang='lat' dir='ltr'><strong>epp.</strong></span> <span class='ocrx_word' id='word_1_195' title='bbox 530 3138 570 3204; x_wconf 84' lang='lat'><strong>15</strong></span> <span class='ocrx_word' id='word_1_196' title='bbox 594 3136 647 3203; x_wconf 92' lang='lat' dir='ltr'><strong>bis</strong></span> <span class='ocrx_word' id='word_1_197' title='bbox 670 3138 833 3214; x_wconf 90' lang='lat' dir='ltr'><strong>uersibus,</strong></span> 
     </span>
    </p>

    <p class='ocr_par' dir='ltr' id='par_1_6' title="bbox 502 3244 1029 3321">
     <span class='ocr_line' id='line_1_26' title="bbox 502 3244 1029 3321; baseline 0.004 -12"><span class='ocrx_word' id='word_1_198' title='bbox 502 3244 691 3310; x_wconf 66' lang='lat' dir='ltr'><strong>Seuerianae</strong></span> <span class='ocrx_word' id='word_1_199' title='bbox 713 3246 777 3309; x_wconf 80' lang='lat' dir='ltr'><strong>ieta</strong></span> <span class='ocrx_word' id='word_1_200' title='bbox 797 3246 904 3311; x_wconf 77' lang='lat' dir='ltr'><strong>rltetor</strong></span> <span class='ocrx_word' id='word_1_201' title='bbox 925 3248 1029 3321; x_wconf 78' lang='lat' dir='ltr'><strong>altior,</strong></span> 
     </span>
    </p>

    <p class='ocr_par' dir='ltr' id='par_1_7' title="bbox 501 3351 1109 3436">
     <span class='ocr_line' id='line_1_27' title="bbox 501 3351 1109 3436; baseline 0.002 -19"><span class='ocrx_word' id='word_1_202' title='bbox 501 3352 587 3435; x_wconf 53' lang='lat' dir='ltr'><strong>Aser</strong></span> <span class='ocrx_word' id='word_1_203' title='bbox 608 3351 759 3434; x_wconf 75' lang='lat' dir='ltr'><strong>oqferqroe</strong></span> <span class='ocrx_word' id='word_1_204' title='bbox 781 3353 959 3417; x_wconf 77' lang='lat' dir='ltr'><strong>Domnulus</strong></span> <span class='ocrx_word' id='word_1_205' title='bbox 975 3355 1109 3436; x_wconf 80' lang='lat' dir='ltr'><strong>politius</strong></span> 
     </span>
    </p>

    <p class='ocr_par' dir='ltr' id='par_1_8' title="bbox 502 3458 1110 3541">
     <span class='ocr_line' id='line_1_28' title="bbox 502 3458 1110 3541; baseline 0.003 -18"><span class='ocrx_word' id='word_1_206' title='bbox 502 3458 773 3541; x_wconf 71' lang='lat' dir='ltr'><strong>Sebolmtieoeque</strong></span> <span class='ocrx_word' id='word_1_207' title='bbox 796 3460 853 3524; x_wconf 78' lang='lat' dir='ltr'><strong>sub</strong></span> <span class='ocrx_word' id='word_1_208' title='bbox 875 3460 1110 3525; x_wconf 62' lang='lat' dir='ltr'><strong>rotundioribus</strong></span> 
     </span>
    </p>

    <p class='ocr_par' dir='ltr' id='par_1_9' title="bbox 214 3564 1528 4505">
     <span class='ocr_line' id='line_1_29' title="bbox 501 3564 1145 3643; baseline 0.003 -14"><span class='ocrx_word' id='word_1_209' title='bbox 501 3566 617 3629; x_wconf 79' lang='lat' dir='ltr'><strong>Petrae</strong></span> <span class='ocrx_word' id='word_1_210' title='bbox 640 3564 801 3630; x_wconf 73' lang='lat' dir='ltr'><strong>camoenis</strong></span> <span class='ocrx_word' id='word_1_211' title='bbox 823 3567 999 3630; x_wconf 68' lang='lat' dir='ltr'><strong>dictitaret</strong></span> <span class='ocrx_word' id='word_1_212' title='bbox 1020 3570 1145 3643; x_wconf 74' lang='lat' dir='ltr'><strong>ctoriae,¹</strong></span> 
     </span>
     <span class='ocr_line' id='line_1_30' title="bbox 216 3668 1444 3758; baseline -0.002 -19"><span class='ocrx_word' id='word_1_213' title='bbox 216 3672 261 3739; x_wconf 86' lang='lat' dir='ltr'><strong>ad</strong></span> <span class='ocrx_word' id='word_1_214' title='bbox 291 3670 431 3737; x_wconf 90' lang='lat' dir='ltr'><strong>eundem</strong></span> <span class='ocrx_word' id='word_1_215' title='bbox 457 3669 657 3737; x_wconf 90' lang='lat' dir='ltr'><strong>Domnulum</strong></span> <span class='ocrx_word' id='word_1_216' title='bbox 686 3671 892 3737; x_wconf 86' lang='lat' dir='ltr'><strong>referendum</strong></span> <span class='ocrx_word' id='word_1_217' title='bbox 921 3692 996 3737; x_wconf 89' lang='lat' dir='ltr'><strong>esse</strong></span> <span class='ocrx_word' id='word_1_218' title='bbox 1024 3672 1113 3737; x_wconf 89' lang='lat' dir='ltr'><strong>idem</strong></span> <span class='ocrx_word' id='word_1_219' title='bbox 1140 3693 1260 3737; x_wconf 90' lang='lat' dir='ltr'><strong>nomen</strong></span> <span class='ocrx_word' id='word_1_220' title='bbox 1289 3692 1363 3758; x_wconf 87' lang='lat' dir='ltr'><strong>epp.</strong></span> <span class='ocrx_word' id='word_1_221' title='bbox 1386 3668 1444 3746; x_wconf 90' lang='lat' dir='ltr'><strong>lX,</strong></span> 
     </span>
     <span class='ocr_line' id='line_1_31' title="bbox 218 3777 1444 3865; baseline -0.001 -20"><span class='ocrx_word' id='word_1_222' title='bbox 218 3781 278 3853; x_wconf 81' lang='lat'><strong>13,</strong></span> <span class='ocrx_word' id='word_1_223' title='bbox 311 3778 368 3843; x_wconf 91' lang='lat' dir='ltr'><strong>ubi</strong></span> <span class='ocrx_word' id='word_1_224' title='bbox 396 3779 605 3845; x_wconf 90' lang='lat' dir='ltr'><strong>coniunctum</strong></span> <span class='ocrx_word' id='word_1_225' title='bbox 639 3790 825 3842; x_wconf 84' lang='lat' dir='ltr'><strong>occurreret</strong></span> <span class='ocrx_word' id='word_1_226' title='bbox 859 3800 934 3844; x_wconf 90' lang='lat' dir='ltr'><strong>cum</strong></span> <span class='ocrx_word' id='word_1_227' title='bbox 961 3779 1144 3843; x_wconf 72' lang='lat' dir='ltr'><strong>Seuer-iano</strong></span> <span class='ocrx_word' id='word_1_228' title='bbox 1179 3790 1211 3842; x_wconf 89' lang='lat' dir='ltr'><strong>et</strong></span> <span class='ocrx_word' id='word_1_229' title='bbox 1241 3777 1444 3865; x_wconf 86' lang='lat' dir='ltr'><strong>Lampridio,</strong></span> 
     </span>
     <span class='ocr_line' id='line_1_32' title="bbox 215 3882 1445 3973; baseline 0 -22"><span class='ocrx_word' id='word_1_230' title='bbox 215 3882 503 3973; x_wconf 85' lang='lat' dir='ltr'><strong>colligendumque</strong></span> <span class='ocrx_word' id='word_1_231' title='bbox 515 3884 603 3959; x_wconf 88' lang='lat' dir='ltr'><strong>inde,</strong></span> <span class='ocrx_word' id='word_1_232' title='bbox 620 3896 811 3971; x_wconf 88' lang='lat' dir='ltr'><strong>comparata</strong></span> <span class='ocrx_word' id='word_1_233' title='bbox 822 3905 896 3971; x_wconf 90' lang='lat' dir='ltr'><strong>epp.</strong></span> <span class='ocrx_word' id='word_1_234' title='bbox 908 3883 978 3959; x_wconf 89' lang='lat' dir='ltr'><strong>llll,</strong></span> <span class='ocrx_word' id='word_1_235' title='bbox 991 3885 1044 3959; x_wconf 81' lang='lat'><strong>25,</strong></span> <span class='ocrx_word' id='word_1_236' title='bbox 1057 3906 1131 3949; x_wconf 89' lang='lat' dir='ltr'><strong>eum</strong></span> <span class='ocrx_word' id='word_1_237' title='bbox 1143 3884 1304 3950; x_wconf 87' lang='lat' dir='ltr'><strong>rhetorem</strong></span> <span class='ocrx_word' id='word_1_238' title='bbox 1318 3884 1445 3951; x_wconf 87' lang='lat' dir='ltr'><strong>Galliae</strong></span> 
     </span>
     <span class='ocr_line' id='line_1_33' title="bbox 215 3989 1443 4079; baseline 0.001 -22"><span class='ocrx_word' id='word_1_239' title='bbox 215 3992 323 4057; x_wconf 78' lang='lat' dir='ltr'><strong>fuisee</strong></span> <span class='ocrx_word' id='word_1_240' title='bbox 347 4000 378 4053; x_wconf 88' lang='lat' dir='ltr'><strong>et</strong></span> <span class='ocrx_word' id='word_1_241' title='bbox 400 3990 524 4055; x_wconf 79' lang='lat' dir='ltr'><strong>uixisse</strong></span> <span class='ocrx_word' id='word_1_242' title='bbox 548 3989 723 4055; x_wconf 89' lang='lat' dir='ltr'><strong>Maioriani</strong></span> <span class='ocrx_word' id='word_1_243' title='bbox 745 3992 954 4078; x_wconf 87' lang='lat' dir='ltr'><strong>imperatoris</strong></span> <span class='ocrx_word' id='word_1_244' title='bbox 979 3990 1203 4074; x_wconf 80' lang='lat'>(457-461)</span> <span class='ocrx_word' id='word_1_245' title='bbox 1232 3993 1443 4079; x_wconf 86' lang='lat' dir='ltr'><strong>temporibus.</strong></span> 
     </span>
     <span class='ocr_line' id='line_1_34' title="bbox 216 4097 1444 4186; baseline 0.001 -23"><span class='ocrx_word' id='word_1_246' title='bbox 216 4098 281 4163; x_wconf 84' lang='lat' dir='ltr'><strong>Cui</strong></span> <span class='ocrx_word' id='word_1_247' title='bbox 304 4097 450 4183; x_wconf 86' lang='lat' dir='ltr'><strong>opinioni</strong></span> <span class='ocrx_word' id='word_1_248' title='bbox 472 4117 589 4183; x_wconf 80' lang='lat' dir='ltr'><strong>partun</strong></span> <span class='ocrx_word' id='word_1_249' title='bbox 612 4098 705 4160; x_wconf 88' lang='lat' dir='ltr'><strong>firmo</strong></span> <span class='ocrx_word' id='word_1_250' title='bbox 736 4100 946 4185; x_wconf 82' lang='lat' dir='ltr'><strong>congruentis</strong></span> <span class='ocrx_word' id='word_1_251' title='bbox 975 4100 1072 4162; x_wconf 92' lang='lat' dir='ltr'><strong>unius</strong></span> <span class='ocrx_word' id='word_1_252' title='bbox 1102 4100 1326 4186; x_wconf 78' lang='lat' dir='ltr'><strong>cognomenti,</strong></span> <span class='ocrx_word' id='word_1_253' title='bbox 1356 4100 1444 4185; x_wconf 92' lang='lat' dir='ltr'><strong>quod</strong></span> 
     </span>
     <span class='ocr_line' id='line_1_35' title="bbox 214 4200 1443 4292; baseline 0.002 -23"><span class='ocrx_word' id='word_1_254' title='bbox 214 4202 315 4269; x_wconf 79' lang='lat' dir='ltr'><strong>facile</strong></span> <span class='ocrx_word' id='word_1_255' title='bbox 345 4200 491 4289; x_wconf 91' lang='lat' dir='ltr'><strong>pluribus</strong></span> <span class='ocrx_word' id='word_1_256' title='bbox 526 4222 698 4268; x_wconf 90' lang='lat' dir='ltr'><strong>commune</strong></span> <span class='ocrx_word' id='word_1_257' title='bbox 729 4226 804 4269; x_wconf 89' lang='lat' dir='ltr'><strong>esse</strong></span> <span class='ocrx_word' id='word_1_258' title='bbox 837 4206 956 4292; x_wconf 86' lang='lat' dir='ltr'><strong>potuit,</strong></span> <span class='ocrx_word' id='word_1_259' title='bbox 989 4204 1200 4270; x_wconf 84' lang='lat' dir='ltr'><strong>firndamento</strong></span> <span class='ocrx_word' id='word_1_260' title='bbox 1235 4205 1333 4270; x_wconf 89' lang='lat' dir='ltr'><strong>fultae</strong></span> <span class='ocrx_word' id='word_1_261' title='bbox 1366 4206 1443 4271; x_wconf 91' lang='lat' dir='ltr'><strong>nolo</strong></span> 
     </span>
     <span class='ocr_line' id='line_1_36' title="bbox 215 4310 1528 4400; baseline 0.005 -26"><span class='ocrx_word' id='word_1_262' title='bbox 215 4310 404 4375; x_wconf 85' lang='lat' dir='ltr'><strong>accuratius</strong></span> <span class='ocrx_word' id='word_1_263' title='bbox 428 4330 628 4397; x_wconf 83' lang='lat' dir='ltr'><strong>repugnare,</strong></span> <span class='ocrx_word' id='word_1_264' title='bbox 653 4333 729 4377; x_wconf 85' lang='lat' dir='ltr'><strong>cum</strong></span> <span class='ocrx_word' id='word_1_265' title='bbox 751 4334 834 4399; x_wconf 90' lang='lat' dir='ltr'><strong>quae</strong></span> <span class='ocrx_word' id='word_1_266' title='bbox 859 4332 1025 4399; x_wconf 90' lang='lat' dir='ltr'><strong>opponam</strong></span> <span class='ocrx_word' id='word_1_267' title='bbox 1047 4310 1189 4377; x_wconf 88' lang='lat' dir='ltr'><strong>babeam</strong></span> <span class='ocrx_word' id='word_1_268' title='bbox 1211 4311 1443 4400; x_wconf 77' lang='lat' dir='ltr'><strong>probabiliora</strong></span> <span class='ocrx_word' id='word_1_269' title='bbox 1522 4371 1528 4381; x_wconf 92' lang='lat'>.</span> 
     </span>
     <span class='ocr_line' id='line_1_37' title="bbox 214 4414 1443 4505; baseline -0.001 -24"><span class='ocrx_word' id='word_1_270' title='bbox 214 4414 334 4481; x_wconf 88' lang='lat' dir='ltr'><strong>Nullus</strong></span> <span class='ocrx_word' id='word_1_271' title='bbox 359 4416 445 4479; x_wconf 88' lang='lat' dir='ltr'><strong>enim</strong></span> <span class='ocrx_word' id='word_1_272' title='bbox 469 4414 579 4481; x_wconf 89' lang='lat' dir='ltr'><strong>dubito</strong></span> <span class='ocrx_word' id='word_1_273' title='bbox 604 4418 681 4505; x_wconf 91' lang='lat' dir='ltr'><strong>quin</strong></span> <span class='ocrx_word' id='word_1_274' title='bbox 699 4418 949 4505; x_wconf 86' lang='lat' dir='ltr'><strong>subscriptionis</strong></span> <span class='ocrx_word' id='word_1_275' title='bbox 973 4429 1086 4483; x_wconf 87' lang='lat' dir='ltr'><strong>auctor</strong></span> <span class='ocrx_word' id='word_1_276' title='bbox 1107 4418 1161 4484; x_wconf 88' lang='lat' dir='ltr'><strong>ille</strong></span> <span class='ocrx_word' id='word_1_277' title='bbox 1175 4419 1343 4487; x_wconf 85' lang='lat' dir='ltr'><strong>Rusticius</strong></span> <span class='ocrx_word' id='word_1_278' title='bbox 1366 4414 1443 4481; x_wconf 91' lang='lat' dir='ltr'><strong>Hel·</strong></span> 
     </span>
    </p>
   </div>
   <div class='ocr_carea' id='block_1_4' title="bbox 214 4608 1443 4823">
    <p class='ocr_par' dir='ltr' id='par_1_10' title="bbox 214 4608 1443 4823">
     <span class='ocr_line' id='line_1_38' title="bbox 288 4608 939 4677; baseline 0.003 -14"><span class='ocrx_word' id='word_1_279' title='bbox 288 4610 309 4677; x_wconf 86' lang='lat'><strong>¹)</strong></span> <span class='ocrx_word' id='word_1_280' title='bbox 329 4612 367 4663; x_wconf 76' lang='lat' dir='ltr'><strong>ct.</strong></span> <span class='ocrx_word' id='word_1_281' title='bbox 387 4613 507 4665; x_wconf 77' lang='lat' dir='ltr'><strong>Macron.</strong></span> <span class='ocrx_word' id='word_1_282' title='bbox 526 4611 594 4665; x_wconf 69' lang='lat' dir='ltr'><strong>sta.</strong></span> <span class='ocrx_word' id='word_1_283' title='bbox 612 4614 645 4673; x_wconf 81' lang='lat'><strong>11.</strong></span> <span class='ocrx_word' id='word_1_284' title='bbox 666 4608 708 4666; x_wconf 78' lang='lat'><strong>12.</strong></span> <span class='ocrx_word' id='word_1_285' title='bbox 737 4614 782 4673; x_wconf 82' lang='lat'><strong>111,</strong></span> <span class='ocrx_word' id='word_1_286' title='bbox 800 4610 826 4666; x_wconf 72' lang='lat'><em>2</em></span> <span class='ocrx_word' id='word_1_287' title='bbox 856 4615 877 4674; x_wconf 82' lang='grc' dir='ltr'><strong>Ι,</strong></span> <span class='ocrx_word' id='word_1_288' title='bbox 899 4610 939 4666; x_wconf 80' lang='lat' dir='ltr'><strong>ld.</strong></span> 
     </span>
     <span class='ocr_line' id='line_1_39' title="bbox 286 4681 1443 4751; baseline 0.002 -17"><span class='ocrx_word' id='word_1_289' title='bbox 286 4681 309 4751; x_wconf 70' lang='grc' dir='ltr'><strong>Ι)</strong></span> <span class='ocrx_word' id='word_1_290' title='bbox 329 4684 464 4737; x_wconf 77' lang='lat' dir='ltr'><strong>Porsulae</strong></span> <span class='ocrx_word' id='word_1_291' title='bbox 481 4686 571 4745; x_wconf 83' lang='lat' dir='ltr'><strong>notae,</strong></span> <span class='ocrx_word' id='word_1_292' title='bbox 590 4700 660 4751; x_wconf 81' lang='lat' dir='ltr'><strong>quae</strong></span> <span class='ocrx_word' id='word_1_293' title='bbox 678 4686 728 4736; x_wconf 87' lang='lat' dir='ltr'><strong>hos</strong></span> <span class='ocrx_word' id='word_1_294' title='bbox 746 4688 802 4737; x_wconf 87' lang='lat' dir='ltr'><strong>tres</strong></span> <span class='ocrx_word' id='word_1_295' title='bbox 820 4700 919 4738; x_wconf 85' lang='lat' dir='ltr'><strong>aereus</strong></span> <span class='ocrx_word' id='word_1_296' title='bbox 936 4687 1102 4751; x_wconf 80' lang='lat' dir='ltr'><strong>praecedunt</strong></span> <span class='ocrx_word' id='word_1_297' title='bbox 1118 4688 1165 4751; x_wconf 82' lang='lat' dir='ltr'><strong>(ef.</strong></span> <span class='ocrx_word' id='word_1_298' title='bbox 1181 4686 1280 4737; x_wconf 73' lang='lat' dir='ltr'><strong>uetans</strong></span> <span class='ocrx_word' id='word_1_299' title='bbox 1293 4682 1443 4747; x_wconf 82' lang='lat' dir='ltr'><strong>scripturae</strong></span> 
     </span>
     <span class='ocr_line' id='line_1_40' title="bbox 214 4755 1150 4823; baseline 0.002 -14"><span class='ocrx_word' id='word_1_300' title='bbox 214 4755 357 4823; x_wconf 65' lang='lat' dir='ltr'><strong>speum</strong></span> <span class='ocrx_word' id='word_1_301' title='bbox 374 4770 418 4821; x_wconf 82' lang='lat' dir='ltr'><strong>ap.</strong></span> <span class='ocrx_word' id='word_1_302' title='bbox 437 4757 560 4821; x_wconf 81' lang='lat' dir='ltr'><strong>Malum),</strong></span> <span class='ocrx_word' id='word_1_303' title='bbox 580 4758 691 4809; x_wconf 86' lang='lat' dir='ltr'><strong>ornatus</strong></span> <span class='ocrx_word' id='word_1_304' title='bbox 710 4772 795 4810; x_wconf 82' lang='lat' dir='ltr'><strong>cansa</strong></span> <span class='ocrx_word' id='word_1_305' title='bbox 812 4759 921 4809; x_wconf 80' lang='lat' dir='ltr'><strong>additae</strong></span> <span class='ocrx_word' id='word_1_306' title='bbox 938 4771 1003 4811; x_wconf 82' lang='lat' dir='ltr'><strong>ease</strong></span> <span class='ocrx_word' id='word_1_307' title='bbox 1021 4758 1150 4811; x_wconf 67' lang='lat' dir='ltr'><strong>utentur.</strong></span> 
     </span>
    </p>
   </div>
   <div class='ocr_carea' id='block_1_5' title="bbox 0 0 1715 5400">
    <p class='ocr_par' dir='ltr' id='par_1_11' title="bbox 0 0 1715 5400">
     <span class='ocr_line' id='line_1_41' title="bbox 0 0 1715 5400; baseline 0 0"><span class='ocrx_word' id='word_1_308' title='bbox 0 0 1715 5400; x_wconf 95' lang='lat' dir='ltr'><strong> </strong></span> 
     </span>
    </p>
   </div>
  </div>
 </body>
</html>
