3409 5400
354 502 422 570 220
683 494 744 563 Du
765 490 1018 561 DISCIPLINA
1039 488 1244 559 MILITARI.

357 663 458 727 duces
480 659 567 725 bella
587 678 691 743 prauo
718 656 858 723 consilio
887 666 1055 743 gerentes,
1086 653 1184 717 etiam
1207 652 1238 716 si
1263 674 1400 739 prospera
1420 653 1523 717 fortuna

357 767 533 835 subsecuta
554 776 653 839 esset,
676 764 766 829 cruci
788 773 898 827 nmen
919 760 1169 849 suffigebautur,
1193 759 1282 845 quod
1299 758 1368 823 bene
1387 772 1527 847 gesserant

356 875 493 939 deorum
514 870 736 937 inmortalium
758 869 931 943 adiutorio,
955 866 1044 955 quod
1066 866 1155 933 mele
1174 868 1392 933 commiserant
1408 866 1528 951 Ipsorum

356 980 473 1068 culpae
493 981 703 1064 imputantes.
931 1004 936 1011 ·
1460 1028 1462 1035 .

314 1088 347 1153 2.
444 1084 622 1151 Clearchus
644 1104 734 1157 uero,
756 1080 1094 1147 Lacedaemoniorum
1117 1078 1192 1153 dux,
1216 1081 1347 1167 egregio
1361 1079 1432 1144 dicto
1451 1081 1543 1145 daei-1

355 1195 480 1281 plinam
506 1192 640 1257 militiae
668 1187 867 1262 continebat,
896 1186 1075 1253 identidem
1104 1186 1263 1249 exercitus
1292 1187 1340 1249 sui
1359 1188 1469 1251 auribus
1493 1188 1535 1251 in·

355 1298 516 1364 culcando
527 1322 550 1363 a
560 1296 715 1361 militibus
726 1296 955 1381 imperatorem
967 1294 1074 1379 potius
1088 1314 1186 1378 quam
1197 1290 1325 1356 bostem
1336 1294 1420 1357 metui
1429 1293 1539 1357 debere.

357 1406 432 1486 Quo
455 1415 566 1492 aperte
588 1402 800 1467 denuntiabat
819 1402 963 1465 futurum
985 1412 1021 1465 ut
1043 1400 1190 1485 spiritum
1212 1418 1335 1485 poenae
1349 1400 1542 1484 inpenderent,

357 1533 454 1599 quem
476 1532 609 1598 pugnae
632 1520 803 1593 acceptum
817 1507 904 1571 ferre
920 1507 1135 1571 dubitassent.
1174 1504 1276 1591 ldque
1294 1506 1399 1569 educe
1419 1506 1544 1592 praecipi

358 1640 424 1683 nou
452 1617 653 1683 mirabantur
687 1625 909 1679 maternarum
943 1612 1174 1679 blanditiarum
1208 1633 1377 1687 memores,
1409 1634 1484 1699 quae
1511 1613 1544 1675 iis

357 1702 503 1789 exime
522 1722 567 1788 ad
601 1719 828 1807 proeliandum
861 1719 1038 1785 monebant
1065 1720 1101 1783 ut
1128 1730 1184 1783 aut
1209 1719 1280 1782 uiui
1307 1741 1375 1785 cum
1401 1721 1491 1785 armis
1522 1722 1545 1784 ir

356 1840 570 1914 conspectum
591 1848 704 1891 earnm
720 1826 868 1889 uenirent
890 1836 946 1889 aut
960 1826 1080 1891 mortui
1093 1827 1128 1889 in
1144 1826 1244 1889 armis
1261 1825 1454 1890 referrentur.
1489 1825 1545 1889 llo«

356 1937 443 1999 intra
464 1934 664 1999 domesticos
686 1933 827 2019 parietes
850 1943 985 2019 accepto
1010 1934 1108 2019 signo
1123 1932 1307 2018 Spartanae
1329 1933 1412 1997 acies
1434 1932 1545 1997 dimica

357 2040 444 2107 bant.
480 2040 549 2105 Sed
564 2039 672 2103 aliena
693 2040 905 2125 prospexisse
922 2038 1147 2105 tantummodo
1164 2040 1245 2105 satis
1263 2048 1322 2112 est,
1344 2060 1413 2103 cum
1427 2040 1544 2125 proprii

357 2146 522 2234 multoque
544 2145 749 2211 uberioribus
773 2154 806 2209 et
826 2145 1025 2211 felicioribus
1049 2145 1206 2233 exemplis
1230 2144 1362 2231 gloriari
1382 2144 1484 2209 liceat.

357 2304 384 2359 2.
403 2324 421 2357 a
469 2307 581 2358 obanter
598 2320 668 2359 corr.
688 2304 723 2358 E.
735 2305 749 2375 ΙΙ
760 2301 786 2359 3.
805 2306 962 2357 adiutorium
980 2302 1069 2358 Asc.
1086 2304 1136 2375 114.
1158 2306 1311 2371 imputando
1329 2300 1360 2357 Γ.
1374 2304 1386 2375 ΙΙ
1405 2300 1431 2356 5.
1448 2306 1546 2356 Clearcr

357 2374 444 2430 BCE
489 2382 516 2428 et
527 2392 573 2446 pr.
590 2376 623 2430 A.
646 2375 681 2429 Vt
697 2392 745 2429 sos
763 2375 842 2429 aaa»
859 2375 923 2429 Pur.
935 2377 948 2445 ΙΙ
960 2378 1185 2433 lacedemoniam
1200 2390 1244 2443 pr.
1263 2374 1295 2429 Δ.
1321 2378 1546 2428 Lacedemonioru

357 2463 427 2502 corr.
447 2444 863 2517 umenecessitatis
888 2449 968 2515 quus]
989 2451 1084 2517 quibus
1103 2446 1134 2503 Γ.
1149 2444 1162 2515 ΙΙ
1180 2450 1204 2499 is
1224 2450 1333 2499 exituris
1352 2446 1383 2500 A.
1408 2449 1448 2499 eis
1467 2450 1547 2499 exitur

358 2517 453 2573 BCD.
472 2534 521 2571 eos
539 2522 657 2572 exituros
676 2518 711 2571 Ε.
730 2520 825 2571 exituri
842 2516 875 2570 Γ.
894 2522 1012 2571 exituros
1031 2535 1079 2571 eos
1100 2517 1177 2572 Torr.
1193 2519 1205 2589 ΙΙ
1222 2517 1262 2571 il.
1282 2522 1458 2571 monebantur
1476 2515 1542 2573 Dr.

360 2586 401 2644 ta
419 2606 512 2643 eorum
529 2590 565 2644 Ε.
579 2590 592 2661 ΙΙ
605 2594 722 2643 inernies
740 2590 777 2644 D.
792 2586 804 2661 ΙΙ
819 2591 877 2641 lloc
895 2620 929 2629 -
949 2587 1016 2655 (ib.)
1034 2592 1114 2642 liceat
1132 2606 1182 2642 ota.
1200 2589 1232 2645 Γ.

428 2729 454 2786 2
473 2735 512 2787 Οἱ
530 2735 620 2788 Front.
639 2737 715 2787 strat.
733 2735 792 2794 1111,
813 2733 835 2792 1.
859 2733 899 2786 ll.

425 2819 530 2872 papirus
548 2811 680 2874 aceepm
689 2803 771 2872 serre
788 2801 961 2863 dubitassent)
977 2807 1016 2858 io.
1035 2805 1078 2857 Fr.
1092 2805 1242 2858 Gronouius
1260 2807 1287 2856 in
1306 2806 1426 2870 epistula
1445 2808 1479 2855 sd
1494 2807 1548 2856 Ver

358 2877 423 2926 duta
441 2877 592 2942 suspicatur
602 2879 770 2928 scribendum
780 2887 844 2928 esse
863 2891 999 2944 repensum
1008 2874 1099 2943 serre,
1116 2877 1209 2942 procul
1227 2877 1306 2927 dublo
1326 2879 1392 2940 quia
1411 2877 1548 2926 desiderat

357 2948 526 3012 impendendi
545 2949 571 2998 et
588 2949 718 3017 erogandi
735 2949 886 3008 notionem,
912 2951 1060 3012 eodemque
1084 2963 1174 2999 errore
1192 2949 1315 2999 inductus
1334 2963 1461 3000 scaminus
1480 2949 1546 2998 Peri

357 3019 418 3070 nius
436 3019 549 3071 coniecit
560 3034 634 3087 pseu
644 3016 731 3085 supas
743 3023 877 3086 acceptam
887 3017 968 3086 serre
979 3035 1031 3070 aon
1042 3015 1212 3072 dubitassent.
1248 3021 1361 3070 Praeter
1378 3021 1548 3070 necessitate

358 3092 491 3141 sententia
508 3092 579 3141 enim
597 3092 665 3142 baec
683 3093 740 3148 est,
764 3105 869 3154 poenae
888 3105 937 3142 eos
955 3093 1125 3156 impensuros
1143 3093 1234 3150 uitam,
1254 3106 1335 3153 quam
1356 3105 1373 3142 e
1393 3091 1505 3156 proelio
1524 3092 1548 3139 ta

358 3175 438 3223 quam
456 3176 565 3229 pugnae
583 3163 681 3212 donum
698 3161 800 3212 referre
817 3162 976 3213 noluissent.
1019 3163 1163 3226 deceptam
1186 3163 1276 3212 autem
1294 3161 1421 3228 aliquam
1441 3177 1504 3212 rem
1526 3163 1548 3212 it

359 3233 454 3283 eodem
472 3247 556 3284 sensu
574 3233 670 3301 aliquis
689 3231 790 3290 dicitur,
811 3249 863 3298 quo
881 3248 932 3284 nos
950 3234 1101 3286 iemandem
1120 3236 1208 3286 etwas
1225 3233 1395 3285 verdanlren.
1429 3233 1472 3284 ct
1495 3233 1548 3282 Val

358 3297 457 3362 beat.
475 3301 502 3356 ἲ.
522 3305 552 3363 V,
572 3301 598 3364 I,
618 3305 670 3355 ext.
691 3301 714 3356 l.
739 3301 853 3363 vu1.2.
873 3301 899 3357 3.
923 3306 976 3356 Cic.
995 3305 1064 3356 Phil.
1081 3305 1114 3365 11,
1134 3301 1160 3362 5.
1181 3301 1215 3357 12
1234 3305 1261 3356 ct
1278 3299 1329 3362 22,
1349 3298 1398 3354 55.
1425 3305 1465 3356 id.
1488 3305 1525 3354 ad

358 3375 405 3433 xi,
427 3370 495 3434 it.
520 3377 553 3425 de
571 3377 625 3426 nat.
645 3377 718 3426 deor.
735 3375 780 3434 111,
799 3368 842 3435 iti,
862 3371 905 3426 86.
933 3375 1027 3427 Senee.
1050 3391 1092 3440 ep.
1112 3371 1155 3434 78,
1173 3371 1200 3428 2.
1237 3377 1331 3438 lisque
1352 3375 1513 3426 Frontinus
1534 3377 1548 3424 b

359 3447 459 3498 Valerii
475 3447 561 3498 uerba
571 3447 612 3496 sic
629 3447 757 3504 reddidit,
774 3443 926 3512 &parificans
943 3461 996 3500 cos.
1017 3445 1063 3514 psi
1079 3445 1107 3497 ia
1121 3443 1226 3514 proelio
1241 3443 1350 3498 dubium
1363 3449 1489 3497 merten
1503 3444 1548 3496 tia

357 3522 423 3576 nat
441 3522 548 3576 com,
566 3515 593 3568 si
609 3514 792 3571 dandum.
812 3531 918 3568 susm
933 3515 1099 3585 capparim

427 3603 495 3656 quse
511 3587 548 3640 tia
564 3585 675 3640 scituris
691 3615 725 3626 -
744 3584 891 3648 neuim)
918 3589 1034 3639 sciatici
1058 3590 1188 3648 absoluti,
1213 3603 1281 3652 quos
1306 3590 1440 3640 omnium
1468 3591 1548 3638 bonu

357 3660 485 3711 librorum
503 3675 638 3712 consensu
656 3660 773 3718 restitut,
791 3675 846 3710 non
869 3674 922 3710 uno
940 3661 1045 3711 nomine
1062 3661 1265 3712 insolentissimi
1289 3662 1356 3710 sunt
1384 3675 1423 3710 uc
1453 3659 1548 3710 durisr

358 3729 474 3780 Primum
494 3731 577 3790 enini,
601 3748 661 3783 cum
679 3746 798 3795 persona
813 3731 848 3780 iis
873 3732 995 3781 subiecta
1018 3733 1114 3782 obiecti
1139 3731 1226 3781 lecum
1250 3733 1278 3780 in
1300 3731 1449 3794 pn'msrlu
1471 3733 1548 3780 senta

358 3801 457 3857 tenui,
475 3800 643 3864 participium
660 3802 816 3852 accasstiuo
834 3816 902 3852 casu
920 3803 1036 3866 positum
1048 3803 1195 3854 dosideres.
1230 3801 1334 3852 Deinde
1351 3801 1453 3852 iubis
1469 3802 1547 3850 abia

359 3883 428 3930 quos
452 3871 591 3920 absolutos
619 3873 708 3923 dicere
730 3875 866 3932 solemus,
893 3874 1056 3936 antiquiores
1080 3875 1153 3923 certe
1180 3873 1326 3938 scriptores
1352 3873 1451 3922 futuri
1477 3874 1545 3922 tem

358 3939 499 4003 participia
516 3941 655 3994 cuitarunt.
691 3943 807 3994 AlterIus
830 3942 992 4014 ἀνομαλὸας,
1017 3945 1193 3994 ablatiuorum
1217 3945 1450 4009 consequentiae
1479 3959 1542 4007 pro

358 4009 447 4074 ticipio
467 4012 550 4062 uerbo
567 4012 641 4062 finito
659 4015 815 4064 subiciendo
832 4016 990 4078 positorum,
1009 4016 1115 4065 etiamsi
1134 4029 1204 4072 rara,
1223 4015 1375 4065 nousuma
1391 4017 1507 4064 tamen
1533 4031 1548 4082 p

358 4081 463 4132 maura
481 4083 545 4131 sunt
561 4083 686 4147 exempla
710 4084 755 4148 (οἱ
774 4085 867 4138 Ilaase
892 4087 927 4137 ad
951 4087 1051 4156 Reisig.
1076 4085 1141 4136 vorl.
1167 4088 1210 4138 irb.
1229 4085 1289 4137 Lat.
1307 4086 1478 4150 spruchw.
1509 4101 1542 4136 n.

357 4154 472 4221 Krltger·
488 4167 602 4221 gramm.
620 4154 647 4217 3.
665 4149 728 4213 buu,
745 4157 800 4205 not.
819 4150 845 4208 I.
863 4159 982 4226 uaduig·
1001 4158 1028 4221 b·
1046 4153 1108 4216 428,
1126 4159 1181 4210 not.
1199 4152 1246 4221 5.),
1265 4171 1280 4207 e
1298 4157 1416 4219 utribus
1440 4171 1547 4205 unum

359 4238 539 4275 commemoro
556 4240 611 4276 non
628 4226 758 4277 dissimile
776 4228 839 4276 buic
856 4229 924 4286 lecu,
940 4231 1023 4281 Caes.
1041 4232 1068 4281 b.
1083 4229 1113 4282 G.
1133 4229 1188 4287 Vll,
1207 4223 1233 4287 4,
1256 4224 1494 4294 Vereinpeaoris
1510 4253 1548 4262 —

358 4293 462 4348 socc&
476 4293 534 4347 πίε
550 4292 688 4347 clientibus
696 4295 786 4363 suciis
802 4295 927 4350 incendit.
963 4299 1033 4351 Nam
1045 4300 1169 4351 Valerius
1187 4301 1275 4350 utrum
1288 4300 1315 4348 in
1335 4299 1404 4349 boc
1420 4311 1548 4366 genere

358 4369 413 4420 ext.
433 4364 445 4419 i
466 4369 646 4432 composuerit
661 4364 763 4419 Eodem
780 4375 890 4421 montem
908 4367 992 4420 Attea
1010 4369 1058 4421 uic
1075 4367 1179 4422 tondeas
1202 4375 1377 4436 trearpresse
1410 4395 1458 4406 —
1483 4365 1548 4417 Lm

357 4437 442 4490 mu
459 4435 624 4492 icsudadcs
641 4437 778 4491 mma
795 4439 909 4506 optimi
926 4437 1083 4492 aduruebiie
1100 4435 1503 4508 iatncsssurspreds'ys’m
1526 4436 1548 4487 ir

358 4511 429 4575 quod
446 4524 515 4561 saus
532 4513 641 4562 codices
659 4526 753 4562 omnes
771 4513 941 4570 confirmant,
962 4513 1042 4565 ualde
1061 4515 1168 4563 dubium
1193 4515 1243 4565 cst.
1282 4513 1390 4562 Fatus-i
1425 4511 1548 4559 autern

357 4583 431 4643 poris
449 4581 476 4630 in
494 4583 538 4632 bis
562 4582 707 4646 participiis
731 4584 857 4646 exempla
881 4585 1021 4651 congessit
1038 4584 1175 4647 Zumptius
1200 4599 1315 4652 gratnm.
1342 4583 1376 4646 s.
1405 4575 1503 4634 643.
1541 4597 1548 4626 ⁴

358 4652 429 4701 addo
446 4653 532 4715 ipsius
549 4653 650 4704 Valerii
668 4653 689 4710 1,
709 4650 733 4711 l,
752 4647 778 4705 ³.
797 4654 844 4711 tx,
864 4649 890 4710 ³.
910 4659 964 4707 ext.
983 4649 1008 4708 ³.
1051 4657 1143 4721 ltaque
1162 4656 1301 4720 probabile
1321 4655 1455 4704 saltem
1483 4653 1546 4702 est

358 4719 426 4770 rium
443 4722 482 4772 its
499 4724 658 4788 scripsisse,
677 4737 757 4789 quem
774 4725 810 4777 ad
828 4726 937 4778 modum
955 4741 1005 4778 nos
1024 4727 1168 4786 edidimus,
1193 4729 1221 4778 et
1244 4727 1328 4784 multo
1358 4725 1515 4794 quddam
