3409 5400
634 502 715 576 LIB.
740 506 798 587 vt,
824 510 861 577 (i.
884 514 916 590 8,
940 523 969 592 s.
995 518 1027 583 o.
1052 521 1082 585 7.
1401 529 1468 599 ala

245 678 349 743 parua
376 664 514 728 materia
540 664 749 733 laudationis.
803 670 889 738 Nam
918 677 948 740 si
985 680 1060 765 quis
1092 690 1167 744 ante
1199 682 1314 749 oculos
1342 707 1467 773 ponere

244 764 320 829 uelit
343 767 483 833 sobitum
507 770 643 838 militnm
667 776 863 854 adoneum,
886 784 1048 850 conuulsa
1070 787 1188 851 ianuae
1217 789 1376 868 claustra,
1404 798 1466 863 mi·

243 892 359 935 nacem
382 896 510 951 uocem,
535 890 641 945 truces
667 882 785 959 uultus,
809 885 969 972 fulgentia
993 912 1095 967 arma,
1119 916 1188 960 rem
1208 916 1290 961 uera
1312 902 1492 973 aestima,

243 980 329 1041 tione
353 994 584 1067 prosequetur,
609 1007 668 1050 nec
694 1012 791 1075 quam
817 994 879 1056 oito
904 994 1020 1060 dicitur
1043 998 1185 1087 aliquem
1209 1024 1269 1088 pro
1292 1004 1358 1069 alio
1380 1011 1466 1073 mori

107 1116 117 1155 3
213 1084 405 1159 inoluisse,
447 1098 510 1152 tam
553 1090 587 1153 id
622 1112 661 1155 ex
694 1095 784 1159 facili
819 1100 917 1164 etiam
955 1104 1026 1167 fleri
1062 1108 1210 1190 potuisse
1248 1110 1463 1179 arbitrabitur.

105 1226 114 1263 f,
242 1189 389 1276 Panapio
425 1206 532 1259 autem
568 1210 724 1283 quantum
760 1222 859 1267 seruo
894 1206 1026 1273 deberet
1062 1212 1207 1296 amplum
1242 1216 1273 1278 ei
1310 1216 1463 1283 iaciendo

104 1332 110 1371 1
240 1312 483 1367 monumentum
507 1324 546 1367 ac
571 1307 789 1373 testimonium
814 1312 944 1396 pietatis
961 1326 1054 1399 grato
1078 1316 1170 1384 titulo
1192 1320 1360 1387 reddendo
1384 1344 1462 1389 con·

239 1404 349 1468 fessus
373 1417 431 1470 cst.
615 1416 617 1423 '

328 1511 506 1577 Contentus
536 1535 645 1581 essem
673 1516 771 1584 huius
805 1525 962 1610 exemplis
998 1530 1146 1614 generis,
1182 1529 1248 1593 nisi
1276 1551 1377 1595 uuum
1407 1534 1501 1599 mei.

100 1658 104 1693 .
201 1634 229 1679 ro
238 1618 373 1683 adicere
397 1620 568 1685 admiratio
597 1624 676 1688 sacti
704 1640 847 1713 cogeret.
903 1631 1018 1696 Antius
1041 1632 1168 1709 Restio,
1201 1637 1404 1721 proscriptus
1438 1662 1460 1703 a

239 1728 430 1802 tumulturio,
464 1750 537 1793 com
566 1750 681 1795 omnes
712 1732 913 1800 domesticos
943 1738 1032 1803 circa
1058 1742 1209 1825 rapinam
1241 1753 1273 1804 ct
1300 1741 1459 1826 praedam

239 1843 415 1919 occupatos
447 1832 588 1909 uideret,
620 1858 718 1923 quam
749 1842 891 1905 maxime
919 1854 1048 1929 poterat
1076 1844 1285 1910 dissimulata
1311 1847 1392 1933 fuga
1420 1868 1458 1913 se

237 1939 406 2025 penatibus
432 1940 500 2004 suis
524 1942 720 2027 intempesta
737 1960 830 2009 nocte
847 1949 1008 2013 subduxit.
1055 1950 1156 2016 Cuius
1171 1950 1327 2017 furtiuum
1343 1973 1456 2040 egres·

95 2118 96 2121 Ἴ
237 2067 310 2108 sum
339 2066 455 2109 seruus
486 2046 526 2110 ab
555 2068 595 2111 eo
626 2051 832 2117 uinculorum
863 2075 973 2139 poena
1008 2058 1169 2122 coercitus
1202 2058 1456 2145 inexpiabilique

94 2204 95 2207 ,
200 2152 410 2216 relitterarum
433 2160 510 2215 nota
535 2174 592 2238 per
616 2176 779 2223 summam
803 2160 870 2225 oris
899 2161 1129 2227 coutumeliam
1155 2162 1283 2227 inustus
1315 2164 1493 2245 curiosisq

236 2256 424 2343 speculatus
448 2258 552 2321 oculis
577 2282 615 2323 ac
643 2264 785 2349 uestigia
806 2263 872 2328 huc
901 2276 999 2353 atque
1028 2266 1104 2331 illuc
1134 2268 1276 2330 errantia
1302 2254 1455 2331 beniuolo

235 2362 342 2428 studio
366 2362 561 2428 subsecutus
584 2362 678 2431 lateri
705 2367 908 2436 uoluntarius
938 2392 1049 2436 comes
1079 2372 1234 2457 adrepsit
1286 2368 1360 2452 Quo
1385 2372 1455 2459 qui·

235 2472 310 2535 dem
340 2484 405 2535 tam
435 2471 594 2555 exquisito
629 2482 760 2559 tamque
795 2478 928 2563 ancipiti
962 2478 1069 2541 officio
1097 2477 1374 2563 perfectissimum
1405 2480 1456 2542 ia·

235 2588 423 2663 expectatae
457 2575 586 2660 pietatis
623 2578 788 2645 cumulum
826 2582 1022 2667 expleuerat.
1076 2580 1139 2649 His
1174 2582 1277 2659 enim,
1315 2603 1455 2669 quorum

238 2737 259 2790 1.
279 2739 391 2789 materia
410 2752 495 2803 parua
513 2733 541 2788 F.
556 2732 607 2804 112.
627 2742 743 2790 subitum
763 2743 885 2809 miiitum]
905 2746 1016 2795 militum
1034 2745 1183 2796 subiectum
1195 2740 1227 2796 F.
1238 2741 1253 2808 ΙΙ
1264 2757 1404 2794 occursum
1415 2739 1453 2794 Ε.

244 2809 360 2876 ilcestre
379 2810 522 2860 minentem
541 2805 570 2858 F.
588 2809 601 2876 ΙΙ
618 2806 642 2863 3.
667 2827 723 2862 rem
744 2812 818 2880 uera]
839 2812 868 2864 ia
886 2829 983 2866 rasura
1000 2812 1037 2866 D.
1061 2830 1092 2866 re
1117 2831 1182 2867 nera
1207 2808 1325 2867 CEFP.
1340 2811 1355 2880 ΙΙ
1371 2814 1452 2864 aesti-

234 2883 374 2930 mationem
394 2877 452 2932 ΕΓ
470 2884 495 2930 et
508 2893 553 2946 pr.
571 2876 603 2932 A.
619 2879 669 2947 114.
689 2888 895 2946 prosequeretur
913 2901 957 2954 pr.
975 2883 1007 2938 A.
1025 2883 1039 2952 ΙΙ
1056 2901 1090 2936 no
1106 2883 1173 2938 BF.
1189 2883 1204 2954 ΙΙ
1219 2882 1245 2937 5.
1270 2883 1450 2950 arbitrabitur]

233 2953 369 3003 mirabitur
388 2951 415 3003 in
433 2964 531 3002 rasura
548 2945 579 3002 A.
592 2949 606 3018 Η
618 2949 643 3004 o.
663 2955 778 3018 pnnopiu
799 2951 849 3007 CF
864 2961 889 3006 et
900 2971 947 3023 pr.
964 2953 996 3007 A.
1015 2958 1148 3021 pauopios
1165 2951 1203 3008 D.
1222 2955 1358 3020 Panapion
1373 2951 1451 3007 Torr.

246 3025 258 3092 tl
273 3027 360 3074 autem
380 3021 518 3089 quantum]
539 3039 573 3073 on
592 3039 672 3085 quarn
690 3021 722 3077 F.
733 3024 746 3092 Η
760 3027 909 3078 iaciendum
927 3024 958 3079 Γ.
970 3026 985 3094 ΙΙ
996 3025 1022 3078 7.
1042 3029 1147 3095 gratum
1165 3029 1268 3078 titutum
1290 3039 1359 3076 corr.
1377 3021 1410 3077 Γ.
1424 3022 1437 3095 ΙΙ

232 3089 258 3145 ¹l.
278 3096 355 3144 buiris
374 3095 482 3162 generis
495 3095 625 3158 exemptis
639 3091 666 3146 D
676 3091 751 3148 Tora.
770 3099 849 3148 huius
863 3089 978 3162 exempli
995 3099 1106 3166 generis
1116 3093 1152 3150 E.
1171 3097 1322 3147 huiusmodi
1335 3097 1450 3162 exempti

232 3165 340 3233 generis
359 3163 390 3215 F.
410 3163 539 3226 exemplis
559 3166 637 3214 huius
656 3169 764 3234 generis
783 3165 811 3220 Γ.
823 3165 836 3234 ΙΙ
857 3166 898 3220 10.
918 3171 1005 3220 dicere
1023 3164 1280 3220 acuat-Troe.
1293 3163 1306 3234 ΙΙ
1319 3171 1393 3217 resto
1411 3164 1450 3220 D.

246 3233 257 3298 ΙΙ
276 3231 315 3284 ll.
335 3233 416 3298 eirca]
437 3235 530 3284 corrtrn
547 3231 576 3285 F.
591 3231 603 3302 ΙΙ
620 3231 660 3288 1³.
679 3239 867 3301 intempestate
904 3252 926 3290 r.
943 3239 976 3290 A.
988 3239 1002 3306 Η
1013 3241 1121 3290 fortium
1135 3253 1180 3305 pr.
1191 3235 1223 3290 A.
1242 3238 1367 3287 furtiuum
1385 3233 1413 3288 F.
1425 3236 1440 3304 ΙΙ

235 3301 275 3356 tt.
295 3317 389 3354 seruos
404 3317 449 3370 pr.
467 3300 501 3357 A.
521 3319 587 3368 qaae
596 3303 719 3369 sortasse
737 3305 843 3374 antiqua
867 3254 969 3360 issolerii
985 3308 1120 3374 scriptura
1137 3312 1184 3360 cst.
1195 3305 1209 3372 ll
1225 3307 1376 3357 cohercitus
1394 3303 1453 3359 ΕΓ

232 3377 258 3424 et
270 3388 315 3442 pr.
333 3370 365 3424 A.
378 3370 390 3439 Η
403 3374 620 3440 inexpiabilique]
641 3391 692 3438 que
710 3390 759 3426 ara.
780 3375 808 3429 C.
821 3377 835 3444 ΙΙ
849 3375 891 3430 15.
909 3379 1096 3429 continentiam
1116 3375 1145 3430 0.
1160 3375 1172 3445 ΙΙ
1190 3375 1229 3430 18.
1248 3378 1361 3442 ancipici
1377 3371 1409 3428 A.
1423 3373 1437 3445 [l

234 3441 274 3497 lit.
294 3447 452 3510 expectatae
470 3440 670 3500 ADEPTarr.
689 3448 832 3509 expectare
853 3445 882 3500 C.
902 3451 1040 3512 spectatae
1058 3445 1087 3500 F.
1098 3448 1113 3515 ΙΙ
1124 3449 1161 3498 iis
1177 3443 1214 3500 E.

302 3585 328 3638 i.
348 3587 386 3638 Cf.
406 3585 473 3650 App.
493 3587 541 3638 clu.
553 3587 609 3646 1111,
628 3581 671 3640 tt.
690 3585 877 3640 Macrobsat.
895 3587 915 3648 1,
937 3585 977 3640 ll.
995 3588 1055 3639 Dio.
1077 3587 1155 3639 Casa.
1173 3586 1282 3646 XLVII,
1302 3583 1335 3637 1⁰
1351 3603 1379 3652 p.
1397 3581 1450 3640 498

231 3659 314 3710 Reim.
339 3659 435 3709 Zonar.
455 3657 488 3714 X,
510 3654 551 3707 17.
969 3652 981 3694 ι’

301 3727 378 3780 buius
396 3725 519 3796 exemplis
533 3727 646 3794 pencris)
672 3729 793 3779 tusotcns
817 3742 930 3792 prorsus
949 3732 1090 3779 uerborum
1109 3730 1173 3779 ordo
1192 3729 1251 3788 iiie,
1270 3743 1322 3793 qno
1340 3729 1449 3796 genitint

231 3803 288 3852 orte
307 3801 485 3850 cohaerentes
504 3801 658 3851 dirimuntur
675 3801 830 3863 interposito
851 3801 977 3852 abiatiuo.
1013 3801 1107 3862 Neque
1125 3802 1215 3851 murco
1234 3800 1375 3865 quicquam
1393 3815 1449 3850 mn·

232 3873 339 3922 tandum
359 3874 426 3929 crat,
446 3886 505 3920 curn
525 3871 645 3922 similiter
663 3871 787 3922 Valerius
806 3873 911 3920 toctrtus
932 3871 967 3920 sit
985 3871 1028 3930 Vl,
1047 3866 1073 3928 9,
1093 3872 1145 3921 oxi.
1166 3867 1190 3928 1,
1217 3867 1297 3922 Cuius
1316 3868 1450 3936 pronitate

231 3941 359 3994 sermonis
377 3939 533 4008 resipiscere
551 3945 656 3992 coactas
674 3939 777 3994 Polemo
796 3945 822 3992 et
841 3943 896 3999 vlt.
916 3939 943 4002 8,
965 3935 982 3992 5
1000 3939 1088 4008 Aeque
1097 3937 1193 4006 seticis
1210 3939 1383 4007 impunitatis.
1397 3937 1451 3992 scd

231 4013 318 4064 irescic
343 4027 376 4064 aa
401 4011 537 4064 taetrioris
559 4010 629 4076 baec,
646 4009 736 4064 delicti
758 4017 924 4067 testamenta.
950 4026 1020 4074 quae
1043 4014 1144 4062 intacta
1167 4013 1329 4078 reliquerunt
1345 4013 1449 4077 priores

232 4086 357 4142 editores,
377 4085 420 4148 qut
440 4085 490 4134 hoc
509 4084 567 4134 ioco
586 4085 807 4148 transposuerunt
825 4081 903 4135 baias
917 4082 1022 4149 qenais
1039 4081 1170 4150 campita.

302 4169 342 4206 me
361 4152 475 4212 adicere)
499 4153 613 4204 Secutus
632 4169 691 4204 snm
710 4157 888 4206 coniecturam
901 4154 1038 4212 Perizonii
1057 4169 1118 4204 curn
1137 4155 1256 4204 codicum
1269 4156 1296 4204 et
1308 4151 1450 4204 editionum

232 4227 364 4289 scriptura
388 4239 428 4275 me
451 4221 539 4274 dicere
562 4239 645 4275 sensu
668 4227 748 4288 piane
771 4230 877 4281 careat.
901 4226 1007 4275 omnino
1026 4226 1224 4282 necessariam.
1249 4225 1297 4274 sed
1317 4225 1362 4272 uix
1380 4237 1450 4272 eom·

231 4298 405 4346 memoratam
425 4311 442 4343 a
461 4297 652 4346 recentioribus
671 4297 769 4346 Valerii
788 4297 996 4346 enarratoribus.

303 4365 484 4432 inexpectatae
498 4364 618 4434 pietatis)
636 4367 737 4416 Omnes
755 4367 811 4417 fere
825 4367 931 4416 codices
951 4371 1102 4432 eapectatae
1117 4367 1231 4416 tradunt.
1269 4364 1303 4413 nt
1315 4361 1451 4427 expectari

232 4440 267 4486 ab
292 4439 343 4486 boc
367 4435 473 4497 quidem
498 4450 578 4487 seruo
602 4437 665 4486 nibil
695 4437 749 4486 tate
777 4438 895 4500 poterat.
920 4439 948 4486 nt
976 4439 1004 4486 in
1033 4439 1207 4502 sequentibus
1231 4435 1340 4484 ubertus
1369 4435 1451 4482 etiarn

231 4508 381 4570 exponitur.
419 4509 589 4571 Quapropter
606 4505 765 4563 'ferraniam
793 4508 835 4572 qui
859 4509 960 4570 primns
979 4509 1094 4557 restitnit
1117 4507 1182 4555 iliud
1206 4507 1365 4572 expectatae.
1391 4517 1459 4552 cum·

231 4579 293 4627 inde
313 4592 330 4626 a
343 4577 438 4644 Ptgbio
451 4579 549 4628 editum
568 4579 644 4627 essct
661 4581 801 4642 spectatae,
821 4592 874 4627 non
886 4580 958 4628 recto
976 4579 1092 4634 enarrat,
1113 4578 1223 4626 ‘iecerat
1236 4575 1305 4640 quod
1318 4587 1452 4623 summum

231 4648 315 4698 atati
334 4661 414 4700 seruo
434 4649 570 4712 expectari
589 4649 710 4710 poterat'.
752 4647 781 4698 si
805 4649 925 4717 genuina
947 4649 1023 4697 esset
1046 4648 1193 4710 scriptura,
1217 4646 1285 4712 quod
1309 4644 1373 4693 mihi
1397 4657 1450 4693 non

231 4720 417 4784 persuadetur,
437 4723 588 4787 expectatae
606 4720 802 4784 comportare
820 4721 936 4785 quodam
961 4717 1125 4783 pronuntiari
1143 4719 1170 4769 et
1187 4715 1314 4783 explicari
1332 4715 1450 4773 deberet.
