3409 5400
512 514 594 583 LIB.
617 514 673 597 lll,
696 516 734 584 G.
757 520 790 596 8,
813 528 843 597 5.
868 520 944 587 8-
955 521 1028 587 Exi.
1051 532 1082 601 S.
1105 526 1137 592 2.
1365 532 1430 603 805

207 674 274 741 bali
296 675 411 740 retulit.
457 674 488 741 A
513 698 576 765 quo
601 676 721 744 adesse
743 680 826 745 iussi
850 692 941 759 sunt,
964 694 1000 748 ut
1021 684 1101 748 alter
1123 687 1248 751 crimen
1268 688 1433 773 probaret,

182 830 185 837 ·
210 784 290 849 alter
317 783 516 849 defenderet.
570 786 721 851 Ceterum
751 807 822 851 cum
849 810 908 875 pro
936 790 1091 855 tribunali
1120 813 1176 857 res
1208 808 1374 880 gereretur
1402 809 1436 865 et

210 892 393 979 quaestioni
416 892 462 955 illi
485 894 631 960 omniurn
654 894 739 958 oculi
763 906 875 959 essent
896 897 1019 975 intenti,
1043 897 1122 962 dum
1142 898 1229 962 aliud
1251 903 1334 966 forte
1357 907 1434 969 cite·

181 1060 183 1066 ,
209 998 304 1063 rioris
333 1018 432 1062 curae
462 1002 629 1087 negotium
653 1010 822 1077 tractatur,
850 1000 1002 1068 Blassius
1029 1004 1119 1069 uultu
1143 1005 1370 1074 dissimulante
1393 1032 1434 1076 ac

188 1118 292 1169 tuoee
321 1107 502 1197 summissa
530 1126 662 1172 monere
689 1104 829 1173 Dasium
861 1109 971 1196 coepit
1003 1120 1038 1174 ut
1063 1110 1290 1180 Romanorum
1323 1119 1434 1203 potius

210 1234 310 1299 quam
332 1210 656 1300 Karthaginiensium
678 1225 787 1299 partes
811 1215 946 1283 foueret.
979 1217 1159 1284 Enimuero
1182 1231 1260 1286 tunc
1280 1222 1335 1287 ille
1358 1244 1434 1310 pro·

210 1318 328 1383 clamat
351 1342 387 1384 se
415 1322 449 1385 in
479 1330 655 1405 conspectu
688 1320 781 1384 ducis
810 1321 973 1388 aduersus
1002 1345 1078 1390 eum
1105 1326 1284 1393 sollicitari.
1335 1328 1436 1410 Quod

210 1428 288 1514 quia
311 1438 342 1491 et
364 1426 552 1491 incredibile
577 1426 822 1491 existimabatur
845 1439 877 1492 et
900 1431 941 1494 ad
965 1432 1063 1497 unius
1080 1442 1205 1498 tantum
1220 1438 1310 1501 auris
1332 1458 1434 1524 pene·

209 1545 352 1599 trauerat
374 1544 405 1596 et
427 1532 608 1599 iactabatur
631 1533 672 1598 ab
696 1535 846 1611 inimico,
874 1538 996 1602 ueritas
1020 1539 1084 1603 fide
1109 1541 1221 1605 caruit.
1267 1544 1337 1608 Sed
1367 1566 1435 1611 non

176 1642 255 1706 reita
287 1640 387 1706 multo
422 1650 497 1727 post
531 1638 654 1705 Blassii
688 1642 773 1707 mira
807 1646 991 1709 constantia
1017 1642 1158 1713 Dasium
1193 1648 1236 1713 ad
1269 1670 1306 1714 se
1340 1652 1436 1715 traxit

211 1748 430 1834 Marcelloque
465 1760 496 1811 et
525 1747 695 1832 Salapiam
731 1760 763 1813 et
796 1752 994 1836 quingentos
1025 1752 1199 1832 Numidas,
1234 1758 1290 1843 qui
1323 1759 1359 1823 in
1393 1780 1436 1823 ea

211 1855 378 1919 custodiae
401 1874 506 1919 causa
528 1864 630 1929 erant,
655 1853 794 1919 tradidit.
1322 1864 1325 1868 ’

298 1960 445 2027 Phocion
462 1984 552 2037 uero,
569 1982 644 2027 cum
657 1960 877 2029 Athenienses
893 1986 963 2030 rem
976 1965 1068 2033 aliter
1080 1979 1178 2056 atque
1192 1970 1265 2057 ipse
1281 1979 1435 2037 suaserat
1444 1966 1476 2032 2.

209 2074 366 2157 prospere
390 2068 688 2143 administrassent,
712 2067 796 2134 adeo
819 2092 1037 2157 perseuerans
1058 2078 1237 2140 sententiae
1254 2096 1337 2141 suae
1358 2098 1435 2164 pro·

175 2188 374 2264 repugnator
396 2176 494 2239 extitit
514 2186 547 2238 ut
567 2177 602 2239 in
628 2177 777 2240 contione
800 2176 916 2242 laetari
933 2180 1066 2265 quidem
1081 2204 1118 2245 se
1134 2204 1296 2247 successu
1312 2204 1436 2259 eorum,

211 2284 271 2349 sed
296 2281 468 2348 consilium
492 2290 602 2346 tamen
625 2304 720 2345 suum
745 2283 910 2369 aliquanto
926 2284 1044 2349 melius
1068 2288 1170 2351 tuisse
1193 2288 1325 2351 diceret.
1359 2289 1437 2354 Non

212 2391 298 2455 enim
322 2388 490 2453 damnauit
513 2388 602 2474 quod
623 2400 711 2451 recte
736 2389 877 2465 uiderat,
910 2391 989 2476 quia
1016 2391 1103 2477 quod
1126 2392 1212 2457 alius
1242 2394 1329 2458 male
1357 2416 1436 2459 con·

212 2499 357 2563 suluerat
376 2496 462 2562 hene
487 2504 647 2570 cesserat,
671 2493 797 2559 felicius
820 2494 899 2560 illud
923 2498 1133 2573 existimans,
1156 2498 1220 2562 hoc
1244 2502 1435 2586 sapientius.

211 2612 231 2681 †
254 2604 363 2669 Etiam
386 2624 467 2669 sarie
490 2601 645 2668 blandum
669 2601 813 2667 animum
836 2603 1007 2668 temeritati
1030 2626 1129 2669 casus
1145 2605 1234 2682 facit,
1255 2607 1312 2673 ubi
1330 2628 1434 2695 prauo

716 2727 928 2752 -ὶ--ᾑ-ι

211 2795 238 2856 2.
258 2797 328 2868 cum]
348 2817 397 2854 om.
411 2815 457 2870 pr.
475 2797 506 2856 Α.
521 2804 586 2868 post
601 2799 726 2850 tribunali
744 2795 940 2853 BCEFTorr.
954 2798 967 2872 ΙΙ
981 2817 1025 2853 res
1043 2804 1183 2870 urgeretur
1199 2801 1233 2855 Β.
1248 2800 1259 2874 ΙΙ
1274 2799 1299 2859 3.
1319 2805 1436 2856 omniurn

207 2889 253 2940 pr.
272 2871 303 2925 Α.
315 2873 328 2942 ΙΙ
341 2875 431 2924 intanti
450 2875 542 2923 essent
560 2869 593 2926 E.
609 2869 621 2944 {l
636 2871 757 2923 certioris
779 2867 806 2922 O.
827 2870 839 2941 ΙΙ
860 2870 885 2924 A.
903 2875 1062 2924 tractaretur
1080 2871 1113 2925 E.
1137 2878 1303 2928 tractabatur
1323 2871 1351 2927 F.
1363 2873 1377 2941 Η
1389 2874 1434 2941 ac]

213 2947 240 2995 et
260 2941 336 2997 Torr.
348 2944 361 3012 ΙΙ
374 2941 398 2996 5.
418 2945 529 2994 clusium
549 2959 657 2996 mouere
676 2937 767 3006 nnn
780 2937 803 2993 7.
818 2947 988 3008 conspectum
997 2959 1042 3013 pr.
1061 2943 1093 2996 A.
1106 2944 1119 3012 Η
1131 2949 1206 3007 Quod
1220 2947 1292 3014 quia]
1307 2949 1435 3012 Quodque

213 3013 245 3066 Β.
257 3013 270 3081 11
282 3011 307 3069 8.
327 3019 353 3066 et
371 3015 534 3082 incredibile]
556 3018 583 3066 ot
600 3032 649 3068 em.
668 3011 700 3066 F.
712 3009 726 3080 ΙΙ
744 3014 778 3062 ad
796 3029 845 3064 om.
864 3011 926 3067 Dr.
938 3014 952 3082 ll
971 3031 1051 3066 aures
1069 3013 1273 3070 BDEl’Torr.
1292 3033 1383 3068 aurem
1402 3013 1435 3068 F.

224 3085 237 3153 ΙΙ
249 3083 274 3138 9.
293 3087 424 3136 iciabatur
437 3102 482 3155 pr.
501 3085 532 3138 A.
552 3089 700 3138 eliciebatur
719 3097 788 3134 corr.
807 3083 839 3136 A.
854 3084 866 3152 ΙΙ
885 3083 924 3136 10.
945 3085 994 3154 ita]
1014 3102 1063 3138 em.
1080 3083 1116 3139 Ε.
1136 3093 1195 3138 ante
1212 3107 1265 3140 non
1284 3087 1316 3142 Γ.
1328 3086 1342 3155 ΙΙ
1352 3089 1435 3138 multo

212 3156 285 3222 post]
305 3158 385 3222 paulo
404 3159 465 3222 plus
483 3155 516 3208 Β.
534 3155 547 3226 l}
565 3161 643 3210 blasii
665 3155 694 3208 Γ.
711 3152 724 3223 Η
742 3155 856 3206 clusium
877 3154 943 3210 Dl'.
955 3155 969 3224 ΙΙ
989 3155 1028 3210 ll.
1053 3160 1079 3210 et
1103 3173 1152 3211 om.
1180 3157 1256 3213 Torr.
1269 3160 1283 3228 Η
1303 3158 1436 3222 selapiam

212 3223 368 3279 ABCDF.
388 3229 538 3292 salapiuam
556 3225 587 3282 F.
607 3233 619 3296 ΙΙ
640 3245 671 3278 eo
693 3225 721 3278 C·
741 3224 753 3294 ll
777 3224 815 3279 12.
841 3243 942 3279 causae
960 3226 991 3279 Α.
1008 3228 1021 3296 ΙΙ
1037 3231 1133 3280 tradite
1152 3227 1184 3282 Β.
1203 3227 1266 3280 add.
1285 3231 1348 3280 sunt
1365 3239 1436 3280 cerr.

212 3297 245 3352 Β.
258 3297 272 3366 Η
286 3294 326 3349 13.
346 3313 411 3351 uero
428 3313 477 3352 om.
497 3297 528 3350 Γ.
540 3297 553 3366 ΙΙ
566 3299 655 3366 atquc]
676 3315 755 3363 quam
774 3295 841 3350 DF.
853 3297 867 3367 ΙΙ
880 3296 921 3350 lt.
934 3303 1139 3362 perseueranter
1156 3297 1216 3358 (litt.
1228 3304 1269 3351 tor
1284 3299 1311 3349 in
1328 3303 1437 3354 rasam)

213 3366 245 3420 A.
266 3365 328 3428 add,
348 3370 365 3418 l'
384 3383 563 3432 perseuerans
581 3385 671 3454 marpo
689 3364 747 3488 Ap}
765 3365 806 3420 iti.
825 3369 885 3434 scd]
907 3371 1053 3420 secundum
1071 3366 1231 3436 Rutenos
1249 3370 1388 3420 consilium
1403 3364 1437 3418 Γ.

225 3439 238 3510 ΙΙ
250 3440 385 3505 aliquanto
404 3455 452 3491 om.
471 3438 502 3490 F.
517 3438 529 3508 ΙΙ
549 3435 585 3490 li.
605 3437 686 3502 emm]
706 3452 723 3487 a
743 3438 768 3490 d.
787 3442 847 3489 idco
867 3437 899 3490 Γ.
915 3439 929 3504 ΙΙ
946 3441 1016 3502 quod
1036 3441 1098 3500 quia
1116 3435 1148 3491 F.
1168 3436 1180 3507 ΙΙ
1200 3436 1241 3489 18.
1281 3439 1388 3489 esserat
1404 3435 1438 3488 A.

213 3514 362 3634 gesserant
379 3507 492 3561 BCEF
509 3514 535 3560 et
552 3524 620 3562 cerr.
639 3507 675 3561 D.
691 3503 703 3576 ss
721 3505 761 3561 19.
771 3509 870 3575 Etiam]
890 3507 930 3560 sic
947 3505 1009 3560 Aet
1021 3523 1067 3575 pr.
1083 3506 1112 3559 C.
1130 3524 1179 3558 om.
1191 3506 1254 3561 DE
1259 3456 1285 3561 d
1288 3507 1314 3561 Γ
1331 3514 1356 3559 et
1367 3522 1438 3561 cerr.

246 3579 278 3642 0,
300 3578 377 3633 Torr.
395 3579 440 3636 De
454 3595 498 3648 pr.
517 3577 542 3630 B
560 3595 610 3631 non
629 3579 718 3646 liquet.
741 3578 803 3646 qaia
825 3577 958 3646 sequentia
977 3578 1005 3629 in
1023 3593 1119 3629 rasura
1143 3577 1244 3646 serapte
1261 3585 1329 3632 sunt.
1343 3575 1355 3647 11
1370 3595 1439 3632 sane

215 3653 342 3719 -tacit],
354 3655 508 3718 plerumque
527 3653 598 3702 enim
615 3653 791 3701 temeritatem
812 3663 893 3699 casus
913 3650 1022 3699 adiuuat
1040 3652 1067 3700 et
1084 3649 1113 3700 ia
1122 3663 1219 3701 rasura
1229 3648 1263 3704 Β.
1282 3653 1438 3717 plerumque

216 3727 286 3776 enim
305 3725 482 3776 temeritatem
501 3737 582 3772 castis
607 3723 681 3772 iuuat
703 3719 761 3774 EF
783 3724 808 3771 et
831 3719 860 3769 iu
882 3734 979 3771 rantra
999 3718 1028 3772 C.
1045 3717 1059 3787 Η
1075 3721 1206 3772 Blandum
1231 3723 1348 3775 animum
1370 3737 1438 3774 sane

219 3791 291 3848 Τοῦ·
303 3793 402 3866 illasii]
422 3795 485 3846 iacit
503 3791 569 3844 AD.
584 3791 596 3858 ll
611 3793 667 3859 ubi]
687 3799 716 3843 ut
734 3789 762 3844 F.

285 3971 310 4026 2.
330 3973 535 4034 haeresceret)
561 3972 684 4023 Defendit
702 3971 846 4023 'l'orreuius
866 3972 937 4036 quod
954 3971 981 4018 in
998 3971 1136 4036 plerisque
1154 3971 1229 4022 libris
1245 3971 1360 4032 inuenit,
1384 3985 1439 4025 non

214 4047 350 4096 tamenin
369 4047 484 4109 optimis,
500 4049 650 4110 pererrant.
674 4045 806 4110 refertque
830 4043 864 4092 ad
883 4042 1077 4100 Athenienses,
1101 4055 1169 4108 quos
1191 4045 1273 4106 panio
1298 4049 1360 4093 ante
1381 4059 1440 4095 rem

215 4130 345 4182 prospere
364 4116 568 4166 administrasse
586 4116 709 4165 Valerius
729 4116 840 4165 dixerat.
882 4112 936 4163 Sed
955 4113 1097 4178 archetypi
1116 4114 1260 4176 scriptura,
1285 4116 1396 4165 seruata
1413 4116 1441 4164 in

214 4189 346 4238 Beruensi
363 4189 464 4246 codice,
483 4188 542 4238 erat
554 4185 740 4244 GESSERAT,
762 4201 841 4251 quam
855 4184 995 4248 aptissime
1013 4185 1124 4234 alterius
1142 4185 1259 4236 familiae
1278 4186 1364 4235 altera
1375 4197 1441 4250 pars

216 4259 276 4324 (21⁶¹)
294 4260 406 4308 mutauit
423 4259 449 4307 iu
469 4263 592 4316 cesserat,
612 4273 670 4306 cum
684 4273 736 4306 non
750 4259 783 4306 de
794 4258 906 4324 gerendi
917 4257 1020 4306 ratione
1032 4272 1066 4305 ac
1083 4257 1171 4313 modo,
1185 4259 1235 4307 scd
1248 4256 1280 4306 de
1293 4257 1333 4305 rel
1345 4258 1442 4322 gestam

215 4343 345 4380 successu
365 4331 516 4396 quaeratur,
536 4331 615 4394 idque
633 4329 659 4377 in
680 4329 792 4395 uulgata
810 4329 936 4390 exempla
954 4329 1091 4378 reductum
1110 4328 1233 4394 aPighio
1251 4341 1286 4375 ne
1298 4326 1442 4375 Torreuius
1550 4373 1560 4386 ,

235 4402 321 4452 uidem
339 4401 438 4453 reiecit.
1017 4423 1021 4427 ·

215 4417 233 4463 q
287 4475 303 4536 ’f
322 4469 413 4524 Etiam
431 4485 495 4522 rane
513 4467 636 4532 blandam
654 4468 777 4531 animam)
799 4469 845 4519 Sic
864 4470 956 4533 optimi
974 4470 1044 4528 libri,
1063 4471 1160 4535 quibus
1177 4468 1297 4518 nonnulii
1315 4466 1446 4517 accedtmt

216 4559 232 4594 e
251 4545 387 4595 codicibus
405 4543 502 4612 Pighii,
522 4543 567 4608 qui
580 4547 670 4592 umen
682 4543 802 4605 pessimo
821 4542 944 4604 exemplo
957 4541 1123 4604 transposita
1134 4539 1267 4601 particula
1285 4535 1371 4594 etima,
1391 4539 1446 4588 edi·

215 4617 254 4666 dit
271 4615 320 4668 Aac
338 4612 416 4666 enam
431 4613 585 4682 sapientius.
621 4610 751 4664 Blandum
766 4611 879 4662 mant
895 4627 960 4662 sane
977 4617 1029 4662 ete.
1066 4612 1140 4661 Vnde
1152 4610 1218 4658 mihi
1235 4608 1370 4664 facillime,
1389 4623 1446 4660 mu·

215 4691 273 4739 tato
292 4686 370 4739 etiam
388 4689 415 4738 in
440 4691 480 4740 et,
507 4687 710 4736 uisitatissimum
738 4684 844 4734 Valerio
869 4683 973 4733 timendi
997 4695 1085 4750 genus
1108 4681 1213 4730 restitui
1229 4693 1314 4744 posse
1333 4681 1445 4741 uidetur,

217 4775 269 4830 quo
288 4762 331 4812 hic
349 4759 463 4825 scriptor
481 4757 716 4818 ratiocinationes,
744 4770 813 4822 qaae
831 4755 1022 4820 praecedentia
1040 4753 1198 4802 confirmant
1220 4753 1248 4802 et
1269 4751 1348 4802 nouis
1365 4767 1446 4822 argu·

1181 4839 1225 4906 20
