3409 5400
224 396 289 463 296
651 387 712 455 ΒΕ
734 380 917 454 FIDVCIA
938 382 1023 453 SVI.

227 556 333 621 amico
358 572 501 641 quonam
517 560 659 616 mentem
683 570 777 614 suam
801 548 948 633 dirigens
964 546 1087 612 uultum
1109 545 1198 611 louis
1213 545 1453 632 propemodum

227 684 269 729 ex
289 664 364 747 ipso
388 660 479 727 caelo
501 662 637 746 petitum
661 657 769 723 eboris
789 656 988 721 liniamentis
1013 665 1102 718 esset
1124 652 1305 738 amplexus,
1326 652 1390 718 illis
1414 672 1452 717 sc

227 768 381 837 uersibus
405 768 502 854 quasi
525 767 685 854 magistro
709 786 807 828 usum
829 762 1008 848 respondit,

350 872 404 953 Ἤ,
423 879 479 939 καὶ
494 876 664 963 κυανέῃσιν
679 866 728 935 ἐπ’
747 867 866 958 ὀφρύσι
883 871 976 934 νεῦσε
990 871 1145 956 Κρον1ων·

355 978 557 1068 Ἀμβρὸσιαο
574 976 605 1042 d⁰
625 978 692 1066 ἄρα
707 988 815 1060 χατται
832 973 1053 1064 &medicinam
1070 975 1207 1050 ἄνακτος
1463 990 1477 1031 s

361 1083 486 1176 Κρατὸς
501 1081 557 1150 ἄπ’
575 1080 763 1151 ἀθανάτοιο·
780 1086 885 1168 μέγαν
901 1079 932 1147 d‘
951 1080 1277 1177 ἔλέλιξενὌλομπον.

188 1193 219 1263 5.
318 1193 395 1260 Νοο
428 1194 593 1279 patiuntur
627 1214 680 1256 me
714 1190 929 1255 tenerioribus
963 1188 1120 1273 exemplis
1149 1188 1271 1254 diutius
1303 1188 1455 1252 insistere

229 1303 401 1370 fortissimi
430 1300 541 1365 ducos.
595 1297 766 1383 Siquidem
796 1295 1063 1381 Epaminondas,
1098 1318 1174 1360 cum
1204 1297 1235 1361 ei
1263 1295 1352 1359 ciues
1381 1294 1456 1357 irati

232 1408 480 1477 sternendarum
502 1409 538 1471 in
560 1403 681 1490 oppido
704 1405 831 1467 uiarum
862 1403 1077 1467 contumeliae
1101 1423 1205 1466 causa
1227 1422 1341 1465 curam
1363 1421 1457 1463 mau-

233 1516 362 1588 darent,
397 1524 467 1577 crat
495 1512 582 1575 enim
614 1510 695 1573 illud
722 1510 939 1573 ministerium
967 1508 1058 1595 apud
1090 1530 1148 1573 eos
1179 1507 1456 1578 sordidissimum,
1465 1520 1494 1565 1ο

233 1624 306 1691 sine
328 1621 396 1685 ulla
418 1620 622 1683 cunctatione
645 1616 680 1680 id
702 1618 834 1701 recepit,
859 1616 1074 1701 daturumque
1098 1636 1135 1679 se
1152 1635 1286 1699 operam
1309 1625 1345 1675 ut
1366 1612 1458 1677 breui

234 1727 517 1814 speciosissimum
540 1725 631 1786 tieret
657 1722 875 1790 adseuerauit.
922 1721 1062 1785 Miritica
1088 1720 1205 1785 deinde
1229 1720 1458 1805 procuratione

235 1834 491 1899 abiectissimum
514 1829 680 1917 negotium
702 1849 762 1913 pro
786 1827 993 1913 amplissimo
1021 1838 1214 1893 ornamento
1244 1825 1458 1911 expetendum

236 1939 356 2005 Thebis
379 1937 529 2001 reddidit.

194 2042 225 2106 o.
324 2043 490 2109 Hannibal
513 2064 590 2107 uero
614 2063 687 2105 cum
711 2041 798 2127 apud
820 2061 934 2128 regem
949 2040 1102 2105 Prusiam
1123 2040 1268 2105 exularet
1283 2050 1459 2125 auctorque
1469 2057 1496 2104 ιο

237 2154 269 2216 ei
292 2147 512 2215 committendi
534 2148 650 2233 proelii
673 2160 775 2225 osset,
800 2159 896 2237 atque
924 2148 953 2211 is
977 2169 1045 2211 nou
1071 2146 1160 2211 idem
1187 2146 1251 2210 sibi
1280 2148 1360 2210 extis
1382 2167 1459 2231 por·
1485 2127 1495 2139 ’

236 2258 328 2324 tendi
350 2256 481 2328 diceret,
505 2254 569 2319 ‘An
593 2254 653 2330 tu',
676 2257 797 2342 inquit,
829 2255 993 2319 ‘uitulinae
1017 2252 1213 2318 carunculae
1237 2274 1337 2339 quam
1358 2254 1459 2337 impe·

237 2364 339 2430 ratori
368 2362 472 2425 ueteri
498 2362 606 2426 mauis
635 2360 804 2426 eredere'i
851 2364 889 2427 Si
922 2362 1025 2425 uerba
1051 2380 1223 2435 numeres,
1258 2359 1399 2422 breuiter
1430 2370 1462 2421 et

239 2470 380 2545 absciso,
403 2469 434 2533 si
449 2487 584 2533 sensum
600 2472 764 2544 aestimes,
788 2470 922 2553 copiose
939 2478 971 2531 et
986 2468 1143 2533 ualenter.
1177 2466 1356 2553 Hispanias
1375 2466 1460 2529 enim

242 2644 268 2703 1.
285 2650 401 2712 quodam
414 2660 460 2714 pr.
477 2642 509 2696 A.
530 2641 542 2715 ΙΙ
562 2646 671 2695 multum
693 2642 721 2697 O.
738 2643 750 2712 Η
768 2642 794 2696 2.
812 2648 980 2700 lineamentis
1001 2644 1077 2697 Torr.
1089 2644 1103 2713 ΙΙ
1120 2645 1163 2712 se]
1188 2641 1251 2695 odd.
1269 2645 1372 2695 homeri
1390 2640 1448 2712 1111

241 2717 267 2774 3.
286 2715 622 2788 uerbtsE.1tmagistrum
640 2731 707 2767 usus
725 2717 755 2769 Α.
769 2717 782 2786 Ιι
801 2715 898 2770 4.-11
924 2722 1019 2771 amr
1039 2721 1330 2770 xrasuncmsno
1352 2721 1465 2769 error

240 2793 367 2844 mim
382 2793 545 2841 ΚΡΟΝΕΙΩ
562 2793 644 2842 ΝΛΜ
659 2794 764 2840 BIOYC
767 2794 807 2842 1A
823 2793 1027 2841 Acamas
1043 2789 1459 2850 EusschNrttANAxroc

240 2864 362 2914 mro
378 2865 482 2912 mu
502 2864 599 2913 ΘΑΝΑ
618 2864 700 2911 roto
718 2865 889 2912 MEYANAI
903 2865 982 2912 AEN
995 2860 1258 2913 tumultuent.
1276 2855 1308 2909 A·
1335 2857 1464 2909 similitu

241 2929 290 2984 sed
298 2927 411 2996 foedius
427 2936 554 2999 corrupto
570 2935 631 2981 scat
647 2930 753 2981 Graeco
770 2929 798 2982 iu
815 2928 910 2983 ΒΕΓ.
936 2931 1032 2995 llKaly
1050 2929 1154 2980 omissis
1171 2928 1282 2996 reliquis
1299 2927 1331 2982 F.
1360 2926 1464 2980 ΒΜ

242 3001 272 3054 itt
292 2999 353 3054 OD.
377 2999 418 3068 LJ.
430 2999 510 3052 lttad.
522 3020 550 3056 ο,
564 2996 625 3052 528.
637 2999 650 3068 ΙΙ
663 2998 686 3053 1.
700 3003 759 3051 Non
770 3003 916 3068 patiuntur]
933 2999 1081 3068 promittit
1091 3000 1286 3068 inscriptionem
1303 3000 1345 3050 De
1358 3001 1463 3057 fiducia,

243 3069 1100 3266 ῗῗῖἶῖἷῗο1111111ἓέ111ῗῇ111111119ἕὲ
1108 3069 1310 3210 ἐῖῩᾸΙΙμίἶὶ
1326 3072 1464 3192 ltili

245 3211 358 3266 cotteeu
374 3212 535 3267 Perizonius.
551 3213 564 3279 ΙΙ
583 3208 623 3264 15.
643 3216 757 3278 plusiem
801 3250 807 3263 .
827 3218 839 3279 ΙΙ
859 3215 980 3266 exolaret
996 3213 1060 3266 Par.
1080 3208 1092 3279 ΙΙ
1115 3212 1127 3264 1
1150 3252 1156 3266 .
1176 3213 1256 3279 extis]
1279 3229 1313 3262 ex
1330 3214 1382 3263 biis
1402 3210 1429 3265 C.
1440 3212 1454 3278 Η

247 3282 289 3337 17.
308 3285 353 3351 an]
373 3283 627 3350 itaPor.}1iuquam
645 3283 677 3339 F.
689 3283 702 3350 ΙΙ
714 3285 851 3350 uitulinae]
872 3288 898 3334 ui
912 3311 924 3337 ι
939 3287 947 3334 t
961 3287 995 3337 ,ἰ
1014 3311 1027 3337 .
1048 3283 1163 3345 (Ιὸαοοοε
1181 3286 1199 3335 ti
1211 3283 1240 3334 ia
1252 3287 1359 3342 rosera)
1370 3281 1402 3334 Α.
1420 3284 1465 3332 uiti

245 3352 510 3478 Par.lllqarnuneulae
528 3352 605 3422 Ponti
614 3356 777 3422 imperatori]
792 3361 856 3423 post
865 3359 948 3407 ueteri
960 3354 1052 3425 Flllss.
1063 3359 1173 3409 ueterim
1184 3357 1243 3406 anis
1256 3353 1283 3407 C.
1296 3355 1309 3422 ΙΙ
1324 3350 1363 3406 tu.
1376 3354 1465 3406 existi·

245 3441 304 3477 mes
347 3463 354 3478 .

751 3499 965 3510 -—.———

247 3553 316 3604 cubo
334 3551 392 3602 fleri
404 3553 433 3601 ut
443 3551 565 3602 Valerius
579 3554 705 3614 posuerit,
722 3555 793 3615 quod
811 3555 837 3604 iu
853 3553 983 3603 Beruensi
999 3554 1090 3602 codice
1109 3567 1127 3602 a
1144 3553 1294 3602 correctore
1308 3551 1464 3614 temptatum

247 3625 298 3676 est,
310 3619 467 3687 fabricatae
488 3626 560 3675 sunt,
587 3623 727 3674 dummodo
753 3626 897 3676 uerisimile
921 3626 996 3674 esset
1019 3625 1117 3687 duplici
1141 3623 1245 3672 deiectu
1270 3623 1415 3672 litterarum
1439 3626 1468 3671 ot

247 3697 275 3744 et
293 3695 368 3743 uerbi
385 3695 446 3743 suat
465 3694 590 3743 laborare
608 3694 677 3742 hunc
700 3694 796 3747 locum.
836 3697 930 3760 Neque
954 3697 1033 3745 ctiam
1058 3695 1200 3744 subaudita
1223 3698 1284 3744 sunt
1305 3694 1376 3742 hauc
1397 3693 1466 3743 relo-

246 3765 328 3812 tiuam
349 3764 508 3813 sententium
526 3764 639 3825 simplici
656 3766 794 3828 participio
808 3763 966 3830 fabricatae
984 3769 1153 3816 enunciatam
1170 3765 1337 3815 luissemihi
1355 3778 1466 3827 persus·

249 3835 332 3888 detur.
353 3848 513 3897 quamquam
532 3835 565 3883 ad
586 3834 632 3890 lX,
655 3829 694 3890 12,
714 3830 731 3882 8
750 3837 826 3885 docui
844 3851 898 3886 non
910 3838 1016 3886 omnino
1035 3839 1139 3887 alienas
1158 3851 1221 3886 esse
1241 3838 1276 3886 ab
1294 3837 1346 3888 hoc
1359 3836 1467 3884 auctore

247 3901 379 3954 relatiuas
397 3905 544 3952 sententias
564 3904 748 3954 subintellecto
768 3908 850 3955 uerbo
870 3909 1037 3957 substantioe
1057 3909 1231 3972 supplendas.
1276 3908 1371 3957 Restat
1387 3907 1468 3974 igitur

247 3977 278 4024 ut
294 3987 330 4024 ex
348 3973 436 4023 aetius
455 3974 542 4022 forma
558 3971 747 4038 (fabricatore)
765 3977 851 4026 ortum
860 3978 984 4040 putemus
1002 3979 1066 4029 illud
1076 3975 1196 4045 fabrice,
1214 3993 1294 4041 quus,
1310 3979 1334 4029 si
1347 3978 1467 4041 excipias

248 4044 417 4110 participium
427 4040 584 4108 fabricatus
601 4047 713 4108 pussiue
732 4048 847 4110 positum
867 4050 900 4096 do
919 4063 951 4097 co
970 4052 1040 4114 quod
1058 4053 1184 4100 manibus
1203 4051 1302 4100 luctum
1321 4054 1377 4108 est,
1401 4050 1466 4098 anti·

250 4115 386 4181 quioribus
409 4115 574 4176 temporibus
596 4129 690 4176 parurn
714 4118 827 4174 usitato.
852 4119 913 4168 inde
939 4122 973 4168 ab
996 4120 1111 4188 Augusti
1137 4123 1242 4172 demum
1266 4122 1356 4171 aetate
1379 4122 1467 4187 magis

248 4188 338 4240 indies
361 4186 539 4235 increbruisse
565 4187 679 4244 uidetur,
713 4190 781 4238 adeo
807 4193 836 4238 ut
860 4190 914 4238 iam
937 4193 1114 4252 Quintilianus
1137 4208 1283 4254 numquam
1306 4194 1468 4256 deponentes

249 4258 357 4310 efferret
365 4254 515 4322 fabricati.
552 4256 674 4306 Valerius
693 4259 796 4309 duobus
815 4263 915 4310 tantum
938 4265 1079 4325 praeterea
1101 4265 1168 4313 loeis
1192 4265 1245 4313 hoc
1263 4266 1373 4314 uerbum
1392 4277 1468 4312 usur·

248 4330 332 4394 pauit,
352 4329 408 4387 llll,
427 4324 453 4386 ³,
473 4323 489 4376 8
508 4335 583 4386 (uaso
601 4333 724 4392 orpeuteo
741 4345 833 4396 mapno
850 4330 969 4398 pondere
992 4338 1018 4382 et
1040 4334 1170 4400 exquisito
1194 4339 1252 4385 orte
1269 4332 1420 4401 fabricato)
1442 4337 1470 4383 ot

248 4402 318 4460 Vlll,
341 4397 381 4461 ll,
401 4402 453 4452 ext.
466 4393 483 4450 3
500 4395 646 4459 (Volcanus
657 4397 804 4452 Alcamenis
816 4400 1115 4469 mouidcssobrr'catcs),
1135 4407 1231 4468 quibus
1244 4408 1367 4469 equidem
1379 4407 1469 4455 sciens

248 4487 303 4524 non
321 4475 381 4522 utor
398 4489 447 4536 pro
467 4473 633 4540 argumento.
670 4473 790 4522 Ceterum
810 4474 948 4524 nobiscum
966 4476 1030 4525 tacit
1048 4478 1133 4528 codex
1152 4478 1221 4528 ulter
1232 4479 1414 4528 Beroliuensis
1432 4473 1469 4528 D.

321 4537 347 4594 b.
367 4543 405 4594 Ct'.
422 4542 490 4594 Plut
509 4545 547 4594 rei
564 4543 637 4607 publ.
657 4557 714 4610 ger.
733 4548 870 4609 praecept
891 4541 931 4598 15.

322 4607 347 4664 u.
366 4613 405 4663 Gt.
424 4615 477 4667 Cic.
498 4616 531 4666 de
550 4615 603 4668 diu.
621 4615 653 4675 ll,
673 4610 716 4677 21,
736 4609 779 4669 52.
807 4617 874 4670 Plut.
894 4619 927 4668 de
945 4618 1007 4670 exit.
1028 4613 1068 4670 16.
1098 4620 1168 4670 Cels.
1190 4617 1231 4673 11.
