3409 5400
322 506 365 574 64

321 689 412 753 certa
435 696 466 751 et
476 696 635 771 perpetua
646 697 791 752 ueterum
803 685 1030 754 Romanorum
1047 687 1260 755 consuetudo.
1306 688 1534 778 Indeaquarto

323 793 454 860 demum
477 793 609 860 saeculo
633 795 731 860 modo
755 793 849 870 haec,
873 795 972 862 modo
990 796 1047 862 illa
1064 799 1232 885 utriusque
1247 800 1340 864 uocis
1360 798 1536 864 differentia

321 901 469 968 inlibris
493 903 718 990 grammaticis
748 906 879 971 tractari
903 905 1024 991 coepit,
1057 917 1269 994 egeruntque
1286 905 1327 971 dc
1359 930 1399 974 ea
1429 921 1535 997 argute

320 1013 430 1100 magis
455 1032 553 1097 quam
578 1010 671 1074 docte
696 1010 815 1076 Donat.
840 1035 887 1076 ar.
912 1034 1051 1100 gramm.
1074 1011 1105 1078 Il
1133 1035 1186 1099 ap.
1209 1013 1359 1080 Lindem.
1388 1037 1489 1103 segm.
1515 1017 1536 1080 2

320 1127 350 1196 ς.
374 1121 407 1185 2.
430 1117 466 1182 Τ.
489 1116 505 1182 Ι
526 1139 559 1202 p.
584 1119 615 1182 9.
654 1117 832 1194 ¹Charisius
856 1118 887 1184 ΙΙ
907 1121 996 1184 instt.
1010 1142 1148 1207 gramm.
1171 1141 1205 1206 p.
1221 1123 1282 1188 125
1305 1121 1344 1187 P.
1368 1127 1539 1206 (cognomen

320 1227 403 1310 qnod
422 1225 539 1290 nomini
563 1225 768 1308 mbiunyitar,
792 1231 827 1289 at
849 1227 965 1310 Scipio,
989 1247 1136 1311 agnomen
1158 1231 1241 1312 qnod
1255 1231 1539 1295 ectrimourodicr'

320 1335 408 1408 colet,
433 1339 467 1396 at
488 1333 686 1436 ffcanus),
709 1333 889 1399 Diomedes
913 1334 954 1398 de
977 1357 1026 1400 or.
1046 1349 1078 1400 et
1099 1350 1182 1422 part.
1208 1359 1255 1401 or.
1279 1335 1294 1400 Ι
1315 1357 1348 1423 p.
1374 1337 1447 1412 306,
1469 1337 1539 1401 Pri·

321 1443 454 1508 scianus
477 1439 508 1504 ll
531 1439 570 1504 de
595 1443 726 1506 nornine
750 1463 782 1526 p.
796 1443 861 1507 577
884 1441 934 1517 P.,
958 1442 1067 1529 Asper
1078 1442 1189 1508 Iunior
1204 1465 1258 1530 ap.
1275 1443 1424 1508 Lindem.
1437 1465 1539 1532 segm.

321 1550 341 1615 5
365 1557 395 1626 ς.
420 1549 450 1614 3.
474 1549 596 1634 p.3ll.
621 1556 666 1636 (p.
682 1549 767 1614 1728
791 1548 854 1628 R),
878 1548 1057 1635 Pompeius
1081 1562 1255 1617 comment.
1272 1563 1332 1616 art.
1344 1549 1430 1616 Don.
1442 1572 1474 1637 p.
1487 1553 1539 1618 99.

321 1657 372 1722 ed.
395 1656 544 1722 Lindem.
570 1657 689 1744 aliique
710 1657 813 1721 multi.

409 1764 616 1849 Quapropter
632 1787 707 1830 cum
730 1785 836 1850 neque
852 1776 952 1830 totum
967 1765 1047 1830 illud
1062 1776 1161 1851 caput
1176 1765 1217 1830 de
1233 1766 1464 1853 agnominibus
1488 1777 1542 1831 aut

282 1945 286 1953 ¹
319 1872 487 1955 inscriptio
519 1871 588 1934 cius
617 1873 651 1934 in
679 1871 786 1936 indice
816 1885 949 1938 seruata
977 1872 1138 1960 simulque
1166 1874 1264 1958 primi
1297 1875 1414 1958 capitis
1442 1873 1543 1938 uerba

320 1981 364 2058 (s.
387 1978 435 2056 2.)
459 1977 541 2060 quod
560 1978 602 2040 od
623 1980 764 2042 ultionum
791 1981 909 2044 dieder
935 1999 1083 2062 wnomea
1112 1979 1155 2044 ab
1183 1984 1395 2066 epitomatore
1425 2001 1466 2044 ex
1492 1983 1542 2044 in·

320 2086 418 2173 genio
442 2083 555 2151 addita
578 2106 653 2150 csse
676 2085 844 2170 probabile
869 2087 921 2160 sit,
945 2098 977 2150 et
997 2087 1098 2151 multo
1123 2087 1221 2152 etiam
1232 2089 1340 2151 minus
1364 2086 1406 2151 dc
1429 2107 1543 2150 recen·

317 2194 436 2258 tiorum
457 2190 663 2256 librariorum
686 2192 989 2278 interpolationibus
1014 2195 1153 2282 cogitari
1174 2193 1286 2269 liceat,
1309 2193 1432 2281 ‘quibus
1462 2215 1544 2259 sane

319 2300 407 2388 apud
421 2299 612 2365 Ciceronem
637 2300 676 2364 de
701 2302 822 2365 inuent.
846 2300 867 2364 l.
887 2324 914 2365 c.
940 2300 1153 2366 suadentibus
1176 2302 1223 2365 ita
1238 2301 1428 2366 melioribus
1451 2300 1544 2364 libris

319 2409 496 2476 discrimen
518 2409 601 2473 inter
624 2430 809 2496 cognomen
822 2419 853 2471 et
873 2429 1040 2496 agnomen
1056 2407 1225 2484 debemus,
1248 2429 1332 2493 opus
1345 2407 1408 2472 hoc
1433 2429 1545 2495 gram-

317 2519 495 2589 maticum.
508 2515 594 2602 quod
611 2528 687 2599 post
704 2535 824 2580 nouem
835 2512 961 2580 Valerii
972 2515 1074 2579 libros
1087 2514 1255 2579 absolutos
1267 2517 1302 2580 in
1314 2515 1547 2600 compendium

318 2623 445 2711 redegit
456 2621 555 2686 lulius
569 2620 663 2686 Paris
688 2623 845 2709 cuiusque
869 2623 915 2687 ita
937 2622 1118 2687 abbrcuiati
1135 2624 1276 2708 primum
1298 2633 1423 2686 tautum
1446 2635 1549 2709 caput

319 2730 363 2795 ad
386 2741 500 2794 nostra
522 2742 671 2814 tempora
692 2732 855 2813 peruenit,
882 2752 949 2795 non
971 2730 1068 2795 facilc
1091 2741 1166 2795 ante
1189 2730 1315 2794 initium
1338 2733 1445 2816 quarti
1469 2749 1547 2792 sae·

319 2836 397 2911 culi,
421 2834 542 2899 nedum
565 2834 673 2899 Verrii
697 2834 816 2911 Flacci,
841 2858 938 2925 quem
954 2837 1183 2902 Grotefendius
1208 2847 1374 2901 auctorem
1397 2832 1547 2920 putabat,

320 2953 425 3010 aetate
449 2944 666 3027 compositum
691 2964 765 3007 esse
787 2955 905 3027 potest.

409 3050 561 3115 Attamen
585 3070 658 3113 cum
687 3050 840 3135 scriptor,
869 3051 1018 3137 quisquis
1046 3051 1076 3116 is
1105 3061 1191 3125 erat,
1220 3052 1373 3135 antiquos
1400 3048 1550 3112 maxime

319 3170 351 3223 et
373 3158 527 3245 egrogios
550 3157 657 3221 fontes
683 3156 808 3231 adierit,
831 3155 1002 3223 Valerium
1018 3157 1194 3232 Antiatem,
1218 3156 1259 3237 Q.
1271 3156 1417 3221 Mucium
1440 3154 1550 3218 Scae-

319 3264 439 3337 uolam,
463 3262 659 3337 Varronem,
684 3285 766 3349 quos
791 3265 983 3328 nominatim
1007 3265 1118 3330 citauit
1141 3270 1204 3344 (Sb-
1227 3265 1255 3338 1,
1279 3265 1310 3339 2,
1335 3264 1380 3342 3),
1403 3272 1435 3323 ct
1456 3258 1550 3324 Var-

318 3394 433 3439 ronem
456 3382 541 3435 certe
564 3370 636 3455 ipse
659 3371 844 3455 inspexisse
869 3371 1104 3436 existimandus
1129 3382 1193 3443 cst,
1223 3392 1294 3445 res,
1324 3392 1409 3457 quae
1437 3368 1481 3433 ab
1508 3390 1550 3432 eo

319 3481 496 3554 traduntur,
520 3500 588 3542 nou
600 3489 675 3543 sunt
687 3477 804 3543 nullius
818 3479 1019 3543 auctoritatis
1031 3479 1204 3564 exiguique
1224 3480 1390 3542 momenti.
1436 3476 1550 3563 Atque

319 3590 417 3653 etiam
445 3585 555 3651 Verrii
582 3583 693 3651 Flacci
720 3606 823 3671 opera
856 3606 1094 3670 saepenumero
1128 3582 1275 3649 adhibita
1302 3584 1470 3671 multaque
1508 3603 1550 3646 ex

318 3696 360 3759 iis
382 3704 515 3778 recepta
538 3712 612 3757 esse
637 3694 788 3781 equidem
810 3712 1007 3778 persuasum
1017 3689 1137 3755 habeo.
1181 3688 1227 3753 Vt
1248 3702 1457 3775 praeteream
1480 3691 1550 3753 ori·

319 3800 504 3886 ginationes
518 3798 681 3883 quasdam
692 3802 818 3887 utrique
837 3818 1038 3873 communes,
1056 3820 1193 3884 quarum
1206 3796 1406 3862 hauddubie
1418 3816 1550 3882 magna

318 3924 398 3989 pars
422 3903 464 3967 ab
487 3905 561 3988 ipso
584 3903 736 3995 Varrone
759 3908 927 3971 inuentore
951 3906 1099 3990 profecta
1121 3915 1185 3979 est,
1215 3902 1282 3968 alia
1309 3905 1418 3989 utique
1449 3904 1550 3966 artis·

320 4010 440 4079 simam
463 4011 653 4077 affinitatem
665 4011 806 4098 produnt
829 4034 904 4079 cum
914 4010 1098 4087 Verrianis,
1121 4022 1157 4075 ut
1172 4009 1229 4076 illa
1246 4031 1330 4097 quae
1343 4010 1384 4074 de
1395 4008 1550 4073 Numerii

319 4122 451 4186 nomine
475 4120 755 4183 communicantur
778 4126 808 4195 ς.
833 4120 864 4184 3.
900 4118 950 4182 Of.
968 4118 1055 4183 Fest.
1071 4140 1103 4184 u.
1117 4116 1252 4182 Numer.
1271 4138 1304 4201 p.
1329 4118 1393 4182 170
1416 4114 1550 4179 Miiller.

320 4225 390 4293 Sed
411 4226 569 4311 pleraque
593 4244 677 4310 quae
701 4224 765 4290 huc
793 4226 955 4311 pertinent
984 4225 1078 4290 docte
1106 4234 1139 4288 et
1166 4235 1318 4290 accurate
1340 4224 1408 4288 iam
1430 4243 1550 4307 perse·

321 4344 422 4400 cutus*
438 4344 488 4397 est
511 4330 751 4407 Grotefendius,
775 4334 867 4397 cuius
891 4333 1003 4417 opinio
1026 4352 1152 4419 magna
1173 4333 1327 4415 exparte
1349 4331 1385 4394 in
1408 4349 1451 4392 ea
1475 4329 1550 4393 affi-

320 4443 419 4507 nitate
448 4441 567 4505 nititur.
632 4437 731 4518 Quod
759 4442 789 4503 si
817 4436 1020 4513 conceditur,
1054 4449 1239 4502 remouetur
1267 4434 1365 4501 simul
1394 4432 1488 4499 aliud
1520 4445 1550 4496 et

321 4548 556 4637 grauissimum
580 4544 711 4631 quidem
735 4556 972 4634 argumentum,
996 4565 1060 4630 quo
1077 4564 1158 4607 usus
1178 4536 1407 4608 Grotefendius
1424 4538 1550 4603 Verrio

320 4654 400 4719 illud
416 4655 636 4742 fragmentum
658 4651 846 4727 uindicauit,
870 4673 944 4716 cum
966 4651 1013 4714 ita
1035 4648 1132 4714 facile
1155 4649 1331 4735 explicetur
1355 4670 1419 4735 quo
1443 4646 1550 4713 modo

320 4759 392 4825 fieri
427 4761 566 4844 potuerit
601 4768 636 4823 ut
671 4766 701 4834 s.
731 4758 755 4823 2
780 4779 834 4824 uu.
863 4777 942 4840 quoe
969 4758 1042 4821 olim
1064 4758 1270 4838 praenomina
1293 4755 1431 4840 semet
1463 4765 1550 4825 aaut
