3409 5400
389 470 457 541 404
711 468 772 537 nn
792 466 1038 543 INSTITVTIS
1061 466 1283 553 ANIIQVIS.
1316 516 1320 523 ·

390 644 466 699 mne
487 652 638 699 summae
661 630 829 718 dignitatis
850 630 897 695 ibi
924 631 1048 697 femina
1078 630 1139 697 sed
1168 631 1300 699 ultimae
1327 633 1394 699 iam
1420 653 1506 701 senet

390 738 519 804 reddita
540 739 665 802 ratione
689 738 815 803 ciuibus
839 760 897 802 cur
921 737 1077 803 excedere
1100 739 1168 803 uita
1196 738 1357 814 deberet„
1374 761 1496 805 ueneno

391 865 581 912 numerose
604 844 783 911 destinaret
809 857 1012 931 mortemque
1044 865 1140 911 suam
1162 844 1301 931 Pompei
1328 848 1507 932 praesentia

389 954 511 1026 riorem
543 951 616 1015 fieri
647 954 778 1039 magni,
796 952 994 1017 aestimaret.
1052 950 1123 1015 Nec
1151 972 1267 1037 preces
1302 954 1370 1017 eius
1398 955 1445 1017 uir
1472 952 1507 1017 ill

391 1058 543 1125 omnibus
555 1057 725 1125 uirtutibus
739 1059 786 1123 ita
799 1056 1011 1123 humanitatis
1027 1080 1156 1145 quoque
1167 1057 1317 1125 laudibus
1329 1060 1507 1125 instructiss

392 1166 563 1251 aspernari
584 1165 747 1231 sustinuit.
792 1164 893 1230 Venit
916 1167 1028 1253 itaque
1051 1164 1095 1229 ed
1118 1186 1192 1229 eam
1217 1164 1508 1252 facundissimoque

391 1292 506 1358 mone,
536 1272 591 1357 qui
620 1292 677 1335 ore
706 1272 777 1337 eius
809 1273 907 1358 quasi
935 1294 954 1335 e
984 1271 1081 1337 beato
1112 1271 1256 1358 quodam
1287 1270 1486 1358 eloquentiae

391 1378 565 1453 manabat,
587 1377 630 1443 ab
652 1380 780 1465 incepto
805 1377 942 1443 consilio
966 1378 1022 1443 diu
1044 1379 1271 1466 nequicquam·
1282 1398 1437 1443 reuocare
1460 1402 1508 1444 cor

393 1485 438 1557 ad
458 1484 605 1549 ultimum
620 1488 825 1571 propositum
847 1486 983 1572 exsequi
999 1506 1120 1571 passus
1137 1494 1195 1551 est.
1243 1482 1338 1565 Quae
1361 1507 1509 1573 nonages]

393 1614 515 1657 mnam
538 1603 846 1679 transgressaeum
869 1613 1001 1659 summa
1024 1601 1055 1655 et
1078 1591 1178 1655 animi
1201 1600 1233 1654 et
1255 1592 1401 1677 corporis
1424 1593 1509 1657 since

391 1698 520 1774 lectulo,
544 1709 700 1786 quantum
723 1698 895 1763 diuoscere
925 1710 1011 1772 eret,
1039 1696 1205 1763 cotidiana
1233 1698 1466 1765 consuetudine
1493 1720 1509 1763 c

392 1815 495 1873 strato
517 1805 678 1871 recubans
703 1815 735 1869 et
743 1806 856 1875 innixe
868 1804 986 1878 cubito,
1011 1802 1093 1868 ‘Tibi
1106 1802 1257 1890 quidem',
1279 1804 1392 1892 inquit,
1416 1804 1500 1869 ‘Seru

393 1913 465 1997 pei,
501 1910 548 1975 dii
581 1912 692 1998 magis
721 1932 804 1996 quos
836 1911 985 1997 relinquo
1017 1932 1116 1997 quam
1145 1930 1228 1997 quos
1259 1921 1333 1996 peto
1370 1912 1491 1997 gratias

392 2026 483 2091 rant,
511 2016 599 2103 quod
621 2038 683 2081 nec
705 2016 851 2081 hortator
874 2018 961 2083 uitae
990 2038 1082 2083 meae
1112 2036 1172 2081 neo
1200 2018 1315 2081 mortis
1343 2026 1504 2103 spectator

393 2122 558 2189 fastidisti.
604 2122 755 2188 Ceterum
777 2125 853 2209 ipsa
866 2122 1004 2189 hilarem
1020 2124 1168 2188 fortunae
1185 2124 1308 2188 uultum
1325 2145 1453 2209 semper
1469 2143 1510 2185 ex*

392 2250 434 2295 ne
464 2229 619 2295 auiditate
646 2230 729 2295 lucis
761 2230 886 2295 tristem
914 2230 1032 2294 intueri
1059 2250 1175 2317 cogar,
1204 2228 1360 2318 reliquias
1389 2230 1510 2316 spiritur

392 2358 553 2424 prospero
576 2338 651 2411 fine,
676 2336 759 2401 duas
783 2335 868 2401 filias
893 2346 925 2399 et
947 2343 966 2414 †
990 2357 1054 2399 uno
1078 2346 1231 2423 nepotum
1248 2355 1383 2425 gregem
1407 2356 1511 2422 superi

393 2442 554 2519 relictura,
569 2442 738 2531 permuto'.
786 2442 963 2507 Cohortata
978 2441 1096 2506 deiude
1112 2442 1156 2507 ad
1172 2440 1381 2507 concordiam
1396 2462 1486 2517 suos,
1507 2466 1511 2501 t

393 2550 471 2614 butu
501 2550 550 2614 eis
578 2551 775 2637 patrimonio
805 2561 837 2612 et
873 2548 959 2613 cultu
992 2569 1053 2613 suo
1085 2551 1254 2636 sacrisque
1282 2548 1471 2613 domesticis
1499 2570 1511 2612 1

394 2654 482 2720 filiae
505 2655 631 2722 traditis
655 2656 818 2743 poculum,
844 2656 879 2720 in
903 2676 967 2742 quo
990 2676 1152 2721 uenenum
1184 2666 1398 2742 temperattun
1422 2664 1506 2731 erat,

395 2762 493 2826 stanti
521 2761 654 2827 dextera
681 2765 823 2852 arripuit.
877 2761 958 2826 Tum
987 2762 1113 2828 defusis
1137 2761 1299 2826 Mercurio
1328 2760 1512 2827 delibamen

394 2869 547 2932 inuocato
571 2871 704 2933 numine
733 2872 814 2947 eius,
843 2880 878 2934 ut
906 2892 943 2934 se
966 2869 1096 2958 placido
1126 2870 1242 2933 itinere
1272 2870 1306 2932 in
1328 2867 1497 2934 meliorem

394 2973 544 3040 infernae
566 2973 741 3040 deduceret
762 2989 898 3064 partem,
922 2976 1040 3064 cupido
1064 2974 1186 3042 haustu
1207 2975 1410 3042 mortiferam
1442 2987 1512 3040 trax

395 3082 527 3156 tionem,
551 3102 590 3144 ac
613 3101 765 3146 sermone
789 3085 981 3172 significans
995 3101 1158 3170 quasnam
1174 3081 1312 3146 subinde
1334 3095 1445 3170 partes
1470 3103 1510 3145 co

392 3189 448 3254 sui
469 3188 561 3275 rigor
582 3202 767 3274 occuparet,
790 3212 866 3256 cum
888 3191 955 3256 iam
977 3189 1160 3254 uisceribus
1185 3209 1261 3254 eum
1283 3200 1315 3253 et
1329 3187 1422 3255 cordi
1444 3190 1512 3252 imn

395 3304 484 3359 esset
506 3293 643 3370 elocuta,
666 3295 806 3362 filiarum
829 3317 947 3361 manus
971 3294 1014 3358 ad
1030 3316 1220 3382 supremum
1235 3294 1512 3384 opprimendorun

393 3401 499 3468 lorum
522 3401 667 3467 officium
690 3404 873 3470 aduocauit.
919 3403 1060 3469 Nostros
1084 3413 1203 3478 autem,
1227 3403 1355 3470 tametsi
1378 3423 1467 3468 nouo
1491 3425 1512 3490 sj

396 3507 468 3573 culo
492 3506 707 3596 obstupefacti
729 3522 831 3587 erant,
856 3509 1003 3576 suffusos
1028 3520 1137 3574 tamen
1156 3509 1299 3575 lacrimis
1324 3507 1458 3574 dimisit.

396 3702 421 3758 I.
437 3702 485 3770 ibt]
504 3701 608 3757 ΜΕ
626 3710 686 3757 cute
704 3708 842 3775 ugnas·
859 3704 926 3759 DF.
936 3700 988 3792 113.
1008 3702 1270 3759 destineritd'l'orr.
1263 3701 1334 3828 HJ.
1353 3707 1445 3786 meme
1467 3703 1504 3758 Ε.

395 3777 475 3827 merIt
492 3789 562 3828 corr.
579 3772 612 3835 A,
634 3773 711 3830 Torr.
722 3775 736 3844 11
747 3793 830 3843 peces
848 3776 880 3830 A.
891 3778 906 3847 11
917 3794 958 3828 uir
975 3777 1031 3845 iiie]
1052 3779 1128 3830 uirile
1142 3791 1187 3844 pr.
1206 3774 1237 3828 A.
1255 3775 1269 3844 11
1325 3775 1512 3828 lendenaria

416 3841 462 3916 1.5
416 3843 709 3916 {adspernarifiw
665 3845 937 3917 miscendissimo
955 3853 1014 3908 (cm.
1027 3855 1090 3916 quc)
1106 3845 1140 3901 Ε.
1153 3848 1166 3915 11
1178 3844 1203 3900 I.
1217 3847 1271 3914 qui]
1291 3843 1354 3901 cdd.
1368 3863 1402 3899 ex
1416 3845 1505 3915 Γ.11ιι

398 3913 475 4041 Ί15.
474 3921 555 3983 nequi
571 3938 587 3968 ι
603 3933 683 3983 quam
727 3850 823 4043 Ι1.1’11
841 3917 1088 3989 cognoscerent!
1074 3919 1228 3986 Uentidium
1248 3932 1294 3986 pr.
1312 3915 1370 3985 ,411
1390 3916 1433 3971 it.
1454 3935 1512 3984 quo

395 4062 473 4112 mino
420 3985 915 4129 mli-lllllmdditflssfmeltdbldc
934 3989 965 4114 Γ.
981 3985 1452 4172 ''seffzteqngmeusqqqotqnnitssq
1454 3935 1512 4111 q'dul

394 4146 467 4184 corr·
484 4129 523 4184 D.
533 4127 602 4198 1145.
621 4131 738 4184 officium
754 4135 891 4185 oculorum
909 4131 944 4186 It.

391 4276 497 4327 tantum
524 4289 577 4325 noa
604 4288 713 4342 semper
739 4275 916 4328 adhibuerunt
938 4291 1037 4341 prosse
1061 4276 1189 4327 orationIs
1214 4287 1347 4328 suctores.
1393 4274 1512 4325 Dixernr

396 4348 565 4405 chalcidem,
592 4347 748 4406 Locridem,
776 4348 935 4404 Phocidem,
964 4347 1168 4406 Ptolemaidem,
1198 4361 1257 4398 cum
1275 4348 1373 4412 poetae
1392 4349 1512 4397 constan

397 4421 529 4469 Graecum
547 4418 646 4470 exitum
664 4421 691 4471 in
708 4415 756 4469 idn
773 4419 954 4484 praetulerint.
1001 4473 1003 4480 ,

466 4491 485 4552 †
501 4503 554 4541 utto
571 4494 702 4556 motum)
719 4490 829 4542 Videtur
845 4492 873 4541 in
892 4493 944 4540 hoc
962 4492 1059 4542 mendo
1071 4491 1187 4542 nondum
1199 4490 1373 4554 probabiliter
1385 4489 1512 4540 sanctor

397 4573 525 4610 numerus
544 4561 636 4611 tatere.
681 4562 774 4627 lteqne
792 4563 919 4613 credibile
938 4563 981 4612 est
997 4565 1084 4626 prima
1103 4564 1160 4612 eius
1183 4562 1272 4612 littera
1288 4559 1401 4628 quinque
1420 4573 1512 4610 numer

395 4630 498 4686 amarit
518 4631 604 4681 nitere
621 4632 732 4696 cylices
748 4647 782 4682 no
800 4636 888 4684 uuum
906 4628 935 4683 ll
954 4647 989 4683 au
1006 4629 1053 4684 Ill
1069 4649 1104 4684 an
1122 4629 1181 4684 iiii
1197 4633 1331 4702 significet
1349 4646 1403 4684 non
1423 4631 1509 4682 facite

397 4700 497 4762 mi.
514 4703 675 4765 pmeernm
693 4717 753 4754 com
771 4706 883 4770 uterque
901 4704 1061 4768 epitomator
1083 4705 1135 4756 boc
1153 4705 1305 4770 aemulum
1323 4703 1433 4757 silentio
1450 4717 1512 4768 pret
