3409 5400
269 462 335 533 ros
378 468 384 483 ·
569 492 581 505 .
733 448 792 514 nn
810 444 1034 514 auersus.

270 620 484 691 laetissimum
509 624 540 679 et
562 612 660 677 tutela
683 610 879 683 certissima,
901 607 1020 672 Furius
1044 606 1222 683 Camillus,
1245 611 1281 673 in
1302 608 1384 675 urbe
1407 610 1500 675 iuco-

270 730 447 796 lomitatem
471 742 565 785 suam
588 720 671 783 tueri
693 740 760 781 non
784 716 895 790 ualuit,
924 715 1019 778 cuius
1042 715 1115 798 ipse
1139 714 1281 779 salutem
1308 715 1500 788 stabilierat,

271 834 459 899 felicitatem
482 836 624 891 auxerat.
670 823 701 887 A
724 822 826 887 Lucio
856 824 945 886 enim
968 822 1108 906 Apuleio
1132 821 1392 906 tribunoplebis
1416 833 1500 885 tam·

272 960 372 1027 quam
394 934 560 1022 peculator
582 931 787 996 Veientanae
810 928 956 1013 praedae
978 950 1057 991 reus
1080 927 1187 991 factus
1211 928 1303 992 duris
1328 940 1443 1014 atque,
1466 941 1501 991 ut

271 1049 317 1111 ita
340 1045 458 1118 dicam,
480 1040 596 1103 ferreis
621 1036 791 1101 sententiis
814 1035 848 1097 in
873 1034 1004 1099 exilium
1018 1035 1144 1099 missus
1168 1031 1230 1109 est,
1255 1046 1288 1098 et
1302 1034 1437 1121 quidem
1461 1054 1529 1098 eos

273 1164 435 1236 tempore,
467 1167 531 1233 quo
556 1146 676 1230 optimo
700 1143 817 1205 iuuene
841 1139 907 1205 tilio
931 1140 1093 1226 spoliatus
1117 1140 1252 1205 solaciis
1274 1142 1386 1227 magis
1410 1140 1502 1205 adle-

272 1257 402 1323 uandus
433 1274 531 1339 quam
562 1250 708 1314 cladibus
740 1246 928 1311 onerandus
961 1259 1040 1310 erat.
1097 1246 1167 1311 Sed
1203 1242 1369 1311 inmemor
1395 1249 1503 1332 patria

274 1364 355 1428 tanti
377 1361 437 1425 uiri
452 1360 669 1423 maximorum
685 1355 873 1419 meritorum
890 1354 1039 1438 exequiis
1062 1352 1120 1415 tilii
1135 1352 1384 1417 damnationem
1400 1356 1503 1439 patris

274 1468 385 1535 iunxit.
440 1464 500 1541 At,
529 1465 649 1550 inquit,
681 1462 808 1527 aerario
838 1459 959 1523 abesse
991 1458 1139 1522 tribunus
1168 1459 1274 1544 plebis
1307 1460 1504 1545 querebatur

276 1573 463 1661 quindecim
478 1570 568 1635 milia
583 1570 680 1633 aeris.
728 1567 821 1630 Tanti
837 1585 980 1649 namque
997 1585 1107 1647 poena
1122 1566 1213 1628 linita
1228 1577 1289 1629 est.
1327 1565 1542 1653 Indignamur

277 1700 451 1753 summam,
474 1686 605 1763 propter
629 1696 727 1759 quam
750 1672 893 1758 populus
917 1669 1090 1733 Romanus
1115 1670 1172 1734 tali
1194 1672 1343 1758 principe
1361 1673 1506 1736 careret!

365 1786 479 1849 Priore
521 1779 629 1843 adhuc
675 1778 817 1864 querella
863 1777 1014 1841 uibrante
1055 1776 1121 1841 alia
1167 1776 1324 1862 deinceps
1365 1781 1506 1866 exurgit.

277 1891 453 1956 Africanus
493 1886 642 1970 superior
677 1906 742 1949 non
777 1883 884 1948 solum
915 1896 1087 1947 contusam
1124 1894 1157 1945 et
1190 1884 1395 1948 confractam
1429 1886 1505 1949 belli

278 1996 396 2061 Punici
426 1994 525 2057 armis
553 2012 623 2055 rem
652 1990 831 2077 publicam,
868 1990 928 2053 sed
957 2010 1063 2075 paene
1093 1990 1160 2052 iam
1189 2010 1374 2076 exanguem
1405 2003 1505 2077 atque

277 2103 470 2169 morientem
481 2096 695 2185 Karthaginis
713 2097 880 2160 dominam
895 2095 1044 2161 reddidit.
1082 2095 1182 2159 Cuius
1199 2095 1387 2162 clarissima
1401 2120 1507 2185 opera
1515 2123 1542 2165 a

240 2258 243 2261 -
278 2208 404 2275 iniuriis
419 2206 602 2293 pensando,
619 2207 710 2268 ciues
726 2202 882 2290 ignobilis
896 2224 971 2266 eum
988 2224 1026 2265 ac
1040 2196 1191 2266 desertae
1207 2202 1337 2287 paludis
1354 2204 1504 2269 accolam

281 2385 305 2440 l.
324 2386 484 2438 latissimum
503 2384 537 2437 E.
553 2379 564 2453 ΙΙ
580 2385 707 2433 caruitius
726 2379 757 2435 F.
777 2384 789 2449 tt
810 2385 902 2432 urbem
922 2378 960 2431 D.
977 2378 991 2447 ΙΙ
1008 2381 1216 2431 incolumitatem
1235 2394 1305 2432 corr.
1325 2378 1348 2431 A
1368 2394 1427 2433 err»
1445 2381 1505 2433 reli·

279 2454 339 2525 quir
355 2461 381 2507 et
399 2454 476 2507 Torr.
488 2453 501 2521 ΙΙ
514 2453 538 2507 3.
558 2458 584 2507 et
604 2456 753 2503 felicitatem
773 2451 809 2504 D.
827 2452 840 2518 ΙΙ
860 2454 880 2502 Α
901 2453 984 2501 laceio
1003 2451 1085 2516 euim]
1112 2452 1244 2516 siquidem
1263 2468 1280 2500 a
1297 2452 1316 2503 t.
1335 2450 1367 2503 Γ.
1383 2450 1398 2518 ΙΙ
1415 2456 1504 2517 apulie

280 2525 309 2581 F.
321 2526 335 2593 ΙΙ
346 2524 372 2579 4.
389 2528 419 2575 ut
436 2540 486 2576 om.
503 2523 539 2577 E.
553 2526 565 2591 11
579 2524 604 2575 5.
618 2528 644 2575 et
657 2525 773 2590 quidem]
792 2526 914 2589 equidem
926 2519 950 2572 A
957 2519 1050 2573 GDI'.
1061 2520 1074 2588 ΙΙ
1086 2516 1112 2571 b.
1131 2523 1185 2572 titio
1198 2524 1294 2575 iuuene
1307 2520 1340 2572 F.
1354 2521 1368 2592 l}
1380 2524 1502 2590 solaciis}

280 2596 320 2651 stc
337 2594 368 2649 A.
393 2593 435 2661 Os.
454 2592 518 2653 1111,
538 2592 564 2653 4,
586 2591 626 2645 ll.
645 2592 753 2646 Lactm.
774 2592 810 2645 ed
827 2593 910 2645 Lacr.
933 2590 978 2648 Vt.
999 2590 1024 2643 l.
1040 2608 1069 2659 p.
1087 2587 1150 2644 348.
1164 2589 1176 2662 ΙΙ
1191 2594 1360 2644 atlemaudus
1379 2591 1417 2645 D.
1440 2596 1504 2645 alte·

281 2668 395 2718 uiandus
413 2662 446 2718 E.
459 2664 508 2732 lli.
532 2666 703 2715 honerandus
724 2678 767 2730 pr.
786 2663 817 2715 A.
841 2666 1014 2715 honorandus
1036 2660 1065 2715 F.
1082 2660 1096 2728 ΙΙ
1113 2659 1137 2717 ii.
1157 2668 1278 2716 tribunus
1297 2664 1397 2731 plebis]
1418 2661 1451 2717 tf.
1469 2662 1503 2730 qil.

282 2735 314 2790 Δ.
332 2739 453 2786 tribunus
471 2736 532 2800 plus
551 2732 582 2786 F.
594 2734 607 2801 ΙΙ
619 2737 766 2795 querebant
778 2731 808 2786 Γ.
823 2731 836 2803 ss
855 2733 895 2784 10.
913 2735 1062 2794 quindecim
1074 2737 1158 2802 milia]
1178 2739 1205 2796 ῑ
1223 2733 1249 2786 Γ
1248 2775 1255 2787 .
1266 2733 1280 2802 ΙΙ
1293 2736 1420 2802 numque]
1435 2739 1504 2787 euim

282 2805 312 2860 F.
323 2804 336 2872 ΙΙ
349 2810 391 2858 est
409 2820 457 2856 cm.
476 2802 508 2857 Γ.
519 2803 533 2871 ΙΙ
547 2802 587 2858 12.
606 2806 696 2854 Priore
713 2833 749 2844 —
768 2804 874 2872 exurgit
892 2819 939 2853 ona
960 2801 991 2853 Γ.
1007 2803 1019 2870 ΙΙ
1034 2805 1115 2866 priori
1133 2805 1168 2858 Ε.
1183 2805 1195 2873 tt
1210 2807 1245 2855 ad
1264 2807 1333 2856 haec
1352 2804 1384 2859 Ρ.
1396 2804 1410 2873 ΙΙ
1423 2823 1502 2873 quae·

283 2879 351 2928 reita
363 2890 409 2943 pr.
427 2872 539 2997 ‘iim'
558 2877 731 2943 Karthaginis
749 2904 784 2914 —
800 2877 880 2925 Cuius
899 2872 927 2924 iu
945 2887 1041 2924 rantra
1053 2871 1085 2926 Α.
1098 2874 1112 2944 ΙΙ
1125 2871 1164 2927 16.
1185 2877 1270 2943 ciues]
1290 2878 1342 2928 uici
1361 2875 1389 2927 is
1408 2893 1504 2929 rasere

284 2941 315 3000 Α.
334 2947 448 2997 ciuitatis
496 2943 561 3000 EF.
580 2948 653 2996 ciues
673 2947 724 2996 niet
745 2943 821 2998 Tcrr.
1340 2972 1346 2983 ι

285 3109 327 3157 cui
349 3105 469 3172 inprctre
492 3107 625 3157 enotatum
651 3107 727 3156 esset
751 3119 765 3154 e
790 3107 847 3156 cod.
872 3105 1044 3154 Vltraiectino
1069 3105 1152 3168 primo
1177 3109 1203 3156 et
1227 3107 1348 3156 Medieeo
1372 3112 1501 3162 secundet

283 3179 500 3241 uituperaturque
518 3179 613 3227 iniuria
631 3193 663 3228 eu
682 3177 787 3225 nomine
811 3193 828 3224 a
846 3176 965 3238 Kappie,
989 3177 1035 3235 qui
1058 3175 1191 3242 ingratum
1215 3192 1333 3228 errorem
1355 3193 1417 3228 eum
1442 3195 1502 3229 esse

284 3247 356 3306 dixit,
376 3263 453 3313 quem
472 3249 641 3298 commisisse
663 3247 807 3304 nollemus,
833 3248 860 3296 et
884 3247 958 3293 euius
982 3247 1130 3296 recordatio
1155 3248 1296 3296 iniucunda
1320 3251 1397 3298 nobis
1422 3256 1502 3300 esset

283 3319 336 3370 Sed
356 3321 477 3385 quisnam
497 3321 565 3368 haec
583 3321 620 3367 ita
638 3318 809 3374 intellexerit,
836 3318 880 3365 ubi
900 3320 932 3365 de
957 3317 1071 3386 ingratis
1090 3318 1258 3380 potissimum
1278 3320 1384 3385 agitari
1412 3322 1503 3382 ltaque

284 3391 389 3440 etiamsi
407 3389 537 3456 incretum
556 3390 644 3456 tegas,
664 3393 753 3437 tamen
773 3389 931 3455 deingrato
949 3389 1038 3437 auimo
1050 3388 1170 3451 explices
1189 3390 1303 3451 oportet.
1338 3389 1392 3438 Sed
1411 3393 1503 3441 aduer-

281 3462 362 3518 bium,
383 3463 452 3526 quod
471 3463 530 3509 erat
548 3459 574 3508 in
593 3461 749 3523 archetypo,
769 3460 859 3520 utique
877 3459 1082 3521 praeterendum
1107 3461 1158 3510 est.
1200 3461 1323 3509 Ceterum
1348 3463 1422 3510 reete
1440 3461 1503 3512 Tor·

282 3532 372 3582 cenius
397 3532 488 3580 contra
512 3521 671 3580 Ascensium
695 3532 722 3579 et
745 3530 858 3578 Gadium
881 3527 958 3579 Hanc
981 3527 1084 3594 irprate
1108 3526 1199 3596 leprae
1221 3529 1315 3580 mentis
1337 3544 1454 3581 errorem
1467 3534 1503 3582 ,de

281 3601 362 3664 pulso
381 3601 505 3659 Camillo,
525 3615 579 3650 non
598 3602 631 3650 de
649 3601 753 3650 Romuli
778 3602 862 3650 caede
886 3604 1008 3657 enarrat,
1033 3601 1061 3650 et
1083 3601 1156 3649 addit
1174 3599 1251 3651 Hauc
1272 3606 1357 3668 (quau
1375 3600 1504 3652 relaturus

281 3676 348 3726 sem)
366 3684 491 3724 errorem,
512 3685 625 3736 eumque
643 3671 832 3734 paenitentiam
852 3675 972 3721 secutam
991 3685 1055 3722 esse
1068 3671 1128 3730 diri,
1148 3672 1218 3737 quis,
1238 3687 1317 3738 quem
1336 3674 1435 3742 ingrati
1452 3675 1504 3724 eie·

282 3735 390 3798 cissent,
409 3742 506 3804 postea
524 3742 708 3793 remeassent.

351 3806 396 3862 Ac
416 3809 509 3876 iuquit,
530 3811 636 3862 cercrrb
658 3809 757 3873 abesae)
784 3814 857 3863 itate
880 3813 988 3878 Lipsius
1013 3814 1157 3881 legendum
1180 3817 1285 3864 censuit
1308 3813 1409 3882 t'nqrr'n
1434 3818 1505 3866 mate

282 3879 425 3930 Turranius
448 3882 575 3946 poputum
593 3884 740 3933 Romanum
765 3884 914 3934 subiectum
937 3898 1001 3933 csse
1025 3888 1108 3948 putat.
1151 3885 1243 3935 Solent
1264 3887 1334 3936 enirn
1353 3888 1404 3936 boc
1423 3889 1505 3938 uerbo

281 3950 405 4000 absolute
423 3953 512 4014 posito
531 3953 684 4019 incertoque
703 3955 823 4003 subiecto
847 3955 936 4003 induci
958 3955 1175 4017 aduersationes,
1200 3971 1269 4021 quas
1293 3959 1421 4021 scriptor,
1446 3975 1505 4008 eum

280 4019 360 4071 tacite
384 4021 452 4070 obiei
476 4023 528 4072 eibi
545 4025 697 4091 intellegat,
726 4027 784 4087 ipse
809 4026 861 4072 sibi
884 4025 993 4088 opponit
1017 4028 1043 4074 et
1060 4027 1165 4080 refellit
1190 4028 1230 4079 Ct.
1252 4030 1367 4081 Grouou.
1386 4031 1421 4078 ad
1447 4031 1505 4081 Liu.

280 4091 418 4150 XXXIIII,
437 4087 464 4151 ³,
481 4088 506 4146 9.
525 4095 615 4147 Mada.
635 4110 748 4162 gramm.
768 4095 793 4156 S.
813 4092 865 4146 485
884 4097 910 4144 b.
929 4097 982 4145 not
1001 4093 1027 4147 5.

350 4159 496 4284 Asq'pcace
513 4165 635 4232 superior
653 4167 714 4231 etc.)
738 4164 1029 4225 ct.Li11.XXXV111,
1052 4161 1096 4216 53.
1120 4168 1216 4220 Senee.
1241 4185 1284 4234 ep.
1308 4166 1352 4223 86.
1377 4169 1453 4225 suet
1471 4174 1505 4223 de

280 4234 329 4287 uir.
347 4234 384 4285 ill.
434 4273 441 4287 .

351 4302 423 4356 duee
439 4303 563 4372 iprtcbtlir
580 4323 635 4358 eam
649 4321 680 4359 ac
693 4303 812 4358 deantur
824 4303 936 4376 paludis
953 4307 1080 4368 accolam)
1099 4311 1228 4362 Primeria
1247 4313 1346 4364 codicis
1358 4315 1504 4374 tiernensis

278 4377 413 4439 scriptura
430 4380 482 4426 sub
497 4377 575 4428 litura
594 4380 712 4428 extincte
730 4373 780 4434 esi,
799 4379 826 4427 iu
846 4394 900 4443 qua
918 4395 986 4429 nunc
1008 4383 1107 4449 tegitur
1118 4380 1182 4434 aiei.
1222 4383 1251 4434 Si
1270 4386 1386 4449 spatium
1408 4386 1504 4437 liturae

279 4447 497 4506 consideramus,
527 4449 640 4499 dubitari
664 4450 708 4498 uix
732 4451 822 4512 potest
845 4451 909 4511 quin
934 4453 1042 4517 antiqua
1070 4455 1204 4517 scriptura
1227 4457 1422 4519 conspirauerit
1444 4473 1505 4508 eum

279 4516 389 4566 alterius
409 4517 526 4580 familiae
545 4519 631 4570 altera
650 4521 725 4582 parte
743 4525 801 4578 (τ’),
826 4521 968 4572 exhibente
987 4521 1072 4577 ciues,
1100 4527 1169 4575 uude
1192 4528 1262 4587 quod
1282 4528 1368 4576 altera
1385 4528 1445 4578 eius
1462 4529 1504 4577 ta·

278 4587 369 4636 miliae
388 4601 453 4650 pers
470 4592 525 4648 (att)
547 4591 667 4649 tradidit,
687 4587 817 4649 ciuitatis,
841 4605 857 4641 e
876 4593 1029 4644 coniectura
1045 4595 1136 4646 netum
1155 4609 1219 4647 esse
1237 4598 1327 4659 liquet
1370 4598 1421 4648 list
1439 4613 1503 4649 uero

279 4657 386 4708 omniuo
398 4659 569 4712 necessarius
582 4661 694 4726 pluralis
705 4662 817 4714 subtecti
830 4675 956 4715 uumerus
964 4668 1075 4732 propter
1084 4666 1334 4735 uerbumsecmut.
1364 4669 1504 4730 Librsrtir,
