3409 5400
373 447 437 521 186
698 444 758 511 DE
779 436 1023 511 INSTITVTIS
1045 438 1266 524 ANTIQVIS.

369 608 428 679 ills
449 608 597 675 bibunos
619 626 749 693 quoqne
771 604 953 669 censuisse.
989 603 1056 685 Qui
1078 583 1231 689 quamuis'
1248 604 1502 691 prormrnodisple-

372 716 424 781 bis
446 712 651 779 excubabant
671 714 769 798 inque
791 711 938 797 imperiis
966 711 1227 797 compescendis.
1242 713 1363 797 occupati
1379 720 1453 783 eraut.
1468 712 1506 777 ‘m-

371 822 454 887 strui
476 830 586 883 umen
608 838 651 883 ea
673 818 839 905 argenteis
861 818 956 881 uasis
979 827 1011 879 et
1034 816 1141 881 anulis
1165 820 1273 883 aureis
1288 818 1383 903 publice
1394 819 1511 905 praebitis

370 925 591 1013 patiebantur,
631 945 696 1011 qno
732 923 845 989 talium
877 944 987 998 rerrnn
1028 945 1091 988 usu
1126 926 1298 989 auctoritas
1325 926 1515 1013 magistratuum

370 1042 461 1099 esset
481 1032 635 1097 ornatior.
1527 1056 1538 1097 5

327 1138 360 1203 8.
459 1137 607 1219 Quonim
639 1136 914 1225 quemadmodum
944 1138 1101 1201 maiestas
1130 1138 1374 1224 amplificabatur,
1391 1140 1427 1204 ita
1445 1139 1523 1205 absti-

370 1245 481 1311 nentis
517 1245 682 1311 artismme
712 1242 1008 1330 constringebatur.
1061 1242 1301 1311 immolatarum
1328 1246 1399 1311 enim
1426 1246 1459 1311 ab
1483 1244 1527 1309 bis

369 1350 552 1419 beataum
581 1361 656 1416 exta
683 1350 727 1415 ad
755 1359 947 1437 quaestores
977 1351 1096 1414 aerarii
1119 1350 1229 1415 delata
1251 1352 1412 1426 uemebant,
1431 1352 1531 1417 sacriti-

370 1458 494 1543 ciisque
526 1456 639 1544 populi
665 1457 824 1523 Romani-
843 1478 919 1519 cum
954 1456 1090 1521 deorum
1125 1458 1344 1525 immortalium
1368 1457 1455 1522 culms
1480 1467 1537 1521 tum

371 1566 469 1631 ctiam
496 1564 668 1631 hominum
695 1566 895 1629 continentia
926 1566 1045 1637 inerat,
1073 1566 1310 1649 inperatoribus
1336 1566 1439 1629 nostris
1458 1584 1542 1649 quam

370 1681 503 1737 sanctas
533 1694 653 1737 manus
681 1670 805 1735 habere
835 1670 990 1738 deberent
1021 1670 1109 1764 apud
1138 1672 1206 1736 ista
1236 1670 1343 1735 altaris
1366 1668 1546 1741 discentibus,

371 1778 655 1863 continentiaeque
683 1788 807 1842 tantum
845 1776 1042 1841 tribuebatur
1070 1788 1104 1843 ut
1135 1777 1306 1843 intuitorum
1337 1798 1388 1841 aes
1418 1775 1550 1848 alienum.¹

370 1884 450 1969 quia
479 1883 669 1969 prouincias
701 1885 830 1949 sincere
862 1881 1184 1957 administraucrant‚
1208 1907 1230 1949 a
1252 1893 1360 1949 senatu
1378 1881 1550 1968 persolutum

369 1989 422 2054 sit.
456 1988 542 2053 Nam
566 2011 704 2075 quorum
727 2009 828 2077 opera
847 1990 1012 2075 publicam
1029 1991 1253 2057 anctoritatem
1269 1973 1458 2075 splendorem
1473 2009 1550 2053 suun

369 2096 484 2182 procul
511 2096 692 2161 obtinuisse
720 2096 883 2171 uiderant,
912 2116 1025 2160 eorum
1054 2096 1247 2183 dignitatem
1276 2096 1359 2161 domi
1379 2094 1500 2161 conlabi
1519 2096 1550 2158 io

369 2202 506 2290 dignum
529 2202 658 2289 sibique
680 2203 828 2269 deforme
849 2224 928 2267 esse
951 2202 1201 2269 arbitrabantur.

329 2305 360 2371 9.
457 2308 628 2397 Equestris
659 2330 737 2375 nero
767 2310 892 2375 ordinis
922 2311 1072 2373 iuuentus
1102 2308 1253 2375 omnibus
1277 2310 1372 2373 annis
1394 2308 1444 2373 bis
1467 2308 1550 2371 urbe]

874 2458 1085 2474 *d

372 2539 394 2593 l.
413 2543 465 2601 Qut
482 2568 517 2579 -
535 2536 586 2605 (5.1
603 2544 721 2594 ornatior
738 2558 788 2594 ors
806 2539 838 2595 Γ.
851 2540 902 2610 ΙΙῖ.
921 2544 1098 2607 capescendis
1115 2538 1176 2602 (itm
1199 2557 1232 2591 cs
1249 2539 1277 2591 ia
1295 2544 1402 2600 ruera)
1419 2536 1450 2590 A.
1467 2535 1550 2605 illust

368 2609 428 2670 (litt.
446 2610 615 2676 numum)
633 2611 665 2664 A.
684 2615 735 2664 frui
752 2613 789 2666 D.
800 2612 815 2681 ΙΙ
826 2608 851 2665 3.
871 2614 961 2663 aureis
981 2614 1067 2663 anulis
1085 2610 1119 2663 B.
1137 2612 1151 2680 ΙΙ
1167 2607 1192 2664 tl.
1212 2612 1282 2677 quod
1301 2606 1459 2662 ABGDE.
1473 2606 1487 2679 ll
1500 2604 1550 2662 5.1

369 2683 487 2734 norsttor
504 2680 590 2735 Peria-
608 2699 640 2735 ee
657 2681 714 2738 cod.
736 2683 826 2753 Copes.
838 2684 852 2753 Η
864 2679 889 2737 ii.
908 2687 1024 2744 Quorum
1037 2712 1071 2722 -
1084 2680 1151 2749 (ll.)
1170 2684 1334 2734 discentibus
1354 2696 1405 2734 ost.
1424 2680 1457 2734 P.
1468 2679 1483 2750 ΙΙ
1494 2678 1521 2733 l.
1534 2697 1550 2731 c

368 2753 571 2874 stringebantur
586 2753 650 2806 Par.
661 2755 675 2823 ΙΙ
686 2751 712 2808 8,
722 2758 843 2808 ιιοωΙοι
861 2754 924 2807 Por.
935 2753 949 2820 ΙΙ
960 2751 986 2808 il.
995 2756 1086 2819 populi
1104 2753 1226 2820 Romani}
1246 2755 1356 2819 patrum
1374 2749 1410 2804 E.
1420 2747 1436 2818 ll
1449 2752 1522 2818 cum]
1542 2756 1550 2802 t

369 2819 423 2874 BC
461 2821 568 2878 ETorr.
580 2821 595 2892 ΙΙ
605 2827 662 2875 tsrn
675 2840 721 2893 pr.
741 2825 769 2880 0.
782 2826 795 2895 ΙΙ
815 2823 855 2878 ll.
876 2827 1100 2876 descendentibus
1118 2822 1151 2876 Ε.
1169 2823 1182 2890 ΙΙ
1201 2823 1241 2878 12.
1261 2823 1514 2890 continentiaeque]
1535 2825 1550 2873 C

369 2895 496 2946 tinentiae
514 2893 546 2948 Γ.
564 2896 747 2948 continentiae
771 2913 834 2948 uero
856 2894 932 2950 Torr.
965 2893 999 2947 Vt
1020 2910 1068 2946 nos
1085 2893 1186 3034 innuli
1214 2911 1242 2964 p.
1262 2893 1274 2960 ΙΙ
1298 2891 1420 2960 tantum]
1448 2889 1513 2945 cdd.
1535 2911 1550 2943 a

368 2969 476 3018 ueteres
493 2962 525 3018 Γ.
537 2964 551 3033 ΙΙ
562 2968 652 3017 multis
669 2965 707 3022 D.
718 2967 732 3034 ΙΙ
748 2963 787 3022 ts.
805 2970 911 3019 sincera
928 2969 1080 3032 prouincias
1098 2963 1134 3019 Ε.
1207 2968 1339 3031 .publicn
1358 2967 1531 3018 anctoritate

369 3041 395 3088 ct
407 3051 452 3107 pr.
470 3034 501 3090 Α.
520 3039 656 3104 publicas
674 3041 859 3092 sonoritatem
880 3036 909 3090 C.
923 3037 935 3106 ΙΙ
952 3033 992 3092 15.
1012 3039 1082 3090 domi
1105 3034 1230 3105 οιιι.1’.ΙΙ
1251 3033 1292 3092 17.
1313 3037 1342 3102 s.
1363 3029 1391 3090 9.
1412 3051 1466 3088 om.
1487 3034 1521 3090 Γ.

369 3255 433 3303 sunt
449 3267 465 3303 s
483 3253 589 3303 Paridis
607 3254 736 3317 epitome,
760 3269 820 3303 cum
838 3255 920 3305 antes
937 3255 965 3304 in
982 3268 1015 3304 eo
1034 3255 1100 3304 libro
1118 3267 1140 3302 s.
1159 3267 1182 3303 c.
1201 3257 1218 3302 t.
1239 3253 1330 3302 fuisse
1351 3253 1529 3302 necessario

389 3325 450 3375 staur
467 3339 483 3374 e
501 3324 660 3388 reliquorum
678 3325 753 3374 codd.
773 3338 916 3376 consensu.
957 3325 1041 3376 Miror
1065 3325 1096 3377 Α.
1115 3325 1216 3374 Maium
1233 3325 1260 3374 in
1281 3323 1381 3386 prees.
1401 3339 1433 3386 p.
1453 3321 1545 3371 xxm

369 3340 401 3453 ξ’.
420 3396 490 3461 qnod
507 3394 643 3463 significet
653 3394 841 3445 CENSVISSE
859 3396 898 3446 its
908 3397 1037 3453 tribunos.
1051 3396 1187 3460 praeferre
1200 3395 1308 3446 litterae
1322 3391 1359 3448 T.
1384 3409 1465 3458 quac
1488 3395 1539 3450 sit,

369 3464 484 3517 BVNOS
502 3481 607 3532 quoque
625 3468 663 3516 its
679 3467 828 3518 consuisse.
865 3469 930 3527 Quis
949 3467 1018 3517 onim
1030 3482 1084 3518 non
1097 3467 1168 3516 uidet
1184 3467 1211 3516 id
1223 3467 1318 3530 ipsum
1331 3465 1550 3529 potissimnmr

368 3536 566 3589 denotandum?
589 3539 711 3591 weram
729 3538 852 3603 equidem
869 3553 920 3588 nco
938 3538 1115 3588 inPeridsnsi
1132 3539 1290 3601 compendio
1312 3536 1455 3586 auctofis
1477 3537 1538 3586 sed

368 3611 468 3660 riorom
485 3623 608 3678 agnosco
626 3623 752 3667 errorem,
772 3623 824 3674 qno
842 3609 887 3659 ucl
904 3610 931 3660 in
949 3610 1141 3675 antiquissimis
1161 3609 1301 3659 codicibus
1323 3609 1377 3658 uix
1401 3607 1486 3657 alius
1510 3607 1549 3656 fri

367 3680 418 3731 tior
435 3682 487 3730 est.

440 3747 465 3800 8.
484 3763 541 3801 cm
565 3748 681 3806 &cml
710 3753 741 3801 ln
763 3750 882 3819 uolgatis
907 3753 1005 3803 Valerii
1029 3752 1159 3817 exemplis
1183 3751 1250 3801 salis
1276 3749 1466 3816 frequenter
1496 3749 1550 3800 hur

370 3821 538 3883 apparebant
553 3824 701 3886 particulae
719 3825 879 3872 tandm
897 3823 968 3872 ines
985 3825 1128 3873 uerborum
1147 3822 1426 3872 autsententiarnm
1441 3821 1549 3870 disiun

370 3903 440 3954 quse
458 3893 568 3956 saepius
586 3908 635 3955 per
652 3898 730 3944 ct.·-
749 3897 775 3944 ct
791 3893 943 3945 instituitur.
985 3892 1038 3944 Sed
1065 3895 1089 3943 si
1107 3894 1258 3944 accuratius
1278 3893 1417 3943 cortices
1440 3905 1530 3942 mss.

370 3961 489 4017 umeris.
510 3961 635 4012 meliores
654 3966 808 4012 constanter
829 3965 919 4028 priore
938 3964 996 4012 loco
1015 3977 1072 4014 cnm
1091 3965 1218 4014 exhibere
1236 3965 1419 4020 inueneris.
1450 3963 1503 4012 ita
1525 3977 1548 4010 ιι

370 4030 503 4080 nemorum
522 4032 643 4080 codicum
659 4032 818 4082 msttmonfls
841 4035 982 4101 insigniter
1000 4034 1186 4086 confirmentur
1209 4033 1437 4101 Stirenburgii
1460 4034 1526 4096 (ad

370 4099 450 4152 Arcu
467 4095 511 4152 ³1.
529 4117 557 4165 p.
578 4097 639 4165 itt)
658 4103 686 4153 et
702 4103 833 4170 Maduigll
851 4105 898 4168 (sd
917 4105 969 4156 Cic.
983 4106 1016 4155 de
1034 4105 1078 4158 dn.
1098 4106 1118 4165 1,
1140 4102 1180 4162 lo.
1199 4099 1234 4155 34
1252 4119 1279 4167 p.
1306 4099 1365 4164 75,
1391 4117 1547 4172 gramm.

370 4172 425 4224 not.
443 4166 474 4234 31
492 4171 695 4236 disputationes,
714 4173 810 4238 quibus
828 4179 988 4226 cum-tem
1000 4177 1146 4228 docuerunt
1163 4177 1344 4239 respondere
1357 4175 1487 4225 nostro
1513 4187 1550 4223 sn

369 4240 411 4295 ab
428 4241 504 4298 osci.
524 4247 577 4292 aa
592 4270 627 4280 -
643 4247 696 4294 tear
713 4244 784 4294 idem
802 4245 894 4296 ualere
913 4248 993 4308 atque
1005 4243 1215 4298 modo-modo.
1252 4247 1435 4298 Reuocaui
1454 4246 1548 4312 igitir

368 4317 441 4366 tibus
460 4317 506 4364 sut
529 4315 651 4365 omnibns
669 4315 739 4366 meis
757 4316 803 4364 ant
820 4317 974 4368 melioribus
998 4317 1073 4368 libris
1091 4331 1148 4368 csta
1166 4341 1201 4354 -
1219 4321 1272 4367 mm
1295 4318 1368 4368 hoc
1394 4317 1502 4373 loco.
1528 4316 1550 4364 it

369 4381 394 4443 8.
414 4382 1090 4449 axt2(cunurbasta-ameaamracncs).
1117 4389 1155 4448 V,
1177 4385 1206 4448 1,
1228 4383 1267 4439 10.
1299 4382 1431 4443 V.·tt.
1463 4383 1495 4436 1.
1532 4387 1547 4434 1

369 4457 416 4515 IX,
438 4454 478 4514 11,
497 4457 552 4508 init.
571 4457 619 4513 IX,
641 4452 681 4515 15,
706 4457 761 4508 init.
790 4457 829 4510 Cf.
848 4459 989 4521 praeterea
1014 4459 1046 4517 V,
1068 4455 1091 4516 1,
1113 4457 1135 4511 1.
1162 4457 1192 4517 V,
1212 4455 1237 4518 2,
1259 4455 1308 4509 10.
1340 4459 1388 4516 V,
1417 4451 1456 4514 3,
1483 4449 1521 4507 3.

369 4528 402 4584 V,
421 4522 448 4584 ll,
469 4525 491 4580 i.
510 4528 570 4579 cett.
607 4528 665 4578 Vno
687 4528 791 4577 tantum
815 4528 889 4587 loco,
908 4529 970 4587 1111,
989 4524 1020 4588 8,
1050 4531 1102 4582 ext.
1127 4527 1158 4588 2.
1187 4543 1285 4580 omnes
1328 4529 1486 4580 codices
1522 4529 1540 4576 i:

369 4599 504 4648 notham
521 4611 595 4647 nexu
618 4601 672 4648 un
689 4594 870 4664 scapnam
887 4596 983 4652 Mina
1006 4605 1060 4652 tem
1083 4598 1162 4651 cnon
1185 4598 1296 4664 siam
1326 4597 1505 4666 regiones

370 4681 440 4734 quse
456 4669 493 4721 sd
510 4668 672 4736 reltqnornm
688 4668 830 4739 ιιιιῑμιοιιι
846 4685 969 4723 normam
986 4685 1115 4726 reuocare
1132 4685 1188 4724 non
1206 4671 1359 4726 dubitaui.
