3409 5400
290 481 355 550 aar
693 473 755 541 Di}
775 473 855 542 IRA
877 473 969 544 AVT
992 473 1108 542 ODIO.

247 638 278 703 2.
378 635 489 717 Quam
510 633 691 700 uehemens
723 633 841 701 deinde
864 635 1025 701 aduersus
1054 636 1211 721 populum
1233 638 1426 702 Romanum
1452 635 1527 700 Ha-

288 742 434 808 milcaris
446 739 573 805 odium!
598 739 757 820 Quattuor
773 742 859 806 enim
875 743 1009 827 puerilis
1026 745 1149 808 aetatis·
1167 744 1253 808 iiiios
1268 745 1413 818 intuens,
1430 745 1526 807 eins·

291 849 367 914 dem
390 848 516 912 numeri
539 845 665 912 catulos
693 846 844 913 leoninos
873 849 908 912 in
935 851 1115 934 perniciem
1143 851 1272 934 imperii
1302 852 1408 914 nostri
1431 849 1525 914 alere

291 977 329 1021 se
352 953 575 1041 praedicabat.
618 951 732 1039 Digna
745 954 952 1030 nutrimenta.
976 976 1060 1042 qnae
1075 957 1109 1020 in
1126 956 1258 1020 exitium
1274 957 1401 1041 patriae
1426 976 1526 1028 suae.

290 1061 466 1137 mensuit,
490 1071 763 1126 conuerterantur.
1540 1075 1556 1116 s

250 1165 282 1232 3.
380 1165 408 1230 Ε
432 1165 549 1252 quibus
571 1165 737 1232 Hannibal
764 1176 891 1231 mature
914 1165 997 1232 adeo
1026 1168 1134 1255 patria
1154 1169 1297 1255 uestigia
1318 1167 1525 1232 subsecutus

293 1283 354 1348 est,
375 1282 412 1336 ut
432 1293 473 1335 eo
497 1274 673 1340 exercitum
694 1273 730 1338 in
744 1270 940 1356 Hispaniam
956 1275 1127 1338 traiecturo
1150 1283 1182 1336 et
1204 1273 1246 1338 ob
1262 1273 1298 1337 id
1312 1273 1528 1338 sacrificante

292 1398 413 1444 nonem
436 1399 598 1445 annorum
620 1389 700 1444 natu
722 1377 976 1444 altaria-tenens
997 1381 1119 1444 inraret
1141 1401 1190 1453 se.
1213 1401 1285 1444 cum
1302 1381 1448 1464 primum
1464 1401 1528 1465 per

294 1494 434 1552 aetatem
463 1486 638 1571 potuisset.
673 1485 868 1550 acerrimum
895 1482 1024 1550 bostem
1056 1485 1168 1571 populi
1194 1485 1337 1550 Romani
1364 1485 1528 1557 futurum,

293 1603 330 1656 ut
350 1591 621 1680 pertinacissimis
637 1590 790 1676 precibus
805 1591 958 1656 instantis
973 1590 1050 1656 belli
1073 1589 1296 1656 commilitium
1312 1591 1527 1676 exprimeret.
1540 1607 1567 1652 rc

293 1696 386 1764 Idem
409 1698 597 1784 significare
620 1698 757 1782 cupiens
781 1707 902 1782 quanto
919 1697 1001 1760 iuter
1017 1717 1054 1760 se
1078 1695 1153 1763 odio
1169 1695 1337 1780 Karthago
1362 1707 1394 1758 et
1407 1695 1528 1760 Roma

295 1802 508 1876 dissiderent,
535 1801 657 1864 inflicto
685 1803 720 1866 in
749 1813 869 1866 terram
894 1802 978 1887 pede
1009 1803 1231 1890 suscitatoque
1262 1801 1409 1888 puluere,
1444 1813 1526 1866 tunc

293 1907 378 1970 inter
401 1925 459 1970 eas
483 1907 582 1970 finem
603 1906 674 1971 fore
689 1906 767 1972 belli
781 1907 870 1982 dixit,
894 1929 968 1972 cum
985 1907 1139 1974 alterutra
1153 1907 1349 1973 inhabitam
1372 1906 1525 1994 pulueris

296 2020 386 2076 esset
407 2009 550 2078 redacta.

253 2112 284 2179 4.
382 2113 422 2182 In
444 2116 559 2202 puerili
581 2129 713 2203 pectore
736 2129 860 2185 tantum
883 2121 934 2184 uis
957 2119 1025 2183 odii
1048 2121 1165 2204 potuit,
1189 2120 1305 2184 sedin
1327 2118 1561 2185 mulieribnsrs

297 2242 427 2310 quoque
450 2243 554 2309 aeque
577 2223 713 2289 multum
735 2225 847 2291 ualuit.
894 2224 1045 2310 Namque
1069 2227 1272 2300 Semiramis,
1302 2225 1523 2312 Assyriorum

296 2330 429 2416 regina,
458 2350 533 2394 cum
562 2330 593 2392 ei
619 2331 708 2396 circa
737 2329 858 2395 cultum
888 2330 1003 2415 capitis
1039 2331 1091 2394 sui
1125 2344 1302 2418 occupatae
1336 2333 1523 2396 nuntiatum

298 2443 388 2500 esset
408 2434 581 2524 Babylona
600 2434 774 2510 defecisse,
796 2435 900 2501 altera
922 2443 1014 2519 parte
1031 2435 1167 2500 crinium
1184 2435 1292 2502 adbuc
1314 2437 1421 2502 soluta
1444 2460 1522 2524 pro·

297 2542 383 2604 tinus
406 2541 452 2604 ad
466 2562 540 2606 eam
556 2542 810 2628 expugnandam
826 2540 967 2606 cucurrit
982 2559 1041 2604 nec
1057 2541 1146 2626 prius
1162 2544 1312 2608 decorem
1330 2543 1522 2628 capiliorum

297 2645 333 2712 in
362 2643 510 2713 ordinem
539 2668 638 2737 quam
672 2657 794 2715 tantam
830 2647 944 2715 urbem
972 2651 1007 2715 in
1036 2660 1228 2737 potestatem
1259 2671 1354 2717 suam
1383 2647 1556 2735 redegitro

300 2893 323 2948 l.
343 2891 439 2956 Quem]
463 2890 525 2943 add.
544 2906 608 2944 nero
626 2890 659 2947 Γ.
673 2893 685 2963 ΙΙ
700 2897 795 2948 deindo
813 2912 863 2953 om.
882 2894 913 2949 Γ.
926 2894 940 2965 ΙΙ
951 2900 1105 2951 amiicharis
1117 2897 1149 2953 A.
1161 2898 1175 2966 ΙΙ
1187 2899 1212 2953 2.
1225 2900 1336 2963 puerilis
1355 2901 1424 2951 enirn
1441 2896 1481 2951 D.
1495 2902 1507 2965 ii

299 2963 446 3022 eiusdemq.
462 2976 506 3027 pr.
524 2960 548 3013 A
566 2966 592 3012 et
609 2977 678 3015 corr.
696 2962 732 3017 D.
747 2966 760 3035 ΙΙ
775 2964 800 3019 5.
819 2970 1048 3035 connumerentur]
1074 2970 1123 3023 litt.
1143 2975 1219 3021 entur
1235 2969 1264 3020 ia
1281 2983 1379 3023 rasura
1397 2968 1434 3023 D.
1458 2986 1518 3021 onn-

297 3033 445 3081 urrterstor
464 3029 493 3083 C.
512 3036 679 3085 conuerteret
696 3034 732 3088 Ε.
758 3042 944 3088 conuerterant
961 3038 991 3091 Γ.
1004 3040 1017 3105 ΙΙ
1034 3036 1059 3093 b.
1083 3043 1123 3091 iix
1141 3039 1178 3094 D.
1196 3039 1209 3106 ΙΙ
1225 3044 1319 3093 nature
1336 3040 1369 3095 Γ.
1387 3041 1401 3108 ΙΙ
1417 3043 1519 3106 patriae

297 3097 358 3153 ΔΓ.
375 3100 461 3164 patris
474 3098 551 3152 Torr-
564 3108 589 3155 rt
600 3110 660 3156 cate
672 3107 741 3159 adeo
753 3105 789 3160 D.
804 3115 816 3173 ΙΙ
831 3106 856 3159 l.
870 3109 996 3173 hispania
1005 3109 1042 3163 D.
1054 3108 1104 3179 119.
1116 3114 1215 3177 populo
1234 3128 1344 3165 romano
1361 3109 1389 3165 Β
1407 3116 1433 3163 et
1448 3126 1517 3164 corr.

297 3168 335 3222 D.
349 3170 362 3238 ΙΙ
377 3172 491 3221 intutum
509 3186 559 3224 om.
573 3188 617 3241 pr.
636 3173 672 3227 D.
687 3174 699 3245 ΙΙ
718 3174 757 3230 13.
776 3177 845 3244 iore]
865 3184 929 3245 post
950 3183 1012 3232 balli
1031 3180 1061 3234 Γ.
1081 3186 1140 3233 aete
1164 3184 1243 3233 flueru
1264 3180 1340 3235 Torr.
1353 3182 1367 3249 ΙΙ
1378 3182 1516 3250 alterutra]

299 3238 361 3293 cdd.
381 3243 445 3291 urbs
467 3240 564 3295 DPnr.
583 3250 610 3296 et
626 3259 696 3301 corr.
714 3245 746 3306 A.
767 3244 845 3303 Torr.
865 3246 927 3303 cdd.
950 3267 1016 3317 pars
1035 3248 1095 3305 OE.
1116 3252 1128 3319 il
1151 3250 1191 3305 15.
1210 3255 1292 3303 ln-
1311 3250 1378 3319 (iii)
1397 3254 1517 3317 Namque

299 3328 348 3365 orn.
366 3309 399 3365 Γ.
411 3300 560 3377 11ωιιΙὶθὴτΙ
577 3312 770 3440 ET⁰“‘}l¹⁶·
788 3323 962 3372 semarramir
976 3337 1021 3390 pr.
1039 3322 1071 3375 A.
1082 3323 1096 3387 Η
1113 3323 1151 3377 18.
1175 3320 1311 3389 babyloni
1327 3338 1397 3376 corr.
1415 3322 1447 3377 A.
1474 3328 1517 3375 ba·
1570 3318 1574 3327 ’

298 3384 411 3447 hylicus
430 3381 459 3436 0.
478 3387 639 3439 babiloniam
657 3386 686 3439 D
715 3426 722 3442 .
746 3390 909 3455 babylonem
927 3390 1038 3446 Elbrr.
1050 3390 1064 3460 ΙΙ
1083 3393 1124 3448 19.
1143 3397 1349 3463 expugnandam
1369 3411 1430 3447 eam
1447 3394 1484 3449 A.
1495 3394 1508 3463 il

298 3449 343 3510 20.
361 3470 442 3517 quam
458 3456 573 3525 anan]
593 3462 718 3525 quantem
732 3475 777 3527 pr.
795 3458 828 3513 A.

804 3602 1015 3617 ————

299 3686 396 3747 quibus
415 3686 571 3739 foedissime
588 3702 656 3739 sane
674 3690 786 3757 languet
803 3692 897 3753 eicior.
917 3695 1036 3745 codicum
1056 3697 1214 3759 scripturam
1232 3699 1369 3748 reuocauit
1393 3700 1421 3749 et
1438 3701 1464 3749 in
1483 3701 1517 3749 in·

299 3757 472 3818 terpretanda
483 3760 632 3824 urgemur.
652 3764 736 3811 uerba
747 3761 811 3827 quia
822 3768 877 3814 trrr
887 3763 1015 3815 morimur
1026 3764 1154 3817 uictorias
1167 3764 1252 3818 edidit
1262 3782 1373 3819 causam
1387 3771 1518 3819 confluere

300 3826 451 3903 deplorans.
470 3842 517 3905 cnr
534 3832 725 3907 propemodum
738 3834 767 3882 in
783 3834 888 3885 eoelum
906 3838 1089 3886 asstrrexissst
1100 3838 1260 3896 Alexander.
1279 3841 1325 3889 ilia
1339 3855 1402 3891 uero
1415 3838 1519 3892 rorida

299 3897 405 3943 martir
423 3892 548 3947 caedebar
563 3904 650 3949 arctor
671 3915 730 3951 curn
749 3906 871 3955 momine
895 3907 1010 3969 quodam
1028 3909 1119 3957 addita
1138 3922 1202 3959 esse
1221 3926 1239 3959 u
1259 3911 1375 3969 Vsterio.
1395 3916 1517 3976 carpente

299 3975 395 4043 regem
422 3968 491 4027 qnod
518 3968 545 4015 in
573 3970 616 4018 bis
639 3972 767 4022 caedibus
791 3990 896 4040 quoque
921 3977 1005 4026 uictor
1028 3978 1131 4029 luisset.
1176 3980 1257 4031 Recte
1281 3984 1370 4032 autem
1389 3984 1518 4047 Repertus

299 4045 397 4081 erroris
422 4034 556 4117 interium
579 4040 674 4105 argnti.
693 4043 826 4094 adnotans
844 4046 1037 4111 Lysimachum
1061 4049 1130 4099 ieoni
1155 4052 1259 4115 quidem
1290 4054 1421 4103 obiectum
1446 4056 1517 4103 iussn

300 4101 456 4160 Alexandri,
476 4106 596 4155 sednon
615 4110 671 4158 uita
689 4114 821 4174 priuatum
840 4130 918 4171 esser
944 4118 1027 4167 isram
1052 4135 1167 4181 namque
1191 4122 1262 4171 illurn
1287 4124 1366 4174 simui
1391 4125 1519 4174 inclusam

299 4174 526 4304 pppplipaxipilpgpa
549 4178 585 4225 ab
607 4179 668 4242 ipso
693 4196 756 4234 esse
780 4188 969 4241 exanimalem.
1006 4190 1045 4242 Ci.
1065 4191 1130 4243 Piin.
1150 4192 1175 4244 b.
1195 4194 1308 4251 mviii.
1329 4191 1371 4254 iti.
1391 4192 1517 4261 (11051.

369 4311 396 4367 2.
415 4316 454 4368 Cf.
473 4316 539 4381 Nep.
558 4320 634 4371 iiam.
654 4319 680 4381 4.
698 4318 723 4376 3.

369 4381 395 4437 ³.
414 4387 453 4436 Cf.
470 4387 529 4440 Lin.
548 4390 621 4449 xxi.
642 4390 666 4445 l.
686 4394 752 4459 Nep.
771 4396 858 4451 Hanu.
877 4396 902 4450 2.
922 4398 996 4454 Auci.
1016 4404 1049 4453 ds
1069 4406 1116 4457 uir.
1136 4407 1171 4459 iii.
1191 4403 1240 4463 423
1261 4410 1314 4461 aiil.

371 4469 429 4507 wat
453 4455 591 4520 rumara
618 4463 721 4527 Excipit
749 4467 820 4516 hanc
844 4484 937 4521 uocem
962 4473 988 4522 in
1013 4475 1134 4537 piurimis
1159 4479 1295 4529 codicibus
1320 4484 1367 4529 nui
1388 4478 1453 4532 urbs
1475 4486 1519 4531 aut

294 4538 372 4590 pure.
414 4530 530 4587 Quorum
554 4534 583 4579 ut
606 4534 744 4600 uirumque
768 4538 912 4599 redundat,
942 4544 980 4593 ita
1004 4548 1125 4597 neutrum
1149 4548 1299 4599 habebatur
1322 4552 1349 4599 in
1373 4553 1520 4617 archeiypo

300 4597 433 4675 exemplo.
470 4600 573 4681 decinit
589 4602 651 4652 iilud
672 4610 856 4669 erumpendic
874 4611 932 4661 iulii
951 4614 1057 4665 Paridis
1075 4622 1208 4670 corrector
1228 4622 1285 4679 iibri
1299 4622 1452 4682 Beruensis.
1471 4624 1521 4673 boc

300 4676 328 4717 tu
346 4666 432 4716 nitere
449 4667 550 4724 armus
568 4672 692 4727 librarius
711 4679 803 4737 nescio
821 4682 883 4747 quis
901 4696 917 4733 s
936 4686 1096 4743 coniectura.
