3409 5400
644 544 726 611 mn.
750 544 793 621 v,
817 544 853 612 c.
880 546 910 621 1,
934 552 963 622 r.
990 548 1019 614 1.
1377 520 1442 619 ers

221 708 442 797 quadraginta
465 708 559 773 trium
583 712 602 783 †
626 707 866 795 expletissimos
886 728 1005 771 rerum.
1042 705 1179 773 'lentum
1193 708 1336 776 hostium
1352 732 1444 777 exer·

221 816 318 879 citum
334 813 518 890 dimissum,
534 824 656 891 tantam
673 816 848 899 pecuniam
864 824 1096 899 contemptam,
1112 824 1158 879 tot
1167 813 1301 880 Punicis
1317 818 1444 888 iniuriis

221 922 353 985 ueniam
377 920 509 989 datam!
554 919 651 1007 Ipsos
685 921 813 1009 legatos
851 921 1051 1006 obstipuisse
1085 922 1223 985 arbitror
1257 944 1296 987 ac
1331 942 1444 989 secum

221 1028 344 1092 dixisse
379 1028 419 1092 ‘O
452 1030 709 1094 munificentiam
740 1030 848 1117 gentis
880 1029 1052 1093 Romanae
1082 1028 1218 1097 deorum
1251 1028 1446 1115 benignitati

194 1133 447 1221 esequandam!
494 1134 523 1199 Ο
553 1136 649 1201 etiam
679 1145 825 1201 nostram
848 1135 1046 1222 legationem
1075 1156 1178 1222 supra
1199 1146 1277 1200 uota
1299 1131 1445 1199 felicem!

222 1262 299 1305 nem
324 1240 410 1326 quod
434 1241 628 1307 beneficium
652 1264 828 1329 numquam
854 1242 1071 1317 dedissemus,
1095 1242 1303 1329 accepimus)

310 1344 393 1411 lllud
429 1370 559 1435 quoque
594 1368 660 1413 non
696 1370 834 1435 paruum
868 1349 1080 1414 hunranitetis
1121 1360 1257 1414 senatus
1288 1348 1446 1414 indicium

223 1464 283 1517 est.
350 1452 538 1540 Syphacem
580 1458 680 1529 enim,
732 1456 898 1542 quondam
939 1456 1223 1543 opulentissimum
1270 1456 1445 1521 Numidiae

223 1580 354 1648 regem,
390 1562 555 1647 captiuum
582 1565 616 1626 in
648 1562 799 1628 custodie
827 1562 938 1627 Tiburi
972 1575 1134 1628 mortuum
1169 1563 1299 1650 publico
1333 1562 1448 1627 funere

187 1680 214 1725 ¹⁰
224 1668 351 1733 censui
374 1666 593 1745 efferendum,
623 1678 656 1732 ut
679 1670 765 1733 uitae
789 1670 877 1734 dono
900 1669 1061 1735 honorem
1085 1670 1272 1756 sepulturae
1294 1667 1447 1735 ediceret

226 1808 249 1863 l.
261 1802 441 1879 quadraginta
447 1810 537 1878 trium]
549 1810 620 1863 XLV
631 1810 694 1863 Por.
705 1808 719 1879 11
732 1812 931 1876 expletisstmos
941 1812 1041 1879 rerum]
1059 1803 1199 1878 explentes
1209 1828 1301 1863 uenum
1315 1808 1375 1872 (litt.
1386 1813 1447 1862 ntes

225 1879 351 1933 uerumir
360 1889 466 1939 tmere)
472 1880 503 1935 Α.
510 1885 659 1947 explentes.
669 1884 766 1933 Verum
779 1881 856 1936 Torr.
862 1885 1003 1947 explentes
1014 1882 1121 1935 uereD.
1130 1885 1349 1950 explecttsslmos
1359 1898 1448 1934 rerum

224 1950 257 2004 E.
269 1953 458 2017 expletissimis
468 1969 555 2003 renim
566 1950 596 2006 Γ.
609 1954 623 2021 ΙΙ
634 1956 778 2005 exercitum
789 1956 906 2004 bostium
916 1950 946 2005 F.
959 1952 1009 2023 112.
1020 1955 1068 2022 tot]
1080 1958 1107 2005 et
1117 1958 1158 2005 tot
1167 1952 1201 2008 E.
1214 1954 1228 2023 ΙΙ
1238 1952 1264 2009 3.
1274 1954 1447 2018 obstupuisse

225 2020 429 2075 DEFt'Torr.
450 2022 492 2088 Cs.
518 2020 561 2083 Vl,
580 2022 606 2081 i,
630 2022 669 2076 10.
683 2022 696 2089 ΙΙ
707 2022 733 2075 4.
752 2024 786 2089 0]
806 2040 821 2075 e
840 2022 875 2075 D.
889 2022 903 2089 ΙΙ
914 2025 1036 2091 deorum]
1056 2028 1144 2076 dicere
1162 2022 1194 2077 F.
1207 2020 1256 2093 115.
1275 2025 1311 2091 0]
1330 2028 1358 2075 et
1375 2022 1411 2079 D.
1423 2024 1437 2092 Η

226 2098 343 2145 nestrum
362 2092 452 2147 ernF.
464 2094 477 2161 ΙΙ
491 2095 565 2161 uoto]
585 2092 646 2151 cdd,
666 2100 760 2147 nostru
777 2092 809 2145 F.
821 2093 834 2161 ΙΙ
846 2092 872 2147 o.
892 2097 1049 2147 beneficium
1068 2098 1138 2161 quod
1157 2092 1188 2149 F.
1203 2096 1215 2161 ii
1230 2095 1255 2149 1.
1273 2112 1368 2159 pssum
1388 2094 1448 2147 cer

222 2178 266 2233 pr.
285 2161 317 2217 A.
330 2162 381 2229 118.
402 2166 520 2229 sipnccrn
546 2162 568 2217 C
592 2169 617 2215 et
636 2179 679 2233 pr.
704 2162 736 2215 Α.
760 2167 882 2231 sylcccrn
902 2178 971 2219 cerr.
989 2164 1020 2217 A.
1032 2165 1046 2233 11
1058 2166 1140 2233 enim]
1160 2181 1209 2217 err.
1224 2162 1253 2217 F.
1278 2168 1357 2217 etism
1377 2164 1435 2234 1⁸.ss

226 2230 251 2287 il.
271 2238 297 2285 in
317 2236 439 2286 custodie
457 2252 506 2285 orn.
525 2234 555 2288 Γ.
568 2236 581 2303 ΙΙ
597 2234 635 2287 iu.
655 2234 818 2287 offerendum
837 2234 867 2286 F.
966 2240 970 2246 ’

227 2362 323 2414 retulit.
360 2360 413 2410 Sed
433 2361 475 2410 bic
495 2362 624 2411 ducentos
642 2361 743 2411 tuntum
762 2360 846 2411 fuisse
865 2362 981 2426 scripsit.
1018 2362 1120 2411 Vereor
1137 2362 1218 2429 igitur
1235 2375 1269 2410 ne
1284 2361 1377 2409 auctor
1388 2359 1449 2423 plue

227 2435 298 2485 iusto
318 2434 344 2482 in
363 2432 451 2488 maius
470 2432 594 2483 extulerit
611 2447 682 2490 rein,
702 2447 796 2497 quam,
816 2433 838 2481 si
856 2434 959 2482 tentam
977 2435 1181 2498 comprobasset
1205 2432 1317 2484 semiue
1335 2430 1449 2481 clemen·

227 2506 301 2560 tium,
323 2504 392 2553 ulios
411 2504 557 2567 scriptores
576 2502 681 2553 silentio
699 2502 938 2567 praetermissurus
957 2519 1010 2553 nou
1028 2504 1114 2553 titisse
1132 2516 1295 2566 persuasum
1312 2502 1411 2555 habeo.

299 2572 525 2641 ’srsptetirsirnes
542 2580 639 2629 reruni
665 2574 790 2625 Defendit
812 2575 884 2623 banc
906 2575 1046 2639 archetypi
1070 2575 1170 2627 codicis
1188 2575 1360 2637 scripturum,
1378 2586 1450 2634 quse

229 2648 300 2700 certe
319 2646 380 2697 otim
400 2646 426 2695 in
445 2646 575 2697 licrneusi
594 2660 699 2712 quoque
719 2646 785 2695 libro
804 2648 877 2705 uret,
900 2645 1068 2704 Perizonius,
1093 2647 1194 2695 mutato
1216 2647 1307 2696 tamen
1330 2658 1391 2694 cum
1408 2658 1449 2695 re·

229 2719 389 2772 candoribus
402 2719 561 2783 quibusdum
575 2719 649 2768 libris
662 2731 795 2768 numerum
807 2719 833 2768 in
845 2729 961 2776 mmm,
981 2731 1067 2784 esque
1082 2717 1229 2785 significari
1240 2718 1317 2780 putat
1328 2716 1449 2779 captiuos

228 2803 396 2854 nequequrun
417 2790 548 2853 spoliatos
567 2789 661 2848 tuisse,
680 2789 727 2839 sed
748 2791 829 2838 rebus
847 2788 1013 2842 necessariis
1030 2788 1260 2839 instructissimos.
1300 2792 1385 2848 chsm
1403 2801 1449 2838 ex·

228 2861 396 2923 plicatiouem
416 2875 510 2912 ornnes
529 2861 624 2910 deinde
643 2863 804 2924 occeperunt
821 2859 920 2910 Valerii
938 2860 1118 2910 enarratores.
1162 2860 1290 2926 Equidem
1308 2857 1449 2920 quominus

228 2931 362 2981 cesentiur
380 2933 450 2980 dune
469 2947 528 2982 eum
547 2932 663 2983 maxime
681 2933 911 2984 obstentceusae.
945 2931 1061 2982 Primum
1074 2927 1449 2998 enmssptetr'ssiucsrms,

229 3002 358 3062 siquidem
380 3003 486 3052 omnino
505 3003 600 3054 Latine
619 3003 669 3052 diei
693 3004 791 3067 potest,
817 3003 898 3070 louge
922 3002 994 3052 siiud
1012 3002 1147 3070 significet
1163 3015 1279 3067 neeesse
1302 3004 1346 3051 est
1369 3015 1448 3066 quern

228 3070 442 3124 imbuetr'rsr'rres
459 3070 545 3126 rebus.
581 3073 683 3124 Deinde
701 3075 836 3124 ubletiuus
854 3087 970 3128 mne,
989 3089 1050 3123 cum
1068 3075 1255 3124 eduerbierum
1274 3085 1348 3122 more
1366 3086 1449 3135 sppo·

230 3144 298 3192 uitru
316 3145 505 3202 numeralibus,
525 3160 669 3210 numquam
687 3159 779 3196 eorum
797 3159 893 3194 cesum
911 3146 948 3194 its
966 3145 1057 3201 uincit,
1076 3147 1105 3193 nt
1125 3145 1259 3212 genitium
1278 3141 1450 3206 ponipossit

230 3227 278 3276 pro
288 3227 321 3262 ee
331 3227 406 3268 cestr,
420 3229 498 3278 quem
507 3217 611 3283 tingitst
624 3217 773 3266 sententiae
783 3215 954 3267 constructio.
990 3219 1159 3279 Quapropter
1172 3215 1269 3265 saitem
1280 3213 1449 3263 scribendum

230 3284 327 3332 iirlseet
343 3295 448 3334 semem
467 3281 518 3334 due
536 3284 611 3336 inilia
629 3290 656 3335 st
671 3285 845 3352 repeterentur
862 3283 1038 3351 qscdrcpr'etu
1055 3289 1117 3335 tres.
1159 3289 1235 3345 Ques
1254 3297 1313 3332 cem
1331 3285 1370 3332 its
1387 3281 1449 3336 sint,

229 3355 291 3418 ipsa
313 3353 384 3403 itlius
407 3357 508 3404 numeri
536 3357 623 3406 formu
646 3357 763 3406 adducor
787 3357 815 3403 ut
841 3357 986 3422 genuinum
1009 3359 1100 3418 putem
1125 3353 1269 3420 explentes,
1294 3353 1365 3413 qrrod
1394 3351 1448 3398 ism

230 3429 257 3475 in
286 3425 415 3475 Beruensi
445 3426 536 3474 codice
565 3427 697 3476 recentior
724 3438 819 3475 rneuue
848 3427 1012 3492 corrigendo
1037 3425 1139 3479 effecit,
1177 3425 1220 3473 nel
1246 3423 1336 3485 potius
1358 3419 1450 3484 prisce

230 3497 363 3547 scribendi
395 3497 497 3546 ratione
526 3493 661 3563 replentis.
705 3496 788 3560 ldque
817 3495 930 3562 egregie
951 3495 1091 3544 condrmut
1117 3493 1175 3542 iniit
1198 3492 1304 3542 Paridis
1324 3493 1449 3556 epitome,

229 3581 300 3630 quae
325 3567 419 3617 leuiter
442 3568 542 3616 tantrrm
562 3567 719 3627 discrepans
744 3565 853 3614 exbibet
875 3562 996 3630 cepticos
1018 3591 1053 3601 -
1071 3589 1107 3601 -
1124 3559 1245 3613 reddidit
1265 3575 1399 3612 mesenes
1412 3571 1447 3618 π

233 3649 266 3694 ae
282 3635 436 3690 DCOXLV
451 3635 585 3705 replestis.
622 3637 697 3696 erod
721 3639 809 3684 nutem
828 3635 892 3682 iilud
910 3631 1042 3700 replerier
1059 3633 1198 3683 Perizonio
1215 3633 1339 3696 displicet
1357 3636 1386 3683 ct
1405 3647 1450 3684 ue-

226 3713 368 3763 bementer
386 3710 484 3778 frigere
503 3711 615 3764 uidetur,
634 3719 693 3756 eum
713 3708 746 3756 de
764 3719 875 3754 numero
892 3707 947 3754 tem
966 3708 1063 3756 exscm
1084 3704 1192 3754 delinito
1208 3705 1333 3766 loquetur
1349 3707 1451 3764 ructor,

229 3785 328 3836 oblitus
346 3786 389 3832 est
405 3785 487 3846 piune
505 3780 600 3830 similis
620 3778 735 3842 exempli
754 3775 891 3825 Valerisni
907 3775 940 3832 ll,
959 3772 985 3833 5.
1004 3769 1031 3835 ³,
1047 3789 1118 3843 pars
1133 3773 1246 3842 capituli
1261 3771 1362 3826 indicio
1378 3772 1451 3828 durr-

228 3859 306 3906 ectue
329 3857 429 3904 cenum
453 3857 478 3902 st
499 3847 665 3919 repumiutu
685 3859 819 3898 summm
846 3844 1021 3913 repleverunt
1056 3849 1114 3897 ism
1130 3859 1197 3896 nere
1214 3847 1276 3908 quid
1295 3847 1322 3897 iu
1337 3861 1450 3910 sequen·

229 3928 300 3976 tibus
319 3925 414 3974 litteris
431 3923 512 3974 simos
529 3935 617 3973 rerum
636 3921 719 3970 lateat
735 3933 789 3970 non
807 3919 897 3968 babeo
920 3919 1019 3968 dicere.
1063 3919 1270 3968 Aduerssiiusm
1293 3921 1450 3982 porticulum

230 4011 330 4048 unum.
351 4010 420 4060 quse
439 3997 501 4044 item
520 4011 538 4044 a
556 3993 706 4043 correctore
730 3990 790 4041 libri
808 3991 953 4039 tiernensis
971 3991 1102 4053 protecte,
1125 3989 1152 4038 in
1168 3990 1305 4054 impressu
1326 3992 1453 4056 exemplu

230 4070 340 4130 receptu
359 4069 401 4115 cst
420 4083 437 4115 u
456 4067 563 4134 Pigbio,
589 4064 652 4114 terri
676 4077 728 4112 non
752 4073 836 4125 posse
861 4063 934 4111 recte
956 4061 1096 4125 perspexit
1113 4061 1276 4112 Perizonius.
1319 4062 1452 4113 Desidere

230 4139 353 4201 equidem
373 4139 542 4193 sententium,
561 4152 579 4184 u
597 4150 651 4200 que
668 4134 803 4199 pendeant
824 4132 971 4181 eccussiiui
994 4133 1032 4181 iili
1056 4135 1154 4182 torem
1176 4129 1288 4182 buthir
1310 4132 1453 4184 nudus

231 4207 379 4264 dimissum,
403 4211 502 4258 tertam
520 4204 661 4274 pecarium
684 4207 858 4270 contemptum
883 4206 948 4260 etc..
974 4205 1018 4269 qui
1042 4204 1125 4271 uutgo
1147 4217 1165 4251 s
1187 4205 1271 4254 uerbo
1295 4201 1453 4272 obstipuisse

230 4281 289 4348 regi
307 4281 491 4336 credebantur,
511 4293 569 4328 curn
589 4279 613 4326 id
633 4277 724 4326 intima
742 4277 848 4325 demum
868 4275 958 4325 aetate
975 4276 1120 4325 uctlimrum
1139 4289 1213 4324 more
1226 4289 1287 4323 curn
1298 4273 1452 4323 scmrsutiuo

231 4354 277 4402 rud
295 4351 450 4400 accusatiuo
469 4365 528 4399 curn
545 4348 673 4398 influitiue
692 4347 859 4398 coniunctum
878 4359 943 4395 esse
961 4347 1090 4397 uidentur.
1114 4345 1154 4394 Ci.
1171 4345 1244 4395 Tert.
1268 4351 1349 4394 carm.
1362 4343 1396 4392 de
1413 4342 1452 4389 iu·

231 4423 298 4474 dicio
318 4422 388 4470 dom.
407 4414 469 4472 360.
494 4419 616 4469 cassiod.
636 4433 692 4470 unr.
710 4418 742 4468 ll.
762 4411 806 4468 39.
842 4416 907 4466 Sine
924 4417 1003 4467 dubio
1015 4433 1088 4467 noue
1105 4415 1239 4466 sententie
1255 4413 1346 4476 incipit
1363 4411 1454 4462 uerbis

229 4493 306 4564 lpros
324 4489 424 4558 beuter
441 4488 598 4557 obrepsisse
616 4485 744 4542 arbitror,
764 4488 889 4537 cusoiots
901 4489 997 4551 positis
1015 4490 1045 4537 ut
1056 4488 1100 4545 Vl,
1112 4483 1139 4544 2,
1161 4483 1194 4535 tu
1211 4479 1401 4549 Obstipuersst
1417 4485 1456 4532 tet

229 4564 350 4632 leptores.
389 4563 544 4620 Verborum,
565 4563 598 4611 de
616 4559 712 4624 quibus
729 4558 904 4622 probabiliter
922 4559 1078 4623 supplendis
1095 4571 1140 4607 me
1158 4557 1306 4618 desperare
1323 4552 1453 4616 prsedlri,

229 4641 298 4688 haec
316 4637 374 4685 iere
398 4633 477 4684 inerit
500 4631 646 4688 sententia,
671 4625 763 4680 Fidem
786 4625 891 4680 cecedit
911 4627 1036 4682 seritetr'r
1056 4632 1154 4679 tcum
1178 4621 1290 4675 Mser
1313 4621 1453 4675 emeitsrr

230 4706 373 4760 nmirum.

301 4775 444 4848 spiam
461 4774 539 4834 essu
558 4775 597 4825 cr.
616 4773 674 4824 eru.
693 4771 780 4830 xxx,
799 4766 844 4828 te,
863 4733 888 4820 l.
