3409 5400
319 478 383 548 111
633 561 635 567 ,
731 477 791 543 un
815 476 1116 544 vsuncvunra

318 664 424 731 usque
448 643 491 707 ad
515 638 707 705 Africanum
732 649 763 701 et
786 638 832 705 li.
857 640 1010 726 Longum
1034 638 1187 702 consules
1210 638 1420 722 promiscuus
1444 657 1541 701 sena·

319 753 363 814 tui
400 762 430 813 et
463 749 583 837 populo
621 746 876 833 spectandorum
908 745 1057 810 ludorum
1096 746 1189 809 loeus
1223 756 1302 811 erat.
1353 744 1542 830 Numquam

319 868 428 921 tamen
453 856 627 943 quisquam
659 876 698 917 cx
727 853 821 939 plebe
857 864 932 917 aute
966 834 1077 938 patres
1106 855 1311 937 conscriptos
1345 855 1380 916 in
1415 851 1542 915 dieatm

318 977 466 1051 spectare
484 964 648 1027 sustinuit.
687 959 781 1023 Adeo
806 962 1044 1045 circumspecta
1066 960 1206 1024 ciuitatis
1229 970 1362 1023 nostrae
1384 980 1543 1023 uerecun-

318 1070 373 1135 dia
396 1072 464 1136 suit.
512 1068 606 1148 Quae
631 1067 763 1153 quidem
787 1069 1006 1130 certissimum
1030 1068 1082 1129 sni
1105 1066 1336 1131 documentum
1365 1067 1465 1131 ctiam
1487 1065 1564 1129 illos

278 1256 288 1273 ·
319 1178 371 1241 die
395 1176 549 1251 exhibuit,
574 1197 639 1261 quo
669 1174 705 1240 1..
730 1174 933 1238 Flamininus
962 1184 1107 1236 extrema
1135 1175 1169 1235 in
1198 1186 1288 1258 parte
1317 1174 1434 1237 theatri
1463 1196 1541 1237 eon·

319 1286 406 1357 stiur.
432 1285 510 1369 quia
534 1304 554 1345 a
577 1280 621 1347 bl.
647 1282 771 1345 Catone
796 1292 827 1342 et
854 1279 892 1343 1..
917 1280 1035 1344 Flacco
1067 1280 1258 1343 censoribus
1288 1293 1405 1344 senatu
1434 1292 1541 1343 motus

317 1392 434 1464 furerat,
459 1389 649 1454 consulatus
673 1390 740 1453 iam
763 1388 888 1451 honore
913 1387 1095 1450 defunctus.
1118 1387 1218 1449 frater
1240 1387 1339 1451 etiam
1363 1387 1397 1452 T.
1423 1386 1542 1451 Flami·

318 1499 396 1573 nini,
420 1498 635 1561 Macedoniae
650 1494 858 1581 Philippique
881 1496 1025 1560 auctoris,
1066 1493 1190 1558 Omnes
1206 1496 1294 1557 enim
1311 1496 1450 1558 transire
1467 1516 1541 1555 eum

317 1604 483 1669 inlocum
508 1604 660 1691 dignitati
684 1623 765 1666 suae
790 1602 932 1665 debiturn
957 1613 1146 1687 coegerunt.
1552 1614 1576 1656 11

275 1700 306 1767 2·
408 1710 578 1795 Confregit
600 1730 669 1771 rem
694 1708 1051 1792 publicam'Terentius
1076 1709 1260 1771 Cannensis
1284 1729 1416 1794 pugnae
1440 1718 1542 1770 teme-

318 1820 406 1883 rario
443 1820 608 1902 ingressu.
654 1813 744 1877 Idem
781 1815 923 1880 delatam
958 1815 1000 1880 ab
1030 1816 1184 1878 uniuerso
1213 1826 1328 1877 senatu
1363 1828 1395 1877 et
1421 1816 1542 1901 populo

318 1926 511 1989 dictaturam
535 1924 679 2006 recipere
704 1944 770 1985 non
794 1922 987 1987 sustinendo
1005 1922 1129 2007 pudore
1145 1920 1275 2005 culpam
1290 1924 1456 1987 maximae
1472 1922 1541 1985 cla·

236 2112 240 2119 ι
318 2032 369 2096 dis
398 2030 551 2104 redemit,
584 2028 755 2104 effecitque
782 2040 818 2093 ut
846 2032 936 2095 acies
965 2030 1102 2093 deorum
1129 2030 1215 2104 irae,
1242 2030 1407 2095 modestia
1435 2030 1542 2113 ipsius

317 2138 464 2203 moribus
489 2139 709 2222 imputaretur.
743 2134 857 2223 ltaque
879 2136 967 2200 titulo
990 2137 1145 2223 imaginis
1170 2139 1240 2202 eius
1265 2137 1451 2225 speciosius
1474 2157 1544 2199 non
1554 2146 1578 2187 ¹⁵

318 2256 450 2333 recepta
473 2244 632 2309 dictatura
656 2264 755 2330 quam
779 2242 918 2307 aliorum
942 2255 1040 2330 gesta
1061 2243 1182 2307 ascribi
1204 2255 1322 2329 potest.

275 2339 325 2433 30,
352 2386 363 2396 -
405 2352 476 2417 Nos
500 2362 608 2427 autem
625 2350 668 2414 ad
688 2350 893 2435 praeclarum
909 2349 1128 2413 uerecundiae
1145 2372 1228 2434 opus
1246 2350 1541 2437 transgrediamur.

317 2460 443 2546 Magna
466 2470 539 2523 eum
562 2458 688 2522 inuidia
709 2458 840 2523 fortuna
863 2458 1034 2543 praetoriis
1058 2458 1198 2521 comitiis
1219 2457 1369 2521 Afiicaui
1392 2458 1543 2542 superio·

316 2568 362 2629 ris
387 2565 486 2629 lilium
512 2566 571 2631 Cn.
597 2566 786 2650 Scipionem
810 2577 842 2627 et
864 2565 1008 2629 scribam
1033 2565 1214 2628 Cicereium
1237 2565 1272 2627 iu
1300 2586 1455 2649 campum
1483 2564 1542 2626 de·

317 2671 464 2745 1111111111,
487 2683 585 2757 utque
609 2671 706 2736 nimis
730 2672 881 2756 inpotens
914 2692 1065 2735 sermone
1094 2671 1187 2759 uulgi
1214 2672 1418 2757 carpebatur,
1452 2669 1575 2757 quoda

317 2778 397 2840 tanti
424 2779 486 2841 uiri
515 2779 711 2864 sanguinem
741 2778 989 2865 clientelamque
1024 2779 1180 2844 comitiali
1212 2781 1389 2844 certamine
1426 2779 1543 2842 confu-

317 2882 419 2946 derat.
456 2884 606 2948 Ceterum
630 2885 752 2948 crimen
777 2885 846 2947 eius
870 2886 905 2948 in
926 2907 1022 2949 suam
1037 2885 1168 2951 laudem
1184 2885 1352 2949 Cicereius
1369 2886 1540 2948 conuertit.

321 3057 343 3114 1.
362 3064 522 3126 promiscuis
540 3059 637 3128 11114.
654 3063 859 3128 circumspecta]
880 3065 1100 3128 circuminspecta
1115 3080 1159 3132 pr.
1171 3063 1204 3116 A.
1223 3067 1347 3129 inspecta
1361 3062 1388 3116 C.
1403 3061 1416 3131 ΙΙ
1430 3063 1542 3114 nostrae

318 3135 433 3184 ciuitatis
454 3131 530 3184 Torr.
546 3130 558 3203 ΙΙ
573 3128 597 3184 6.
615 3135 747 3184 flantiuius
766 3133 802 3186 E.
822 3135 961 3185 flamineus
981 3133 1013 3188 F.
1027 3136 1040 3204 ΙΙ
1054 3135 1078 3187 1.
1099 3152 1154 3197 qua
1170 3134 1236 3187 ΑΕ.
1259 3139 1303 3201 qui
1323 3133 1386 3187 ΟΒ.
1407 3135 1419 3203 ΙΙ
1438 3131 1539 3197 motus]

317 3219 366 3257 om.
372 3218 417 3272 pr.
426 3202 459 3256 A.
478 3209 537 3256 uate
556 3207 650 3254 senatu
670 3202 855 3258 caradochi.
875 3206 893 3258 1.
905 3207 934 3254 P.
947 3210 1035 3257 motus
1055 3209 1151 3258 senatu
1168 3221 1259 3272 maroc
1276 3206 1308 3258 A.
1323 3205 1376 3276 118.
1394 3208 1413 3259 t.
1430 3206 1541 3254 flaminii

317 3274 380 3328 EF.
406 3278 465 3326 erui.
488 3277 596 3327 flaminii
620 3273 656 3326 D.
672 3274 685 3341 ΙΙ
701 3273 727 3328 9.
751 3278 940 3328 macedonicae
959 3275 990 3328 F.
1003 3277 1016 3345 ΙΙ
1030 3279 1145 3330 uictores
1158 3293 1205 3344 pr.
1223 3277 1255 3329 A.
1267 3276 1280 3344 ΙΙ
1296 3279 1383 3328 omnis
1401 3275 1541 3342 1111111111

225 3413 227 3418 Α
318 3349 432 3398 transire
450 3344 481 3399 F.
502 3344 514 3416 ΙΙ
537 3345 578 3400 11.
599 3347 736 3415 Confregit
760 3375 793 3384 —
818 3345 885 3410 (12.)
909 3349 992 3414 Idem]
1018 3350 1158 3401 Terentius
1182 3351 1325 3399 temerario
1347 3363 1457 3416 pugnae
1478 3363 1541 3395 can·

316 3420 408 3472 nensis
432 3421 558 3487 ingressu
584 3420 722 3470 confracta
739 3435 760 3468 r.
778 3437 806 3483 p.
826 3417 858 3468 F.
876 3414 888 3487 ΙΙ
909 3419 1059 3486 Terentius}
1079 3422 1209 3471 tarentius
1227 3419 1258 3470 F.
1284 3417 1346 3471 add.
1371 3421 1455 3469 Varro
1476 3415 1540 3468 Par.

317 3489 393 3543 Tora.
407 3487 421 3556 ΙΙ
435 3487 475 3542 11.
494 3495 635 3559 ingressus
656 3488 684 3540 G.
697 3487 710 3555 ΙΙ
723 3489 849 3554 deluam]
870 3487 932 3540 add.
952 3491 1003 3540 sibi
1020 3490 1064 3551 (Γ)
1071 3489 1147 3542 Torr.
1162 3491 1174 3559 ΙΙ
1188 3489 1298 3555 populo]
1318 3488 1381 3541 add.
1399 3493 1497 3552 postca
1509 3485 1539 3539 Γ.

326 3562 339 3628 ΙΙ
352 3556 393 3614 13.
413 3562 579 3627 sustinendo]
600 3561 725 3612 sustinuit
742 3577 795 3622 quo
814 3559 842 3612 Γ.
858 3556 870 3628 ΙΙ
887 3558 928 3612 14.
947 3562 1079 3627 efficitque
1098 3560 1131 3614 Ε.
1144 3562 1247 3630 liceras
1265 3575 1336 3613 corr.
1354 3559 1392 3611 D.
1406 3559 1418 3622 ΙΙ
1438 3564 1467 3610 et
1484 3575 1541 3608 mo·

316 3634 403 3682 desita
421 3631 482 3701 1111
497 3633 537 3686 t5.
555 3633 728 3696 imputaretur
744 3629 776 3684 A.
789 3631 802 3698 ll
817 3629 857 3684 ltt.
877 3634 957 3682 scribi
978 3631 1006 3684 F.
1019 3632 1032 3699 ΙΙ
1053 3631 1094 3684 11.
1114 3635 1170 3683 Nos
1188 3660 1224 3670 -
1242 3633 1473 3700 transgrediamur
1490 3645 1541 3679 ora.

315 3700 343 3752 Γ.
359 3701 371 3766 ΙΙ
386 3706 485 3768 alutem]
506 3706 574 3754 onim
593 3701 621 3753 F.
635 3700 873 3768 iltrartsgrediatur
887 3719 931 3770 pr.
949 3701 980 3756 A.
994 3703 1007 3770 ΙΙ
1029 3701 1068 3756 111.
1087 3720 1229 3769 cyccrcurn
1247 3699 1286 3757 D.
1310 3705 1427 3754 citerium
1446 3699 1481 3751 Ε.
1505 3704 1541 3748 ci·

315 3787 421 3822 cereum
441 3772 469 3823 F.
488 3778 515 3824 C.
536 3776 672 3822 Cicereum
691 3788 747 3822 eam
765 3773 882 3840 appellat
898 3773 961 3826 Par.
974 3772 1042 3841 1122.
1061 3778 1086 3824 in
1106 3775 1314 3840 suamlaudem]
1330 3779 1392 3841 port
1405 3774 1541 3823 Cicereius

316 3839 342 3892 F.
358 3837 370 3909 ll
385 3845 511 3894 eitherins
531 3842 564 3895 Ε.
584 3845 702 3892 cicerone
722 3840 749 3894 F.

387 3998 460 4056 Quae
478 3998 581 4067 quidem
600 4000 781 4062 caussinum)
801 4004 839 4054 Cf.
860 4005 927 4052 Piut.
946 4006 1004 4057 Cat.
1023 4007 1086 4057 urai.
1108 4004 1148 4058 11.
1167 4008 1201 4058 id.
1221 4006 1334 4057 Flamin.
1354 4002 1396 4058 111.

387 4086 403 4119 o
422 4067 460 4122 M.
480 4067 576 4122 Catone
594 4101 628 4108 —
646 4075 737 4122 serrata
755 4075 905 4129 1111111101.
924 4074 956 4130 n.
975 4069 1001 4128 11,
1020 4069 1046 4125 3.

386 4139 411 4193 2.
431 4139 544 4191 delatam
569 4140 601 4192 od
624 4141 747 4192 autumo
764 4149 856 4194 senatu
882 4148 908 4194 ct
918 4143 1018 4209 populo
1037 4141 1206 4203 dictaturam)
1231 4149 1397 4198 Dictaturam
1415 4145 1541 4196 Terentio

317 4214 434 4263 oblatam
453 4215 480 4263 et
498 4215 533 4261 ab
552 4228 584 4263 eo
604 4217 756 4263 recusatam
775 4229 838 4264 esse
851 4216 939 4264 nullus
952 4218 1071 4266 neternm
1086 4221 1242 4282 scripturum
1262 4221 1408 4270 memoriae
1425 4219 1542 4282 prodidit

316 4288 423 4350 praeter
442 4285 576 4334 Valerium
595 4284 724 4334 hocloco
743 4287 770 4334 ct
788 4286 836 4344 111,
856 4281 887 4343 4,
906 4282 932 4343 4.
952 4290 1021 4349 quod
1040 4303 1104 4338 num
1121 4305 1186 4340 uere
1205 4292 1324 4341 retulerit
1341 4288 1421 4339 ualde
1440 4289 1539 4343 diabilo.

315 4359 379 4420 quia
397 4357 501 4406 Liuium
520 4358 547 4406 id
566 4369 651 4420 nequo
670 4357 813 4422 ignorasse
833 4358 959 4406 credibile
977 4364 1027 4416 est.
1046 4375 1142 4425 neque,
1161 4365 1186 4410 si
1206 4364 1370 4425 compertum
1389 4362 1540 4414 habuisset.

316 4429 422 4478 silentio
440 4428 644 4492 praeteriturum
664 4427 758 4484 sitisse,
778 4443 836 4477 curn
856 4425 1005 4488 1111111,
1027 4427 1060 4481 14
1078 4436 1105 4480 et
1123 4433 1209 4489 XXV.
1228 4429 1259 4489 6.
1283 4429 1298 4481 1
1318 4435 1541 4482 commemoraret

315 4501 433 4550 honores
451 4502 513 4564 post
531 4499 623 4566 largam
642 4499 809 4548 Cannensem
828 4501 931 4548 auctori
949 4502 1008 4549 cius
1027 4518 1045 4550 a
1061 4508 1158 4552 senatu
1182 4504 1335 4567 populoque
1353 4504 1473 4552 Romano
1492 4503 1542 4549 ha·

315 4573 394 4630 bitos,
413 4573 481 4621 iuter
500 4585 566 4636 quos
590 4572 649 4620 crat
670 4569 809 4632 imperium
832 4572 859 4620 in
884 4586 979 4622 omnes
1004 4587 1091 4622 anuos
1112 4577 1303 4641 prorogatum,
1332 4575 1403 4639 quod
1421 4574 1541 4624 tortasse

315 4655 374 4691 curn
394 4643 524 4691 dictatura
542 4641 689 4691 contrua-it
706 4641 837 4692 Valerius.

385 4705 411 4762 3.
430 4714 469 4763 Gi.
488 4708 656 4776 1111115,
676 4710 699 4766 1.
