3409 5400
408 1339 657 1462 inuenit
689 1343 992 1466 AVO'itiitiS
1023 1349 1209 1467 trent

542 1555 606 1628 DE
633 1557 1024 1636 PRAENOMINIBVS

541 1679 606 1752 DE
633 1679 898 1756 NOMINIBVS

540 1802 605 1876 ΒΕ
633 1804 994 1882 COGNOMINIBVS

543 1929 607 2002 DE
635 1929 968 2006 AGNOMINIBVS

541 2051 605 2124 ΒΕ
632 2053 1075 2131 APPELLATIONIBVS

541 2172 605 2248 ΒΕ
631 2177 801 2252 VERBIS

344 2350 417 2452 nu
452 2352 799 2454 neironem
834 2357 1185 2462 snnAorvs
1221 2362 1266 2461 A

522 2567 740 2703 IVLIO
780 2572 1095 2705 PARIDE.

160 2944 187 2990 ro
576 2922 636 2989 ΒΕ
660 2920 1037 2990 PRAENOMINIBVS.

195 3072 315 3167 Varro
344 3100 508 3188 simplicia
535 3104 570 3167 in
598 3098 692 3169 Italia
718 3102 824 3169 fuisse
858 3104 993 3168 nemina
1026 3106 1071 3169 ait
1103 3104 1419 3193 existimationisque
1431 3102 1460 3167 l.

198 3229 275 3273 suae
299 3217 526 3296 argumentum
549 3210 662 3284 refert,
690 3209 778 3296 quod
800 3208 960 3273 Romulus
985 3220 1017 3273 et
1038 3211 1163 3275 Remus
1187 3221 1220 3273 et
1241 3209 1419 3275 Faustulus

199 3336 301 3401 neque
325 3335 526 3398 praenomen
550 3314 649 3379 ullum
672 3334 777 3399 neque
793 3334 979 3399 cognomen
995 3314 1176 3381 habuerint.
1223 3313 1290 3394 Qui
1312 3315 1354 3381 ab
1378 3337 1418 3379 eo

199 3420 392 3485 dissentiunt
415 3420 506 3484 aiunt
528 3430 666 3483 matrem
690 3440 801 3483 eorum
824 3417 955 3485 Rheam
970 3420 1109 3485 Siluiam
1131 3430 1294 3495 uocatam,
1319 3442 1418 3486 auum

165 3548 189 3592 re
200 3526 333 3593 Siluium
349 3524 563 3601 Numitorem,
586 3526 719 3589 fratrem
742 3524 811 3587 eius
828 3522 996 3591 Amulium
1012 3524 1151 3593 Siluium
1174 3548 1214 3591 ae
1229 3527 1417 3612 superiores

202 3664 299 3722 1.-9.
323 3683 372 3721 em.
391 3663 516 3721 Anser.
533 3666 546 3736 ΙΙ
567 3665 607 3723 10.
625 3668 707 3719 Liber
725 3667 842 3718 decimus
867 3670 901 3719 rie
921 3668 1094 3731 praenomine
1112 3667 1177 3721 ΑΒ.
1200 3668 1246 3719 ΒΕ
1265 3668 1416 3721 PRAENO-

200 3742 286 3879 ptethp}t
302 3737 382 3864 {gp
394 3738 406 3808 ΙΙ
422 3736 463 3793 1³.
482 3741 633 3791 habuerunt
656 3736 734 3790 Torr.
751 3734 764 3805 ΙΙ
783 3734 822 3792 15.
841 3739 999 3790 nemitorem
1020 3753 1065 3806 pr.
1082 3737 1114 3792 A.
1131 3738 1146 3807 ΙΙ
1157 3740 1281 3792 Anneium
1303 3737 1381 3793 Torr.
1392 3736 1406 3807 ΙΙ

268 3933 291 3987 i.
320 3932 406 3987 Varro
423 3926 570 4003 'simplicior
592 3937 676 3987 credo
697 3936 842 3987 Varronem
861 3936 914 3985 trae
937 3936 971 3986 de
994 3950 1024 3986 re
1048 3935 1141 4003 egisse
1165 3936 1193 3987 in
1216 3936 1418 4003 antiquitetibus

201 4010 244 4057 sut
261 4008 286 4057 tn
305 4008 387 4067 iibre,
412 4022 490 4073 quem
514 4008 688 4071 inscripserat
711 4009 753 4057 ‘de
777 4006 833 4057 uita
856 4008 947 4072 popuii
971 4006 1099 4058 Romani.
1135 4008 1202 4058 Item
1225 4008 1366 4074 Appianas
1390 4009 1418 4059 in

201 4078 281 4142 praef.
301 4078 364 4130 hist.
386 4074 417 4130 13
436 4078 508 4129 initio
528 4081 630 4129 onteom
649 4078 776 4129 tiemonis
794 4092 892 4129 nomen
912 4078 1005 4136 tuisse,
1024 4092 1086 4129 mox
1105 4079 1232 4140 atterum,
1253 4081 1348 4132 deinde
1366 4083 1418 4130 ter·

202 4150 260 4199 tium
280 4150 434 4201 seemsisse
452 4151 581 4214 opinatur.

266 4216 397 4271 Amulium
425 4218 547 4281 Siluium)
580 4222 705 4289 Pighius,
735 4236 814 4283 quern
838 4222 977 4273 socordius
1000 4223 1162 4273 recentiores
1185 4220 1354 4289 grommsttst
1373 4232 1416 4269 se·

202 4295 323 4353 quuntur,
353 4306 387 4341 ex
411 4294 509 4343 ‘uetere
539 4292 639 4342 eediee'
666 4287 785 4343 Amalune
812 4293 894 4343 edidit
917 4294 1010 4343 eontra
1040 4292 1158 4350 Paridis,
1193 4292 1252 4342 iibri
1274 4288 1417 4348 Danieiini,

203 4362 265 4413 Liuii
283 4362 316 4426 (1,
334 4357 383 4426 u),
403 4363 490 4412 Ouidii
507 4362 581 4429 (test
601 4362 649 4421 tlt,
667 4358 703 4414 49
722 4364 749 4415 ei
766 4360 809 4421 (Β,
834 4364 942 4415 metam.
967 4364 1050 4421 Xiiii,
1075 4358 1148 4423 ΠΕ).
1174 4361 1286 4412 aliorum
1305 4359 1418 4410 auetori-

203 4435 288 4490 tateru.
307 4447 340 4483 eo
360 4433 502 4500 deeeptus,
520 4435 590 4497 qued
609 4436 783 4499 praenomine
806 4438 834 4485 ut
851 4434 945 4494 Attus,
965 4434 1063 4491 Anius,
1082 4432 1190 4489 Tutius,
1215 4431 1317 4481 Hostus
1336 4429 1418 4498 netgo

204 4505 227 4553 tn
244 4516 274 4554 rrr
291 4504 396 4561 exeunt,
415 4520 467 4557 nen
491 4506 518 4555 tn
536 4504 584 4559 iar.
623 4506 724 4556 Eadem
748 4507 782 4556 de
806 4521 891 4556 eausa
913 4508 1011 4571 postea
1035 4504 1138 4554 Numae
1161 4502 1264 4565 patrem
1289 4502 1419 4563 Pompnrn

204 4574 355 4637 Pompilium
374 4578 501 4639 apperiat,
519 4594 572 4629 non
591 4576 738 4641 Pompimn.
774 4576 871 4627 Notetu
890 4578 980 4627 tamen
1000 4576 1111 4643 dignum
1129 4573 1248 4623 redicem
1260 4572 1418 4623 Vaticanum

205 4659 302 4711 queque
321 4644 457 4698 Ciceronis
480 4650 513 4699 de
532 4663 587 4715 rep.
607 4648 644 4708 n,
663 4642 695 4715 2,
717 4644 734 4700 4
753 4662 770 4699 a
788 4650 875 4713 prims
893 4662 972 4698 mann
991 4642 1083 4695 Ateste
1107 4644 1249 4703 exhibere,
1274 4644 1342 4709 qnod
1361 4656 1418 4692 mn·

204 4720 281 4767 tntum
301 4716 343 4768 est
360 4716 386 4767 in
404 4716 517 4773 amoto.
