3409 5400
271 480 338 550 teo
359 477 553 543 INFAMES
565 474 641 541 nul
653 470 821 555 QVIBVS
834 472 895 538 DE
909 468 1069 538 CAVSIS
1080 464 1304 534 ABSOLVTI
1316 464 1435 531 ΕΤΟ.

272 639 453 705 morderim
486 636 626 701 tribuum
662 635 833 721 suffragiis
864 634 1040 697 dermnatus
1070 641 1175 705 esset,
1212 626 1462 713 proclamauit
1499 648 1544 689 se

271 748 479 813 innocentem
502 742 653 827 opprimi.
705 742 765 804 Cui
789 739 942 804 Valerius
973 760 1092 825 aeque*
1107 737 1197 801 clere
1224 754 1307 798 nece
1332 732 1543 818 respondit

273 852 356 917 nihil
377 872 441 915 sua
462 851 622 914 iuteresse
644 862 811 911 nocensne
835 868 878 912 an
894 846 1046 911 innoxius
1069 846 1198 930 periret,
1222 840 1420 905 dummodo
1450 860 1539 924 per·

273 961 343 1024 iret.
403 956 478 1037 Qua
511 955 667 1019 uiolentia
700 955 776 1018 dicti
810 953 956 1039 reliquas
991 950 1093 1015 tribus
1113 949 1323 1027 aduersario
1357 946 1536 1009 donauit.

275 1066 451 1130 Abieccrat
471 1063 650 1135 inimicum.
675 1061 831 1135 eundem.
861 1060 938 1123 dum
962 1080 1021 1144 pro
1045 1066 1133 1121 certo
1156 1053 1423 1143 pessumdatum
1453 1074 1556 1117 cre-r

277 1172 367 1243 didit,
390 1171 492 1234 erexit
512 1170 749 1253 uictoriamque
770 1169 805 1231 iu
827 1169 903 1253 ipsa
925 1166 1062 1229 uictoria
1083 1162 1232 1250 perdidit.

235 1275 266 1339 8.
367 1276 485 1339 Gaium
502 1277 600 1339 etiam
617 1274 816 1339 Cosconium
832 1270 976 1336 Seruilia
990 1270 1064 1357 lege
1086 1291 1189 1344 reum,
1212 1278 1349 1355 propter
1363 1266 1532 1352 plurima

279 1394 311 1447 ct
332 1382 578 1445 euidentissima
599 1381 749 1444 facinora
771 1380 843 1443 sinc
866 1377 932 1442 ulla
954 1377 1153 1441 dubitatione
1176 1386 1368 1446 nocentem,
1396 1370 1531 1436 Valeri

278 1489 445 1553 Valentini
468 1488 671 1552 accusatoris
695 1488 767 1549 cius
782 1486 953 1549 recitatum
969 1486 1004 1547 iu
1018 1483 1140 1547 iudicio
1165 1502 1308 1555 carmen,
1333 1502 1407 1567 quo
1437 1502 1529 1566 pue·

278 1618 351 1661 rum
374 1606 609 1681 praetextatum
632 1608 664 1655 ct
684 1594 862 1677 ingenuam
886 1592 1050 1677 uirginem
1073 1611 1095 1653 a
1116 1610 1153 1653 se
1169 1598 1357 1672 corruptam
1374 1589 1560 1673 poeticen

279 1704 353 1767 ioco
377 1701 632 1786 significamur,
657 1699 765 1762 erexit.
817 1696 986 1783 Siquidem
1018 1695 1143 1760 iudices
1172 1696 1319 1780 iniquum
1342 1695 1414 1757 rati
1441 1704 1528 1756 suut

281 1828 357 1870 cum
382 1808 538 1867 uictorem
561 1803 730 1873 dimittere.
754 1804 809 1887 qui
836 1802 977 1887 palmam
1001 1824 1066 1867 non
1089 1822 1132 1865 ex
1154 1799 1219 1864 alio
1247 1800 1349 1871 ferre.
1380 1798 1452 1863 sed
1479 1798 1524 1861 de

283 1934 320 1973 se
343 1910 421 1972 dare
444 1909 639 1974 merebatur.
686 1908 795 1994 Magis
812 1930 891 1972 uero
908 1908 1061 1973 Valerius
1076 1910 1110 1972 iu
1127 1906 1281 1971 Cosconii
1298 1904 1524 1969 absolutione

283 2016 456 2079 damnatus
480 2036 578 2101 quam
602 2015 786 2081 Cosconius
810 2016 844 2079 iu
869 2038 931 2079 sua
954 2036 1058 2079 eausa
1079 2013 1234 2077 liberatus
1258 2022 1318 2077 est.

287 2156 310 2208 1.
328 2158 442 2208 triduum
463 2154 559 2224 0112.
583 2158 722 2207 innocente
741 2158 855 2221 apprimi
872 2154 900 2208 F.
917 2155 931 2221 ΙΙ
947 2152 972 2209 3.
991 2171 1091 2207 nocens
1112 2158 1138 2206 te
1161 2152 1193 2207 F.
1210 2152 1224 2223 ΙΙ
1240 2156 1248 2204 i
1271 2154 1367 2204 noxius
1387 2149 1419 2205 C.
1440 2154 1520 2204 innu-

284 2243 350 2278 cnus
368 2226 403 2282 E.
422 2231 549 2280 innocens
567 2226 599 2280 F.
611 2228 625 2296 ll
637 2230 777 2279 dummodo
796 2229 895 2292 periret
913 2242 961 2279 em.
980 2225 1012 2279 F.
1025 2224 1075 2292 1Ιᾶ
1093 2226 1221 2289 reliquiae
1239 2170 1332 2291 15115.
1351 2225 1519 2275 abiecerunt

286 2299 341 2367 Cli
354 2298 377 2351 l.
397 2302 549 2349 coceeniem
587 2314 610 2351 r.
628 2296 660 2349 A.
683 2300 849 2350 eumenium
870 2294 897 2351 C.
922 2300 1057 2348 cesoninm
1077 2293 1134 2365 Fili
1146 2292 1171 2349 Β.
1184 2300 1272 2348 etum.
1284 2292 1342 2363 ΕΗ
1354 2296 1516 2361 nocentem]

284 2372 473 2423 necessitatem
492 2368 524 2423 F.
535 2370 549 2436 11
564 2314 604 2420 ll.
623 2368 718 2435 erexit]
738 2367 766 2419 in
784 2383 881 2419 rasura
898 2367 931 2419 A.
950 2372 1066 2421 correxit
1085 2364 1238 2419 CDEFI'.
1251 2364 1270 2435 ss·
1281 2362 1323 2421 13.
1341 2365 1424 2434 uero]
1446 2382 1516 2434 erge

284 2440 310 2493 F
312 2440 337 2493 Γ
353 2447 378 2492 el
395 2456 465 2494 corr.
483 2441 517 2495 A.
539 2438 616 2493 icrr.
630 2438 643 2508 ΙΙ
660 2437 699 2492 ll.
719 2454 803 2489 caiisa
822 2455 873 2489 sua
893 2437 970 2491 Tere.

285 2582 345 2616 cam
365 2567 456 2622 Aldus.
476 2566 598 2633 Pighius.
616 2566 726 2614 coleres
746 2566 893 2615 edidissent
911 2560 1006 2618 aedile,
1025 2564 1165 2627 quotlipse
1183 2576 1288 2629 queque
1307 2562 1513 2625 praetulissem.

287 2637 469 2685 confirmatum
489 2637 580 2684 codice
598 2636 726 2684 Beruensi
745 2640 773 2685 et
791 2637 820 2687 1¹.
832 2636 920 2685 Rutilii
934 2636 1114 2700 Varronisque
1133 2634 1291 2683 auctoritate
1304 2635 1389 2695 (apud
1403 2634 1514 2683 Charis.

287 2708 307 2761 l.
326 2723 352 2769 p.
371 2703 405 2757 69
425 2707 499 2757 Lind.
519 2709 552 2757 ct'.
570 2706 695 2755 Schneid.
708 2721 821 2774 gramm.
834 2707 865 2764 ΙΙ,
882 2707 904 2763 Ι,
923 2723 949 2770 p.
961 2704 1034 2770 nit).
1054 2708 1106 2755 nisi
1125 2707 1240 2755 omnium
1259 2705 1370 2755 alterius
1390 2705 1512 2754 familiae

287 2778 412 2833 librorum
431 2781 458 2825 et
471 2777 572 2826 Paridis
582 2789 731 2826 consensus
749 2780 885 2842 peculiare
905 2779 997 2840 optimi
1015 2777 1086 2827 iltius
1110 2777 1210 2826 codicis
1230 2777 1353 2827 menium
1372 2781 1511 2844 argueret.

287 2848 380 2908 Neque
399 2848 496 2896 desunt
512 2848 637 2908 exempla
655 2849 725 2898 sexti
742 2862 826 2897 cresus
845 2851 870 2898 in
890 2849 1003 2898 litteram
1022 2847 1033 2899 ι’
1050 2849 1181 2898 exeuntis.
1218 2848 1257 2900 Ci.
1275 2847 1341 2898 Ptin.
1359 2847 1387 2895 h.
1403 2861 1432 2898 n.
1453 2847 1509 2905 vn.

287 2913 331 2974 48.
354 2913 411 2968 158.
431 2917 495 2967 'lae
514 2931 575 2966 auu.
594 2917 654 2973 xli.
672 2915 715 2968 til.

359 2986 384 3037 8.
417 2983 508 3036 Valeri
541 2983 683 3048 Valentini)
710 2990 844 3039 Valerium
870 2991 1009 3040 Valentem
1039 2991 1109 3040 liene
1137 2992 1246 3054 pectem
1277 2988 1396 3053 appellnt
1420 2989 1508 3039 Paris.

287 3058 401 3111 Vitiose;
421 3059 540 3106 codicum
559 3060 628 3107 euim
638 3063 788 3109 nostrorum
802 3062 933 3124 scriptura
946 3063 1018 3111 Festi
1031 3061 1139 3111 schedis
1157 3062 1353 3124 comprobatur.
1364 3060 1391 3108 in
1409 3060 1508 3124 quibus

287 3131 325 3191 (p.
344 3124 397 3179 363
418 3129 505 3190 Meli.)
528 3130 597 3178 haec
621 3131 757 3198 leguntur.
783 3129 930 3198 Tappulam
953 3129 1033 3197 lepern
1057 3129 1217 3181 carduetum
1233 3129 1301 3198 state
1323 3128 1426 3180 mine
1449 3145 1508 3180 een·

286 3197 396 3265 scripsit
412 3197 500 3249 iocum
519 3198 634 3250 carniae
657 3197 777 3251 Valeriae
799 3199 958 3260 Valentinus.
978 3201 1056 3257 cuiue,
1069 3217 1102 3253 m.
1115 3199 1236 3252 Iacilim
1252 3199 1301 3251 lec
1317 3197 1407 3252 mede:
1427 3199 1507 3267 ‘Tup-

282 3267 376 3336 palen
394 3267 482 3320 rident
498 3268 578 3335 lencm
595 3285 704 3322 concere
721 3271 823 3338 epimi'.
849 3275 875 3323 in
894 3276 990 3336 uiribus
1009 3274 1176 3324 scribendum
1201 3274 1306 3322 uidetur
1325 3268 1463 3338 Tapullun
1479 3276 1506 3322 cl

288 3355 431 3407 conemur
448 3340 547 3409 opimi.
584 3343 622 3393 ci
634 3343 719 3391 Lucii.
732 3345 828 3410 fragm.
841 3346 891 3392 ine.
904 3340 939 3395 le
957 3361 1001 3408 ap.
1014 3346 1142 3396 Densum.
1179 3344 1265 3409 Atque
1284 3344 1400 3392 tortasse
1417 3343 1504 3407 ipsum

287 3414 339 3461 hec
358 3428 465 3463 carmen
484 3414 622 3464 reclinium
640 3417 700 3463 erut
717 3414 744 3463 in
762 3415 884 3464 Cosconii
903 3416 1007 3472 iudicio,
1026 3429 1104 3477 quem
1119 3417 1243 3478 suspicer
1258 3414 1344 3463 tirisee
1356 3417 1504 3476 praetorem

287 3484 369 3539 ilium,
388 3485 433 3544 qui
452 3498 522 3534 anno
541 3480 595 3535 ent
612 3501 638 3537 a.
658 3500 682 3535 u.
702 3500 724 3536 c.
761 3484 900 3536 Samnitas
923 3487 982 3536 acie
1001 3489 1065 3536 uicit
1082 3489 1109 3536 et
1127 3487 1240 3535 Marium
1260 3485 1409 3552 Egnatium.
1432 3486 1504 3534 uobi-

286 3553 417 3602 tissimum
438 3555 552 3604 hostium
571 3556 665 3605 ducem
683 3557 786 3605 occidit.
822 3558 861 3609 ct.
881 3556 939 3606 Liu.
958 3559 1021 3622 epit.
1041 3557 1099 3606 libr.
1117 3557 1226 3606 LXXV.
1258 3556 1335 3606 Diod.
1354 3569 1409 3606 exc.
1429 3556 1503 3606 Phet.

287 3623 424 3682 xxxvii.
445 3623 468 3682 i.
488 3641 512 3688 p.
531 3621 591 3679 539.
627 3627 731 3694 Legem
750 3626 889 3677 Seruiliam
914 3643 972 3678 cum
991 3627 1119 3679 Ter-renio
1145 3629 1216 3678 ittam
1235 3627 1355 3694 intellegi
1373 3627 1501 3684 existimo.

288 3709 367 3759 quam
386 3697 483 3745 tulerat
501 3698 534 3746 de
551 3699 705 3760 repetundis
724 3699 751 3748 C.
771 3697 900 3747 Seruilius
920 3699 1031 3750 Glaucia
1049 3715 1073 3751 a.
1094 3715 1118 3750 u.
1138 3715 1160 3751 c.
1179 3693 1241 3751 854.

290 3829 304 3845 .
358 3765 450 3820 creuit)
473 3768 597 3817 Meuium
622 3770 762 3834 archetypi
779 3770 879 3818 codicis
898 3773 1012 3834 apparel
1033 3775 1119 3820 ortnm
1138 3783 1202 3820 esse
1220 3770 1332 3818 contuso
1350 3771 1501 3832 conpendio

287 3851 311 3890 c.
332 3839 399 3900 quod
419 3838 553 3904 significat
571 3852 627 3896 con.
646 3855 706 3889 cum
724 3841 922 3903 praepositione
941 3855 967 3896 e.
987 3857 1057 3904 quac
1075 3843 1186 3906 saepius
1205 3857 1222 3890 a
1240 3841 1355 3890 librariis
1373 3844 1500 3903 permuta·

287 3908 390 3956 bantur.
428 3908 494 3957 Vide
518 3923 588 3970 quae
611 3911 798 3961 adnotauimes
821 3913 855 3959 ad
881 3911 917 3968 V.
946 3909 990 3968 10.
1014 3906 1039 3963 3.
1082 3913 1174 3977 Neque
1200 3914 1271 3962 certe
1295 3911 1438 3960 audiendus
1459 3915 1501 3962 est

287 3976 439 4033 Turranius.
458 3979 512 4038 qni,
532 3981 600 4043 qued
619 3984 729 4031 uerbum
748 3983 917 4044 praecedenti
936 3984 1059 4046 exemplo
1079 3985 1131 4032 iam
1150 3985 1265 4046 positum
1279 3983 1330 4031 hoc
1349 3983 1498 4032 loceminus

286 4048 424 4096 commode
443 4050 471 4097 et
483 4049 621 4116 eleganter
633 4055 717 4115 rcpcti
730 4055 871 4109 uideretur.
887 4051 1005 4120 preterit
1021 4056 1162 4121 legentium
1177 4069 1240 4104 esse
1258 4054 1368 4104 censrrlt.
1402 4052 1496 4103 Retinei

285 4119 366 4184 igitur
383 4120 451 4183 qued
471 4121 626 4182 temptatum
645 4139 663 4170 a
681 4129 830 4174 correctore
850 4125 908 4174 libri
921 4127 1065 4175 tiernensis
1078 4126 1179 4190 primus
1198 4125 1298 4188 recepit
1310 4124 1423 4191 Pighius,
1440 4139 1493 4174 urm

285 4194 347 4238 ante
366 4205 425 4238 cum
445 4191 600 4254 plerumque
620 4194 831 4245 circumferretur
849 4193 969 4246 contenit.

355 4258 446 4326 Mapir
461 4275 526 4311 aere
551 4259 680 4321 Valeriae)
706 4267 842 4315 Rcuocaui
860 4267 988 4317 bonomm
1012 4269 1137 4317 librorum
1156 4269 1315 4332 scripturam
1334 4263 1421 4332 Maeli
1436 4281 1493 4317 uero

284 4345 333 4391 pro
346 4345 387 4390 co„
407 4333 475 4397 quod
491 4334 570 4400 irrrlge
583 4335 713 4386 edebatur
723 4333 814 4402 llapie
825 4349 896 4402 erpo.
933 4337 1072 4388 Sententia
1089 4340 1158 4389 hacc
1171 4343 1221 4398 est,
1240 4337 1395 4394 Cosconius.
1412 4353 1494 4402 quam·

284 4413 364 4478 eoam
388 4405 483 4470 effugit
507 4406 718 4464 damnationem,
746 4412 837 4457 lamen
859 4411 964 4471 proprie
988 4410 1128 4459 absolutae
1153 4423 1218 4460 esse
1241 4408 1292 4459 dici
1316 4409 1416 4473 nequit,
1436 4411 1492 4470 quia

284 4469 387 4520 radices
405 4476 495 4540 magis
514 4478 680 4526 accusatoris
698 4477 778 4541 culpa
801 4493 881 4543 qrtam
904 4481 943 4529 rei
969 4481 1118 4530 innocentia
1141 4483 1265 4532 commoti
1290 4483 1378 4536 emat,
1403 4483 1428 4527 ut
1446 4481 1489 4543 ipsi

284 4541 442 4598 supplicium
455 4546 626 4598 remitterent
664 4553 739 4608 Quae
758 4550 891 4598 sententia
910 4563 943 4598 ex
956 4553 1072 4600 aucturis
1085 4565 1159 4602 more
1178 4567 1237 4602 cum
1251 4551 1378 4601 antithesi
1390 4550 1489 4611 qualum
1585 4559 1586 4634 i

282 4612 459 4671 pronuntiata,
479 4631 533 4676 qua
545 4619 703 4667 Cosconium
721 4622 848 4669 nontam
868 4620 1019 4669 absolutum
1032 4637 1112 4687 quam
1125 4623 1260 4676 Valerium
1273 4623 1422 4678 damnatum
1437 4635 1487 4674 ⁰⁰¹¹·

282 4668 374 4735 tendit,
393 4685 465 4733 recte
483 4687 655 4737 aduersatiua
673 4690 807 4750 particula
822 4703 886 4739 uero
904 4693 1059 4744 annectitur.
