3409 5400
499 538 580 608 LlB.
604 539 662 618 IX,
687 544 723 608 (l.
748 545 778 618 11,
802 553 830 620 §.
860 548 934 611 1-
947 547 982 614 (1.
1004 551 1055 622 10.
1077 560 1106 628 ς.
1134 556 1163 619 1.
1378 557 1441 622 711

212 714 259 758 ne
283 695 317 760 id
340 699 449 783 ipsum
472 700 655 784 inpunitum
680 704 730 768 sit.
777 703 901 790 Accipe
925 727 978 770 me
1001 709 1058 771 sati
1081 711 1126 774 tui
1150 715 1321 778 comitem'.
1378 718 1441 781 Su·

212 821 341 887 perque
370 807 520 868 exartime
550 827 670 892 corpus
699 809 769 872 eius
799 810 911 896 iugulo
936 835 997 875 suo
1027 813 1174 900 gladipm
1205 817 1322 902 capulo
1347 832 1441 885 tenus

212 906 350 970 demisit
379 931 417 973 ac
446 901 603 997 permixto
633 915 801 1000 utriusque
830 917 994 1003 sanguino
1022 918 1141 1004 duplex
1169 922 1302 988 uictima
1331 925 1439 1001 iacuit,

109 1065 111 1106 3
212 1012 346 1097 pietatis
370 1013 462 1092 baec,
487 1019 606 1082 erroris
631 1019 695 1084 illa.

181 1138 196 1181 s
307 1119 456 1186 Ceterum
480 1123 566 1188 salsa
589 1126 734 1211 opinatio
758 1128 872 1192 nescio
896 1151 939 1191 an
962 1133 1173 1215 praecipuam
1190 1133 1341 1198 iniuriam
1357 1133 1478 1201 Lar-3.

107 1287 111 1326 f
212 1227 255 1290 tis
281 1225 440 1302 Tolumni.
464 1229 648 1296 Veientium
671 1234 770 1319 regis,
795 1234 967 1318 penatibus
991 1235 1142 1301 intulerit.
1195 1237 1281 1304 Nam
1306 1261 1381 1305 cum
1403 1243 1439 1307 iu

106 1381 108 1412 ὲ
211 1344 413 1397 tesserarum
437 1357 595 1421 prospero
619 1339 705 1401 iactu
729 1359 786 1424 pcc
809 1342 917 1404 iocum
946 1339 1100 1406 coliusori
1123 1342 1261 1408 dixisset
1283 1343 1436 1422 ‘Occide'‚

106 1425 108 1434 ’
212 1447 244 1501 et
268 1439 351 1502 forte
375 1440 600 1506 Romanorum
623 1443 722 1531 legati
745 1447 1014 1521 intumuissent,
1043 1447 1198 1514 satellites
1228 1451 1298 1516 eius
1326 1472 1437 1516 errore

210 1545 305 1608 uocis
330 1545 463 1631 inpulsi,
488 1549 712 1613 interficiendo
742 1549 871 1637 legatos
901 1552 1008 1618 lusum
1039 1554 1079 1620 ad
1104 1557 1266 1641 inperium
1294 1567 1437 1623 transtu·

169 1659 199 1704 1⁰
208 1649 325 1717 lerunt.

569 2341 573 2347 ·
674 2305 734 2372 Du
760 2305 961 2376 venons.

298 2497 440 2566 Vltionis
471 2511 578 2568 autem
609 2502 885 2590 quemadmodum
909 2525 1019 2568 acres.
1047 2504 1093 2568 ita
1115 2503 1191 2566 iusti
1215 2503 1321 2568 aculei
1344 2514 1429 2579 sunt,
1439 2510 1482 2575 X.

210 2608 265 2691 qui
288 2605 431 2670 lacessiti
456 2609 672 2684 concitantur.
701 2621 872 2693 acceptum
901 2608 1047 2673 dolorem
1078 2629 1219 2693 pensare
1248 2611 1427 2695 cupientes.

210 2712 302 2794 Quos
325 2713 422 2779 latius
447 2714 607 2801 conplecti
629 2737 695 2781 nou
719 2715 850 2781 adtinet.

167 2840 198 2887 rt
297 2818 459 2884 Tribunus
482 2821 587 2908 plebis
610 2820 654 2887 M.
680 2821 812 2887 Flauius
836 2822 880 2887 ad
907 2822 1062 2909 populum
1089 2822 1132 2885 de
1155 2822 1349 2888 Tusculanis
1377 2842 1429 2885 re·
1440 2831 1470 2897 1,

210 2924 291 3001 tulit,
321 2924 409 3013 quod
440 2948 552 2993 eorum
576 2926 712 2993 consilio
738 2926 922 2993 Veliternos
953 2929 1225 3015 Priuernatesque
1254 2927 1430 2995 rebellatos

213 3066 233 3120 i.
253 3072 278 3119 id
297 3084 338 3119 om
359 3066 395 3121 D.
411 3064 463 3133 119.
482 3086 527 3120 cor
540 3084 591 3135 pus
604 3098 638 3108 —-
651 3068 781 3139 gialdium
799 3067 830 3122 A.
843 3069 857 3137 ll
870 3072 964 3135 copulo
983 3063 1082 3137 1).113.
1102 3069 1221 3137 [demisit
1234 3100 1268 3110 —
1281 3070 1428 3141 salnguiue

209 3137 239 3192 A.
254 3140 266 3221 11
281 3140 380 3189 dimisit
401 3136 455 3193 CD
463 3138 493 3191 Γ.
504 3140 518 3208 ΙΙ
549 3136 646 3193 duleis
662 3154 706 3208 pr.
725 3140 757 3193 A.
773 3140 787 3209 ΙΙ
804 3144 982 3205 opinationem
1000 3140 1032 3192 A.
1052 3138 1064 3208 ΙΙ
1083 3141 1160 3193 lastis
1182 3138 1241 3203 (ard
1258 3144 1266 3192 l
1284 3139 1427 3202 inductum.

211 3210 325 3277 relapsae
343 3206 447 3260 litiano
483 3208 569 3260 unctis
591 3215 708 3266 notatae)
729 3210 760 3263 A.
786 3212 866 3263 iorcls
891 3210 958 3265 DE.
976 3211 990 3277 ii
1006 3210 1031 3267 tt.
1056 3212 1198 3279 Tolumnii}
1224 3212 1253 3262 a‘a
1275 3226 1373 3263 rasura
1394 3210 1427 3263 A.

211 3282 287 3331 eolini
305 3282 390 3330 iorum
409 3281 446 3339 (rr
484 3280 563 3329 culini
582 3278 610 3329 a'n
627 3289 736 3333 raserat
755 3278 783 3332 C.
801 3284 872 3330 ionis
890 3280 927 3333 D.
946 3284 1051 3332 columli
1069 3280 1105 3333 E.
1127 3282 1242 3331 ioromnl
1259 3278 1291 3333 Γ.
1305 3280 1318 3351 ΙΙ
1333 3284 1427 3332 Vcien-

210 3350 283 3471 11ιιπι5]
304 3348 331 3400 ia
349 3363 446 3400 rasura
463 3346 522 3401 AG.
535 3349 549 3416 ΙΙ
561 3348 585 3401 i.
607 3352 692 3399 occidi
713 3348 772 3400 Por.
784 3351 798 3414 il
812 3346 851 3401 12.
871 3352 960 3401 iniusti
979 3366 1048 3403 corr.
1068 3352 1097 3403 A.
1110 3353 1124 3417 ΙΙ
1142 3348 1183 3401 itt.
1202 3366 1377 3413 compensare
1396 3346 1427 3400 Γ.

220 3420 256 3490 ΙΙΙ
282 3462 286 3471 .
307 3422 332 3485 S.
354 3418 364 3471 l
386 3434 436 3470 cm.
454 3416 485 3470 F.
499 3418 511 3484 ΙΙ
527 3420 562 3470 iil.
583 3419 700 3485 Flauius]
721 3424 780 3469 unte
797 3418 930 3469 Tribunus
950 3422 1036 3483 piebis
1056 3418 1151 3472 DPar.
1169 3424 1196 3469 et
1212 3432 1281 3472 corr.
1295 3418 1327 3479 A.
1348 3416 1426 3471 Torr.

210 3508 242 3545 m.
263 3492 360 3541 ininius
377 3487 412 3542 E.
424 3486 438 3557 ΙΙ
453 3486 493 3542 ib.
513 3490 648 3540 uciiirinos
666 3487 702 3542 D.
715 3488 728 3555 ΙΙ
741 3490 917 3538 rebellaturos
929 3488 1056 3541 ACDE.

278 3609 304 3666 a.
324 3615 362 3667 cr.
381 3615 434 3665 cu.
453 3614 479 3664 n
498 3614 558 3665 snt.
578 3614 624 3669 rx.
643 3610 668 3671 a.
687 3608 713 3663 r.
730 3612 787 3663 ctu.
808 3612 864 3669 un.
888 3608 926 3663 ta.
1607 3567 1609 3676 l

278 3687 313 3739 X.
334 3683 357 3738 1.
377 3686 415 3736 ct.
435 3685 493 3736 Liu.
512 3684 580 3741 Vili.
599 3678 642 3741 ³1.
661 3680 687 3737 8.
1606 3679 1608 3747 i

277 3754 417 3809 retettctca
434 3751 544 3811 dicaret>
566 3756 677 3805 Codices
696 3766 789 3803 omues
809 3768 861 3804 uno
884 3768 932 3804 ore
949 3750 1129 3806 rebellaturos.
1165 3754 1263 3805 Verum
1281 3754 1426 3804 Tusculani

210 3844 260 3879 non
279 3830 347 3895 quod
367 3828 520 3877 rebellaturi
538 3829 615 3876 erant
634 3825 759 3875 Veliterni
778 3824 1014 3886 Priuernatesque,
1039 3826 1088 3874 sed
1111 3826 1181 3887 qtiotl
1203 3838 1294 3875 eorum
1314 3825 1426 3876 consilio

210 3899 306 3949 ballum
326 3900 378 3948 iarn
398 3899 519 3948 iacerent
540 3898 633 3946 contro
650 3895 797 3949 Romanos.
822 3897 1025 3949 nccirsabnntor.
1070 3896 1111 3944 lta
1134 3894 1240 3954 Liuius,
1264 3897 1334 3946 nude
1355 3896 1426 3946 baec

211 3972 357 4033 desumpsit
377 3969 511 4025 Valerios,
537 3982 592 4017 rem
615 3966 751 4029 exponatu
777 3967 801 4013 id
827 3966 878 4015 dici
902 3967 939 4015 rel
962 3968 1074 4015 naturae
1099 3968 1189 4028 aptum
1214 3967 1270 4025 esi.
1293 3967 1318 4015 id
1337 3966 1426 4028 ipsum

211 4042 321 4105 denique
341 4040 417 4091 Paris
436 4040 578 4102 expressit.
604 4037 700 4087 Valerii
719 4037 802 4084 uccbn
820 4036 846 4084 in
866 4037 936 4085 hunc
954 4038 1060 4085 modum
1078 4038 1226 4094 reddendo,
1250 4033 1320 4104 quod
1336 4050 1426 4088 rem

210 4109 316 4162 consilio
339 4108 466 4161 Veliterni
483 4114 509 4159 et
526 4107 695 4161 Priamatrs
710 4102 885 4159 rebellassent.
931 4109 1020 4166 Quare
1044 4108 1132 4156 notius
1157 4109 1247 4156 dubito
1272 4109 1333 4172 quin
1351 4112 1425 4158 recte

212 4185 278 4232 bunc
302 4198 381 4247 qutun
405 4181 589 4230 desideramus
612 4178 770 4227 sententiam
795 4176 913 4227 effecerit
936 4179 1071 4234 vorstius.
1095 4191 1154 4227 cum
1178 4182 1287 4227 auctora
1305 4178 1424 4227 Manutio

210 4255 252 4314 (ad
272 4254 324 4304 Cic.
344 4266 405 4315 cpp.
425 4252 492 4309 vni.
511 4246 540 4315 11)
559 4249 763 4311 astipulantibus
783 4248 905 4297 omuibus
925 4250 1052 4312 deinceps
1074 4250 1218 4298 editoribus
1237 4249 1367 4298 scribcret
1383 4260 1425 4296 rr·

209 4322 315 4374 bellator
332 4322 422 4373 actius
439 4322 552 4371 notione.
589 4320 683 4367 Notum
705 4318 833 4367 ostentm
854 4320 936 4369 minito
954 4322 1046 4377 uerba.
1065 4334 1135 4381 quae
1148 4322 1278 4369 actionem
1292 4318 1425 4366 continent

209 4398 234 4445 ct
252 4396 365 4444 octiuam
392 4392 503 4443 iormam
529 4391 642 4447 babent.
667 4393 701 4437 ab
725 4390 832 4451 optimis
850 4390 937 4440 latini
960 4391 1092 4440 sermonis
1117 4390 1269 4439 auctoribus
1293 4386 1422 4435 interdum

208 4467 317 4529 pessino
340 4464 436 4515 cti'crri.
482 4463 510 4512 in
535 4476 587 4526 quo
614 4474 714 4526 genero
743 4463 961 4523 composuerunt.
990 4464 1017 4510 nt
1044 4476 1131 4524 pauca
1155 4460 1266 4508 atteram
1290 4456 1422 4520 example.

208 4534 333 4591 laxarier.
352 4533 489 4590 promtior.
506 4531 625 4593 paemen.
645 4532 670 4579 in
689 4546 741 4592 quo
759 4546 792 4581 nc
811 4534 871 4596 ipse
890 4532 994 4598 quidam
1014 4531 1137 4579 Valerios
1155 4531 1206 4577 sibi
1224 4528 1338 4584 constat.
1356 4527 1422 4590 (uici.

210 4608 241 4656 aci
261 4606 303 4665 Vl,
321 4601 348 4663 2.
370 4603 397 4670 1)
409 4602 536 4671 sobi-icor
554 4598 668 4667 aliquam
686 4614 753 4659 rent.
777 4604 846 4663 qtiotl
871 4606 962 4651 tamon
986 4600 1110 4649 Valerios
1133 4613 1186 4647 non
1209 4598 1366 4647 adhibuisse
1384 4600 1422 4645 oi·

210 4680 291 4737 detur,
316 4676 381 4741 (uid.
406 4678 439 4726 ad
464 4675 513 4733 111,
538 4670 567 4731 l.
592 4674 645 4724 exi.
668 4668 705 4735 1.)
725 4672 912 4731 commaaicor.
934 4666 1080 4722 elacabror.
1111 4668 1149 4717 Ci.
1169 4670 1255 4728 Quint.
1275 4664 1377 4727 im.
1396 4666 1422 4719 1.

210 4748 297 4800 uado.
314 4760 429 4815 gramm.
449 4747 474 4811 5.
495 4742 554 4803 itt.
574 4744 598 4795 b.
641 4742 702 4792 Scio
721 4744 825 4807 quidem
845 4745 915 4794 satis
936 4742 1064 4791 audacter
1082 4752 1097 4789 e
1114 4739 1267 4791 coniectura
1282 4752 1345 4789 eam
1361 4753 1422 4804 per·
