3409 5400
454 461 536 534 ΗΒ.
559 463 649 545 vili,
672 467 710 534 G.
733 469 765 545 2,
787 477 816 547 β.
834 471 959 540 4-0.
985 475 1016 552 3,
1040 484 1068 554 ς.
1087 480 1117 546 2.
1334 489 1398 556 613

164 625 263 690 cium
286 635 424 714 cogente
445 628 588 693 maximo
617 628 730 715 populi
760 653 924 698 concursu
953 635 1021 723 egit
1043 643 1063 713 †
1086 651 1258 730 motusque
1282 667 1397 714 omnes

165 754 211 796 ac
236 754 394 798 numeros
417 732 620 803 defensionis
650 757 717 802 non
740 737 847 803 solum
875 738 1046 828 diligenter
1069 746 1128 809 sed
1153 749 1252 815 ctiam
1274 752 1397 820 fortiter

164 850 344 915 exsecuta,
369 850 401 903 et
421 841 529 926 prima
558 843 685 907 actione
714 854 746 907 at
775 865 880 930 paene
909 851 1034 914 cunctis
1064 855 1233 921 sententiis
1259 855 1397 928 liberata

86 964 95 1017 r
164 955 231 1012 est.
281 943 405 1025 Quam,
436 947 513 1034 quia
541 949 603 1013 sub
626 951 736 1036 specie
765 951 908 1018 feminae
931 956 1057 1022 uirilem
1082 960 1228 1029 animum
1251 963 1395 1050 gerebat,

132 1073 147 1115 e
164 1049 398 1140 Androgynen
421 1054 637 1140 appellabant.

262 1157 298 1224 Ο.
323 1157 460 1224 Afrania
481 1181 577 1238 uero,
599 1161 717 1227 Licinii
738 1162 904 1231 Bucconis
933 1172 1095 1235 senatoris
1120 1194 1215 1250 uxor,
1244 1179 1462 1262 prompta2.·

149 1264 212 1329 ‚ad
247 1264 320 1330 lites
356 1265 599 1334 contrahendae
628 1291 688 1356 pro
724 1292 761 1336 se
795 1293 925 1359 semper
959 1273 1048 1361 apud
1078 1291 1265 1364 praetorem
1293 1284 1396 1349 uerbe

163 1372 257 1446 fecit,
280 1393 347 1437 non
371 1373 459 1460 quod
482 1375 650 1440 aduocatis
674 1377 900 1455 deficiebatur,
930 1380 989 1445 sed
1014 1383 1101 1468 quod
1124 1386 1314 1473 inpudentia
1337 1391 1395 1454 ab·

165 1478 326 1544 undabat.
388 1479 502 1567 Itaque
537 1483 698 1547 inusitatis
733 1485 805 1548 foro
842 1485 1012 1553 latratibus
1048 1491 1186 1556 adsidue
1220 1492 1395 1560 tribunalia

126 1601 155 1645 ιο
166 1584 353 1649 exercendo
388 1587 555 1652 muliebria
591 1588 775 1654 calumniae
812 1594 1019 1660 notissimum
1058 1598 1242 1685 exemplum
1276 1603 1393 1677 euasit,

164 1690 254 1756 adeo
285 1703 319 1755 ut
347 1715 406 1778 pro
435 1695 571 1758 crimine
598 1695 745 1782 inprobis
774 1697 970 1765 feminarum
999 1703 1145 1768 muribus
1174 1703 1211 1769 C.
1234 1703 1393 1772 Afraniae

164 1819 290 1862 nomen
313 1797 479 1868 obiciatur.
526 1801 724 1890 Prorogauit
753 1818 860 1871 autem
884 1807 1033 1892 spiritum
1053 1831 1157 1875 suum
1181 1811 1224 1876 ad
1248 1810 1283 1878 Ο.
1309 1813 1392 1878 Cae-

165 1925 278 1969 sarem
302 1903 331 1969 ll
355 1907 508 1987 [iterum]‚
529 1910 568 1973 P.
588 1910 763 1975 Seruilium
786 1911 952 1978 consules.
999 1914 1076 1980 Tale
1100 1919 1187 1983 enim-
1208 1928 1391 1986 monstrum

165 2013 278 2099 magis
309 2034 373 2098 quo
402 2024 547 2100 tempore
576 2017 751 2082 extinctum
787 2039 886 2106 quam
915 2043 978 2106 quo
1008 2023 1050 2086 sit
1078 2033 1182 2088 ortum
1212 2027 1390 2092 memoriae

128 2137 155 2180 tc
166 2117 362 2184 tradendum
385 2131 444 2187 est.

169 2257 194 2313 i.
212 2261 365 2328 motusque]
385 2264 530 2327 partesque
549 2261 577 2314 D
601 2269 627 2315 et
649 2263 678 2315 ia
698 2279 794 2317 rorare
812 2264 849 2324 A.
877 2265 953 2319 Torr.
972 2264 1029 2336 112.
1055 2267 1099 2336 cc]
1124 2271 1152 2321 et
1168 2267 1203 2322 Ε.
1219 2267 1234 2336 ΙΙ
1251 2271 1388 2339 numeros]

166 2334 264 2386 modos
281 2330 314 2386 F.
325 2333 339 2399 ΙΙ
350 2334 430 2384 etiem
448 2349 498 2386 cm.
517 2333 552 2388 E.
563 2335 577 2402 11
593 2333 620 2390 3.
638 2339 753 2387 executa
770 2351 839 2388 corr.
857 2336 889 2390 A.
909 2335 971 2391 cdd.
990 2342 1033 2390 cet
1049 2339 1085 2392 Ε.
1102 2339 1116 2406 ΙΙ
1128 2355 1214 2405 poene
1230 2353 1276 2408 pr.
1294 2337 1326 2392 A.
1337 2339 1351 2408 ΙΙ
1363 2339 1389 2393 t.

167 2403 266 2469 Quam]
286 2421 340 2466 qua
358 2401 386 2456 D
404 2408 430 2455 ct
445 2420 491 2473 pr.
511 2402 540 2458 C.
560 2408 572 2471 ΙΙ
592 2404 619 2460 5.
638 2403 795 2477 androgyni
814 2405 874 2460 Ac.
898 2413 1080 2478 androgenem
1103 2408 1139 2464 D.
1164 2411 1329 2478 undrcglnen
1352 2409 1389 2465 Ε.

167 2475 343 2543 androginem
361 2472 393 2527 F.
412 2473 567 2544 androgoni
583 2476 615 2530 F.
635 2479 824 2546 Androgynen
846 2476 922 2530 Fcrr.
935 2477 984 2547 110.
998 2481 1073 2547 uero]
1093 2495 1141 2534 cm.
1157 2478 1188 2534 Γ.
1207 2485 1267 2532 cote
1278 2481 1390 2532 errante

168 2543 279 2597 E'Forr.
291 2545 305 2612 ΙΙ
317 2547 418 2595 Lucinii
436 2544 472 2599 E.
496 2549 580 2597 Licini
598 2548 660 2601 Par.
677 2548 691 2614 ΙΙ
709 2551 843 2600 buccionis
863 2547 916 2602 ΟΕ
921 2549 946 2603 Γ
962 2556 987 2601 ei
1023 2567 1047 2603 r.
1064 2551 1101 2610 A.
1123 2549 1201 2602 Torr.
1224 2553 1328 2602 uricnie
1341 2565 1388 2618 pr.

168 2614 205 2668 D.
224 2618 347 2667 buxiouis
358 2630 436 2669 corr.
455 2614 491 2669 D.
512 2620 622 2670 buconia
641 2617 672 2672 F.
684 2621 698 2686 ΙΙ
709 2620 734 2673 1.
752 2624 905 2685 praetorum
920 2637 964 2689 pr.
982 2566 1022 2675 s
1037 2625 1177 2687 praetores
1195 2617 1227 2674 F.
1246 2617 1259 2684 ΙΙ
1277 2620 1303 2676 8.
1322 2622 1389 2672 deit-

168 2688 257 2739 ciebat
273 2682 334 2739 DE
340 2685 364 2740 F
381 2692 408 2738 et
420 2703 465 2756 pr.
483 2686 512 2741 0.
530 2691 656 2742 dciicerei
674 2688 705 2744 F.
719 2688 732 2761 il
751 2693 801 2743 ced
820 2720 858 2734 -
875 2687 926 2759 (ii.)
945 2695 1100 2745 corrodebat
1121 2709 1171 2747 om.
1189 2688 1221 2745 Γ.
1238 2690 1251 2759 ΙΙ
1269 2689 1389 2757 inpudtio
1452 2744 1456 2753 ,

166 2757 225 2818 (red
236 2758 339 2810 litterae
356 2757 413 2809 dtic
430 2759 459 2811 in
469 2768 578 2824 rorare)
595 2760 626 2815 A.
636 2761 651 2831 ΙΙ
662 2764 827 2814 habundanti
844 2761 913 2817 DE.
925 2762 939 2832 ΙΙ
950 2760 975 2817 ii.
994 2766 1020 2815 ln
1032 2766 1090 2817 toro
1105 2762 1157 2832 1111
1171 2761 1211 2815 10.
1224 2761 1385 2829 exercendo]

168 2827 229 2883 cdd.
249 2832 282 2880 ed
301 2828 327 2882 F
343 2835 368 2881 rt
384 2844 455 2883 corr.
473 2830 510 2884 D.
522 2831 636 2899 tienneit
653 2836 803 2899 exemptum
823 2832 901 2886 Torr.
915 2838 927 2903 11
946 2833 984 2889 il.
1003 2838 1136 2889 morsibus
1154 2832 1183 2887 F.
1197 2832 1210 2904 ΙΙ
1226 2831 1267 2887 tr.
1286 2849 1309 2887 c.
1326 2848 1387 2886 cae·

168 2915 257 2955 cerem
276 2901 310 2951 ili
328 2902 424 2953 iterum
448 2905 585 2954 seruitium
606 2901 657 2957 CF
673 2910 699 2956 et
720 2920 826 2957 merc
844 2906 881 2957 111
899 2905 928 2957 ia
946 2920 1029 2973 marc.
1047 2904 1079 2958 A.
1102 2922 1131 2974 g.
1148 2918 1289 2957 caesarem
1307 2907 1335 2957 et
1352 2919 1387 2956 rc.

168 2974 303 3023 seruitium
322 2970 358 3024 D.
378 2990 402 3025 c..
421 2989 561 3026 caesarem
580 2980 608 3027 et
630 2978 707 3027 tertio
729 2979 824 3028 iterum
843 2978 980 3029 seruitium
998 2975 1034 3030 Β.
1056 2994 1084 3047 g.
1104 2991 1225 3031 meante
1244 2972 1281 3026 rt·
1302 2975 1387 3027 corui·

168 3044 231 3095 itum
248 3041 280 3097 F.
299 3046 327 3096 C.
345 3046 491 3097 Caesarem
510 3047 604 3100 iterum
623 3051 651 3099 ct
668 3048 699 3098 Ρ.
716 3048 857 3100 Seruilium
878 3045 955 3101 Torr.
970 3047 982 3118 ΙΙ
999 3045 1040 3102 13.
1058 3049 1196 3099 consutam
1214 3043 1294 3099 ΓΡ..

169 3203 271 3255 Peridie
280 3205 465 3267 compendium
478 3206 595 3265 exhibet,
614 3208 669 3257 atla
681 3210 768 3258 adnm
780 3210 888 3259 inuenta
901 3208 944 3267 cit,
964 3208 1033 3269 quod
1043 3207 1137 3257 eciam.
1173 3205 1279 3255 Paridis
1297 3205 1387 3255 autem

170 3276 298 3337 scripture
319 3275 446 3342 gentilicii
464 3277 592 3335 neminie.
611 3278 636 3327 id
656 3279 726 3328 enim
745 3280 925 3335 desideratur,
950 3292 984 3327 ne
1006 3278 1124 3339 speciem
1143 3275 1248 3341 quidem
1266 3275 1387 3337 praebet.

171 3346 334 3409 Quapropter
357 3345 428 3407 quod
451 3347 559 3397 codices
583 3349 636 3398 mei
662 3361 757 3398 omnes
786 3350 887 3397 hebent
912 3348 1097 3409 intemptatum
1126 3344 1227 3406 reliqui.
1272 3344 1387 3395 Facilior

171 3416 278 3466 citerius
295 3416 424 3473 neminie,
446 3430 501 3479 quc
519 3418 608 3479 patrio
625 3419 777 3475 denotetur,
802 3416 953 3467 emendatio
977 3416 1028 3465 eei.
1073 3415 1148 3474 Quod
1172 3428 1232 3464 cum
1250 3413 1386 3465 Valeriani

171 3487 226 3536 iibri
244 3488 337 3551 aperto
355 3485 453 3537 mendo
471 3490 636 3551 corruperint
654 3489 681 3537 in
698 3486 839 3538 mertia.
870 3485 940 3534 iratrd
966 3485 1045 3535 dubie
1069 3486 1141 3533 recta
1163 3484 1283 3535 seruauit
1300 3484 1382 3535 lulius

170 3558 251 3609 Perta
288 3557 353 3606 Erat
375 3557 456 3625 igitur
479 3559 574 3609 mulier
591 3573 625 3609 ex
644 3558 770 3609 Vmbriae
793 3556 890 3619 oppido
915 3554 1032 3607 sentino.
1069 3555 1108 3607 Cf.
1128 3555 1185 3606 Liu.
1203 3555 1239 3613 Χ.
1256 3552 1301 3615 21,
1323 3551 1334 3605 l
1355 3556 1383 3605 et

170 3624 211 3687 30.
229 3626 254 3679 t.
272 3628 355 3678 lnecr.
372 3645 417 3692 ap.
437 3630 510 3681 (iret.
527 3625 590 3688 titt,
608 3626 627 3681 0
644 3631 672 3679 et
689 3644 732 3691 cp.
751 3626 818 3678 Mur.
836 3620 898 3681 565.
921 3623 943 3677 1.

237 3700 404 3765 materque
425 3705 524 3760 omer)
552 3702 622 3761 Quiri
645 3700 696 3749 citri
719 3697 801 3747 uelint
827 3700 916 3746 motus
945 3708 1039 3747 omnes
1069 3696 1232 3747 tetenctcntc
1259 3695 1382 3758 equidem

172 3771 266 3823 nendo.
304 3770 380 3819 ilaud
398 3771 494 3820 inscite
511 3772 593 3837 igitur
610 3769 765 3822 emendator
782 3768 841 3817 iibri
860 3768 1004 3817 Berocneie
1028 3782 1076 3831 pro
1095 3771 1226 3834 mamper
1243 3764 1382 3816 substituit

168 3844 311 3908 partoque.
330 3842 399 3907 quod
419 3842 537 3891 retendit
555 3841 685 3898 vorstius,
704 3842 859 3901 comparato
878 3838 957 3887 simili
976 3838 1099 3903 exemplo
1118 3836 1186 3895 11111.
1206 3834 1230 3894 1.
1249 3833 1276 3894 ii.
1294 3838 1322 3886 et
1339 3848 1381 3887 re·

172 3914 293 3976 ceperunt
316 3927 385 3961 nnnc
409 3912 520 3979 uolgata
546 3911 677 3973 exempla.
725 3908 760 3958 et
788 3910 833 3958 nix
862 3910 950 3959 iicebit
978 3910 1046 3959 adeo
1071 3909 1204 3959 declinere
1225 3908 1381 3957 traditarum

171 3985 309 4035 litterarum
334 3984 436 4033 ductus.
485 3982 569 4033 Paulo
592 3984 654 4046 post
676 3982 831 4031 necessario
855 3980 995 4029 emendant
1017 3976 1206 4045 Arrmqyner.
1234 3992 1293 4029 com
1316 3976 1382 4029 iliud

172 4054 323 4105 uocabulum
342 4054 446 4103 tertium
465 4054 667 4103 declinationem
686 4068 738 4102 non
757 4052 866 4101 hebeat.

234 4121 260 4175 2.
278 4125 318 4175 Ct’.
338 4124 396 4185 vip.
416 4124 450 4173 111
469 4126 502 4173 od
520 4126 598 4175 edict.
616 4126 642 4173 in
655 4124 710 4191 dig.
722 4122 767 4179 iii.
789 4120 810 4179 i,
832 4118 855 4177 1.
876 4122 902 4185 S.
914 4118 940 4173 5.
959 4122 1047 4172 lirum.
1062 4122 1156 4189 gesch.
1170 4120 1251 4170 Rome
1269 4118 1289 4176 1.
1302 4132 1327 4180 p.
1337 4110 1381 4169 30.

235 4192 336 4245 iactata·
346 4192 479 4245 Boccontr
494 4192 635 4256 auctoris)
652 4194 738 4244 colori
757 4195 784 4243 et
800 4193 927 4242 i’erizonii
947 4194 1135 4256 suspicionum.
1156 4190 1297 4257 legendnm
1317 4198 1382 4237 ecee

171 4262 311 4319 decernit.
340 4281 392 4315 non
411 4264 565 4323 Bccctonir.
594 4267 663 4331 qnod
681 4264 788 4316 codices
806 4276 901 4313 omnes
924 4264 1057 4324 exhibent,
1084 4261 1225 4328 insigniter
1243 4256 1382 4307 confirmat

173 4337 270 4386 Paridis
287 4337 373 4386 codex
384 4338 537 4395 Vaticanus,
556 4338 582 4386 iu
593 4352 644 4402 quc
656 4333 787 4387 Bucconis
797 4335 928 4387 scribitur.
965 4334 1003 4384 (ti.
1016 4346 1084 4396 quoe
1097 4331 1186 4381 citauit
1198 4326 1381 4386 Forcelliuiue‚

174 4408 294 4459 illiceret.
313 4409 438 4472 descript.
457 4411 507 4459 dee
523 4408 640 4457 medciii.
657 4408 711 4457 uoi.
728 4406 749 4461 1.
767 4400 810 4457 30.
830 4406 908 4456 Mart.
926 4406 1010 4471 epigr.
1029 4405 1074 4461 xi.
1095 4397 1138 4453 rit.

237 4474 274 4528 ort
292 4475 321 4529 0.
342 4476 481 4530 Cursorem
499 4474 527 4528 ii
545 4477 673 4545 [iterml.
693 4476 722 4528 Ρ.
738 4473 879 4527 Sanitium
897 4473 1023 4529 comica)
1048 4474 1115 4523 Doni
1132 4470 1239 4521 codices
1257 4468 1326 4517 haee
1343 4466 1384 4518 ito

174 4551 281 4608 tradunt.
299 4546 336 4599 od
353 4564 376 4601 r.
395 4564 528 4602 ccccm
545 4546 698 4600 illitorum
715 4545 851 4601 emittm
869 4543 938 4598 coer.
974 4546 1049 4606 Quod
1065 4542 1206 4593 manifecte
1219 4539 1316 4590 iolcum
1329 4538 1384 4599 eet.

175 4637 228 4671 cnm
245 4624 350 4671 mnetct
367 4624 396 4674 c.
414 4623 560 4673 Caesarem
578 4621 690 4671 alterum
708 4633 786 4669 scum
804 4618 972 4668 consulatum
990 4630 1015 4667 a.
1032 4630 1057 4667 u.
1073 4630 1096 4667 c.
1116 4608 1168 4665 100
1192 4626 1251 4662 cnm
1270 4608 1299 4661 P.
1318 4605 1387 4659 Ser·

175 4694 231 4745 uitio
249 4694 328 4745 Vatia
344 4693 463 4743 luorico
480 4693 614 4763 pascor,
648 4692 743 4759 Neque
760 4703 825 4743 nero
843 4687 909 4745 latet
927 4698 1012 4740 ccccc
1026 4682 1223 4755 discrepantiae
1244 4682 1272 4735 tc
1289 4690 1393 4731 num&
