3409 5400
566 543 649 612 aus.
671 545 730 627 rx,
753 549 790 616 e.
814 552 847 629 s,
870 561 900 630 t·
924 553 1044 621 a-o.
1351 543 1415 627 aas

279 705 474 792 Eademque
496 718 619 772 tantum
642 711 754 794 potuit,
776 722 813 776 ut
826 715 1016 778 uniuersum
1033 713 1143 801 populi
1159 715 1302 782 Romani
1325 719 1456 808 equi-5.

171 822 307 886 tatum,
332 835 352 876 a
367 813 470 877 Fabio
493 815 629 880 consule
652 817 695 880 ad
710 817 854 883 hostium
872 821 985 905 copias
1002 821 1250 907 persequendas
1266 825 1415 901 missum.

112 962 115 970 -
171 940 263 982 cum
297 929 329 981 et
355 929 421 982 tuto
453 931 484 984 et
510 921 607 985 facile
636 944 694 987 eas
722 923 834 988 liceret
865 924 992 1002 delere,
1021 926 1105 1013 legis
1135 928 1285 1013 agrariae
1310 929 1351 994 ab
1376 951 1414 994 eo

108 1064 114 1098 1.
171 1024 367 1108 impeditae
379 1046 569 1104 memorem,
592 1029 791 1095 immobilem
807 1033 968 1097 retineret,
1016 1031 1168 1098 lllanero
1193 1033 1290 1098 etiam
1307 1033 1414 1120 Appio

108 1149 119 1210 ξ,
142 1129 277 1203 educi,
302 1131 395 1195 cuius
419 1145 521 1217 pater,
545 1134 622 1198 dnm
638 1157 696 1221 pro
720 1150 856 1203 senatus
873 1139 1082 1225 amplitudine
1098 1140 1217 1214 nititur.
1241 1139 1415 1206 commoda

108 1293 124 1318 ¹„
174 1235 297 1320 plebis
320 1240 478 1302 acerrime
500 1241 754 1328 inpugnauerat,
781 1245 945 1310 infensum
970 1246 1144 1310 exereitum
1173 1246 1325 1310 faciendo
1355 1268 1414 1312 uo·

107 1387 119 1428 p
173 1342 331 1406 luntario
359 1344 439 1430 fuga
467 1355 559 1433 terga
588 1345 690 1424 hosti,
718 1371 760 1412 ne
789 1351 986 1436 triumphum
1015 1352 1202 1437 imperatori
1234 1361 1413 1438 quaereret.

107 1497 120 1537 p
176 1447 269 1512 dare
295 1451 412 1536 coegit.
460 1451 621 1532 Quotiens
646 1456 802 1520 uictoriae
826 1455 954 1520 uictrix!
995 1457 1316 1544 Congratulationem
1341 1460 1412 1523 eius

107 1612 108 1622 ,
176 1557 216 1618 in
243 1553 412 1642 Torquato
437 1559 675 1642 spernendam,
707 1563 740 1625 in
764 1561 866 1626 Fabio
895 1563 1147 1650 pulcherrimam
1171 1573 1295 1650 partem
1320 1565 1412 1629 omit·

107 1752 108 1755 Ἴ
132 1661 334 1733 intendam,
357 1664 391 1727 in
415 1663 523 1750 Appio
547 1676 646 1731 totam
669 1668 769 1755 fugae
792 1671 1057 1756 postponendam
1079 1669 1230 1734 reddidit.

106 1846 122 1864 ἵ,
277 1768 363 1856 Age,
387 1793 486 1856 quam
509 1772 666 1837 uiolenter
690 1797 726 1838 sc
749 1776 783 1839 in
806 1787 937 1862 pectore
967 1778 1111 1842 uniuersi
1134 1776 1246 1863 populi
1269 1777 1410 1844 Romani
1421 1773 1453 1842 6.

123 1954 129 1967 q
180 1876 295 1961 gessit
318 1875 462 1956 eo[dem]
485 1887 641 1963 tempore,
665 1901 730 1967 quo
754 1883 925 1972 suffragiis
942 1885 1013 1948 eius
1038 1883 1199 1948 dedicatio
1216 1884 1307 1949 aedis
1325 1883 1410 1949 Mer-

692 2007 907 2022 ψ

181 2051 209 2108 3.
230 2055 258 2104 te
281 2068 313 2105 es
327 2069 373 2138 pr.
390 2053 424 2109 A.
436 2053 449 2120 ii
461 2053 487 2110 4.
506 2071 640 2110 memores
657 2057 717 2112 AG.
736 2059 992 2114 memoria'l'l'orr.
1003 2059 1016 2128 ΙΙ
1029 2061 1114 2126 Appio
1133 2075 1236 2129 empr.
1248 2061 1279 2114 A.
1291 2059 1341 2128 115.
1358 2063 1408 2118 diei

109 2155 130 2194 .'·-
179 2140 226 2194 pr.
246 2069 307 2192 ἔῃ
321 2123 347 2178 e.
366 2129 497 2178 acerrimo
518 2125 545 2180 0.
560 2125 573 2194 ΙΙ
593 2127 618 2180 i.
636 2131 783 2194 imperator
801 2133 951 2193 acquireret
969 2129 1000 2186 Γ.
1019 2131 1032 2198 ΙΙ
1049 2133 1075 2186 8.
1095 2135 1197 2200 quoties
1211 2148 1256 2201 pr.
1275 2130 1308 2188 Δ,
1331 2130 1408 2186 Torr.

116 2206 125 2270 J
194 2195 209 2264 ΙΙ
221 2197 329 2262 uictrix}
349 2197 432 2249 uictor
452 2195 506 2250 ΟΕ
521 2203 548 2249 rt
561 2213 605 2266 pr.
623 2197 654 2251 Δ.
666 2200 680 2265 ΙΙ
692 2196 725 2250 cti
743 2197 925 2269 gratulatione
940 2200 999 2256 Ae.
1013 2201 1025 2271 ii
1039 2201 1065 2255 it.
1084 2205 1262 2267 spernendum
1278 2217 1322 2270 pr.
1340 2201 1371 2254 Α.
1383 2201 1397 2269 ΙΙ

183 2270 487 2392 ppiehsrrimqpartam
504 2267 617 2321 contem
628 2268 744 2338 Εἰρήνα.
756 2273 771 2338 ΙΙ
786 2269 824 2324 li.
845 2273 870 2339 s.
884 2269 900 2326 6
917 2288 965 2327 ont.
979 2271 1009 2327 Γ.
1023 2275 1036 2342 ΙΙ
1049 2270 1090 2326 ta.
1103 2275 1218 2342 ingessit
1228 2271 1263 2328 Ε.
1275 2273 1289 2342 ΙΙ
1301 2271 1406 2340 eodem]

105 2380 141 2406 .,
182 2354 242 2392 atae
258 2355 335 2392 areta
377 2354 431 2394 err.

258 2495 284 2552 5.
304 2501 343 2554 Gi.
359 2501 417 2552 Liu.
435 2501 468 2558 ll.
487 2497 530 2552 48.
553 2503 631 2555 Dion.
649 2503 709 2556 itai.
727 2503 775 2562 ix.
793 2497 819 2556 3.
842 2503 939 2555 Zonar.
959 2503 1015 2561 Vll.
1036 2499 1077 2556 ll.

116 2625 141 2641 ..
258 2569 408 2622 uniuersam
423 2570 517 2638 populi
527 2569 641 2624 Romani
658 2573 810 2642 equitatura)
830 2577 905 2634 erno
917 2575 1040 2626 Valerius
1059 2575 1186 2642 equitatui
1200 2572 1291 2624 tribuit
1303 2573 1406 2624 Liuium

116 2644 141 2708 ζ’,
187 2643 221 2692 de
239 2643 357 2706 peditatu
376 2657 504 2692 nemanso
517 2643 666 2695 Glareanus
684 2647 737 2696 iam
750 2647 895 2699 aduolauit.
930 2645 997 2696 Nam
1012 2662 1071 2695 eum
1084 2646 1178 2696 consui
1188 2646 1225 2694 ita
1238 2643 1407 2694 instruxisset

109 2706 141 2782 ’ς’
187 2715 283 2773 aciem.
303 2718 331 2763 nt
349 2716 407 2765 seio
426 2716 546 2775 equitata
565 2718 667 2767 emisso
686 2718 828 2767 exereitum
847 2718 965 2767 hostium
984 2718 1120 2775 funderet.
1144 2718 1248 2781 insequi
1266 2716 1342 2765 lusos
1359 2730 1405 2778 pe·

187 2786 268 2834 ditem
287 2786 415 2837 noluisse.
451 2786 553 2850 Estque
572 2789 678 2837 omnino
696 2788 847 2838 credibilius
867 2788 1026 2851 peditatum.
1051 2790 1077 2838 in
1100 2803 1151 2853 qao
1170 2787 1248 2851 plebs
1268 2786 1404 2843 militabat.

124 2851 144 2918 .,’,
187 2857 295 2919 propter
317 2856 405 2923 legem
429 2858 565 2923 agrariam
588 2858 739 2921 impeditam
764 2859 852 2908 odium
878 2859 984 2922 cepisse
1011 2860 1142 2907 aduersus
1166 2857 1302 2907 consulem
1325 2870 1405 2922 qnam

124 2927 136 2941 '‘
188 2927 299 2990 equites.
335 2926 440 2976 Errauit
458 2928 581 2977 Valerius
601 2929 790 2996 neglegentius
812 2930 933 2992 inspecto
957 2928 1041 2986 tonte,
1066 2944 1118 2989 qno
1142 2941 1208 2977 usus
1232 2930 1287 2985 est,
1310 2940 1404 2989 parum

189 2999 289 3047 attento
308 2996 395 3047 animo
414 3012 470 3047 rem
489 2998 618 3049 reterens.
655 2998 766 3067 Pighius
790 3000 931 3051 temerarie
953 3000 1069 3049 codicem
1090 2998 1267 3062 Campensem
1285 3000 1403 3055 suetus.

190 3069 224 3118 de
241 3068 316 3117 euius
334 3068 485 3118 testimonio
505 3070 584 3119 naida
602 3084 652 3119 nos
671 3072 777 3131 quidem
795 3072 955 3127 dubitamus.
975 3070 1094 3120 ediderat
1109 3065 1261 3135 peditatum.

257 3134 309 3188 ttta
325 3151 389 3187 aero
407 3136 485 3188 etiem
502 3136 590 3205 Appio
607 3136 680 3201 daei)
699 3141 737 3191 ct.
755 3141 812 3190 Liu.
830 3142 863 3199 11,
881 3137 925 3199 58,
944 3136 986 3191 tit.
1011 3142 1108 3191 Zonar.
1127 3138 1182 3198 vii.
1203 3136 1245 3190 11.

259 3205 333 3258 cuias
350 3209 442 3273 peter)
472 3209 639 3267 Perizonius,
662 3212 732 3271 quod
756 3214 902 3261 seeundum
925 3211 993 3261 Liuii
1016 3211 1170 3261 relationem
1194 3210 1327 3259 exereitus
1351 3222 1404 3259 non

106 3282 147 3341 ,ζ
190 3279 295 3343 propter
314 3278 396 3339 patris
421 3278 473 3327 iam
494 3279 590 3327 dudum
610 3280 704 3329 mortui
728 3282 900 3342 asperitatem
925 3282 950 3330 in
973 3282 1094 3345 plebem,
1118 3280 1165 3329 sed
1189 3282 1296 3342 propter
1318 3278 1403 3340 ipsius

123 3350 150 3380 ··'
192 3349 266 3411 Appii
284 3348 432 3405 saeuitiam,
451 3350 562 3411 paterno
582 3350 642 3397 odio
660 3350 797 3405 maiorem.
816 3350 979 3407 exarsisset,
998 3350 1140 3419 legendnm
1164 3362 1227 3398 esse
1245 3348 1404 3408 opinabatur

104 3440 122 3472 e
141 3423 148 3454 ⁵
192 3416 263 3469 naias
279 3422 304 3469 et
316 3422 410 3484 peter.
434 3420 503 3479 qnod
523 3419 638 3481 explicat
656 3418 710 3483 ‘qui
727 3434 780 3468 non
798 3422 898 3467 tantum
918 3420 989 3485 ipse.
1015 3423 1062 3469 sed
1082 3422 1109 3470 st
1126 3421 1203 3483 pater
1220 3418 1277 3467 eius
1297 3416 1402 3479 piebem

103 3492 151 3537 -·.·»’
192 3488 408 3555 imprrgnauerat'.
444 3488 541 3537 Parum
560 3492 645 3542 reete:
665 3504 725 3538 nani
745 3494 932 3552 praeterquam
952 3492 1019 3555 quod
1034 3490 1136 3539 Paridis
1149 3488 1228 3539 etiam
1247 3482 1403 3547 compendio

104 3561 152 3620 522¹
194 3560 351 3618 coodunata,
370 3560 522 3608 certissima
540 3560 696 3609 anctoritate
714 3561 803 3608 nititur
820 3561 944 3609 librorum
964 3560 1108 3623 scripturn,
1130 3557 1252 3607 Valerius
1275 3556 1312 3604 ita
1333 3554 1403 3605 hanc

194 3645 245 3681 rem
264 3632 394 3693 exposuit,
412 3632 441 3678 ut
457 3630 558 3691 liqueat
575 3643 636 3679 eam
654 3631 741 3693 ipsum
761 3631 845 3695 patris
865 3630 953 3679 odium
974 3630 998 3678 in
1018 3630 1098 3694 tilium
1115 3628 1273 3676 translatum
1292 3638 1403 3675 cansam

120 3703 146 3749 ’.ζὶ
195 3702 335 3751 discordiae
353 3702 423 3749 inter
440 3700 584 3750 exercitam
603 3704 630 3749 et
652 3701 747 3749 ducem
771 3703 892 3766 putasse.
934 3700 1031 3749 Contra
1049 3698 1149 3747 si'enm
1165 3696 1300 3747 Perizonio
1319 3695 1403 3757 scrip·

129 3773 153 3819 ιθ·
195 3771 259 3820 seris
282 3769 356 3821 cuias
379 3775 403 3821 rt
421 3775 514 3837 peter,
537 3771 693 3821 foedissime
714 3774 761 3820 ant
779 3772 918 3841 langueret
936 3774 982 3819 aiii
1001 3770 1159 3819 redundaret
1178 3766 1336 3847 omnsjiiud
1356 3764 1402 3813 sd·

106 3835 151 3905 ‚si-⁴
195 3844 357 3891 ditamentum
376 3842 409 3891 ds
427 3846 503 3905 patre
522 3843 616 3891 eodem
635 3842 744 3892 crimino
762 3858 815 3905 qrro
833 3842 903 3891 fliius
923 3840 1055 3904 implicito,
1078 3854 1136 3888 enm
1156 3838 1257 3887 interim
1276 3836 1403 3900 primaria

104 3919 151 3980 ae>
196 3912 236 3962 liiii
254 3926 319 3977 quae
338 3912 466 3975 accipitur
483 3912 562 4031 {qipa
580 3926 614 3963 ne
632 3928 684 3962 uno
704 3913 807 3979 quidem
827 3914 909 3962 uerbo
927 3910 1093 3961 indicaretur.

258 3980 282 4034 t.
301 3984 338 4033 Ci.
356 3982 413 4033 Lin.
431 3982 464 4040 1t,
523 4021 530 4035 .

115 4057 155 4119 :³²
260 4050 368 4119 cuidem]
388 4054 513 4120 tempore)
531 4052 661 4118 Aperimn
680 4055 803 4105 mendum
822 4056 865 4103 est
882 4054 908 4102 in
927 4050 1080 4115 pronomine
1097 4046 1192 4102 rodem.
1228 4050 1295 4099 Nam
1313 4048 1403 4111 inepte

116 4129 155 4186 μ’
197 4128 231 4174 ita
246 4126 433 4188 exprimeretur
451 4126 546 4174 eodem
563 4130 683 4189 tempore
702 4126 767 4174 iram
791 4125 817 4173 ln
836 4124 926 4187 popuii
945 4124 1052 4186 pectore
1075 4120 1201 4171 uiolenter
1218 4134 1249 4169 se
1268 4119 1402 4187 gessisse.

105 4201 153 4258 ,515-
199 4197 281 4247 eodem
299 4196 444 4245 centurioni
464 4196 539 4245 aedis
559 4196 751 4244 dedicationem
770 4208 833 4245 esse
852 4196 955 4251 citriam,
985 4206 1042 4239 cum
1062 4192 1148 4240 altera
1165 4204 1209 4241 res
1228 4190 1338 4239 alterins
1358 4190 1403 4237 do·

104 4257 155 4327 {ar-³
199 4270 336 4315 cementum
354 4266 397 4315 sit.
433 4264 525 4330 Neque
544 4280 607 4316 uero
627 4268 708 4315 etiam
721 4260 808 4315 eodem
820 4268 935 4330 tempore
953 4264 1074 4325 respectu
1089 4261 1272 4325 praecedentis
1285 4256 1402 4321 exempli

107 4325 155 4391 'lfa'
200 4338 228 4387 de
245 4341 358 4400 tempore
375 4336 412 4384 ibi
431 4336 581 4401 significato
601 4336 698 4385 dicium
716 4348 780 4385 esse
799 4336 895 4399 potest.
915 4334 956 4382 eni
975 4332 1096 4383 relationi
1116 4333 1223 4381 obstant
1236 4328 1327 4395 uiginti
1347 4342 1402 4375 am·

104 4398 150 4469 ..¹31²
200 4409 260 4471 plius
276 4406 337 4456 anni
355 4406 503 4469 interpositi
521 4409 549 4455 et
566 4406 703 4455 relatiuam
723 4418 788 4472 qne.
814 4406 883 4467 quod
908 4404 1005 4453 indicat
1027 4404 1141 4471 flagitari
1164 4400 1277 4463 simplex
1297 4398 1403 4447 demon·

104 4479 106 4532 ξ
126 4489 155 4542 μ’
201 4479 324 4527 stratiunm
337 4492 388 4543 qno
402 4478 539 4528 referatur.
575 4476 678 4526 Dixerit
690 4478 769 4541 igitur
782 4476 878 4537 aliquis
890 4478 1024 4524 strictorem
1038 4472 1124 4524 eodem
1137 4488 1185 4537 pro
1198 4470 1404 4519 demonstrando

104 4539 154 4610 ..25
202 4550 325 4613 posuisse,
346 4548 429 4613 qnod.
452 4547 513 4596 iicet
532 4562 655 4613 nmquam
675 4547 772 4595 tirciam
792 4560 855 4596 esse
879 4545 1018 4611 negauerit
1044 4544 1209 4609 iiiadnigius‚
1234 4540 1257 4587 sl
1276 4542 1348 4587 recte
1366 4536 1403 4586 in·

104 4612 148 4683 [ᾖξε
201 4620 278 4669 teiiexi
296 4632 364 4685 quae
384 4618 520 4667 ndnotaait
538 4620 571 4667 an
592 4618 643 4670 Cic.
663 4619 695 4666 de
714 4616 757 4668 tin.
776 4617 808 4675 11,
830 4613 871 4673 14,
890 4613 933 4666 44.
952 4632 978 4679 p.
990 4608 1053 4671 421,
1072 4612 1179 4663 indulsit
1197 4614 1285 4659 tamen
1305 4608 1403 4671 aliquo·

106 4697 155 4748 ,ci
202 4692 260 4741 tiens
276 4691 325 4740 sibi
347 4690 477 4741 Valerius.
507 4688 545 4741 Ci.
558 4688 626 4745 vm.
645 4684 688 4745 tt).
700 4683 717 4739 2
729 4701 817 4755 paene
829 4684 892 4753 pias
910 4680 992 4735 stadii
1015 4681 1043 4734 in
1061 4678 1149 4732 codem
1166 4674 1311 4731 inherendo
1328 4690 1403 4745 mem

104 4728 154 4846 2:99
205 4760 228 4812 ia
243 4758 294 4828 ipsa
313 4758 457 4827 eioqaestia
475 4756 636 4833 adfectanda
654 4755 780 4831 inpendit.
807 4758 859 4815 ix.
881 4750 927 4817 1³,
947 4748 1029 4805 extit
1048 4766 1104 4803 eam
1123 4748 1222 4819 infinito
1241 4761 1328 4803 amore
1346 4758 1402 4807 cea·
