3409 5400
295 502 360 569 546
559 494 807 563 SAPIENTER
829 492 961 559 DICTA
986 490 1076 557 AVT
1098 489 1250 557 FACTA.

256 663 286 729 9.
385 659 435 724 Ac
459 680 501 723 ne
526 657 613 745 quod
638 657 784 744 sequitur
808 653 940 742 quidem
963 652 1072 718 minus
1097 652 1240 738 sapiens.
1288 648 1438 715 Vnicae
1458 649 1543 715 filiae

296 777 389 855 pater
420 762 662 831 Themistoclen
691 760 884 827 consulebat
915 770 1021 824 utrum
1051 780 1123 825 eam
1151 758 1288 844 pauperi
1317 756 1387 823 sod
1421 770 1543 822 ornato

297 898 341 941 an
368 872 521 960 locupleti
549 893 666 958 parum
694 867 832 955 probato
863 866 1060 931 conlocaret.
1113 864 1172 929 Cui
1199 864 1229 928 is
1254 861 1392 937 ‘Malo‘,
1421 866 1542 951 inquit.

297 982 414 1045 ‘uirum
445 979 585 1065 pecunia
616 998 716 1063 quam
745 974 918 1060 pecuniam
951 974 1020 1036 uiro
1049 969 1268 1059 indigentem'.
1332 969 1418 1051 Quo
1453 972 1542 1035 dicto

297 1090 428 1160 stultum
452 1085 578 1149 monuit
599 1094 634 1146 ut
653 1102 814 1169 generum
836 1079 946 1165 potius
971 1100 1070 1165 quarn
1095 1078 1225 1142 diuitias
1250 1078 1366 1164 generi
1393 1078 1562 1164 legerem

236 1191 287 1258 10.
386 1193 473 1279 Age,
495 1189 639 1275 Philippi
664 1210 761 1274 quam
786 1185 964 1273 probabilis
989 1185 1137 1271 epistola,
1159 1184 1192 1249 in
1217 1206 1282 1269 qua
1298 1182 1542 1249 Alexandrum

299 1298 514 1387 quorumdam
530 1294 748 1359 Macedonum
772 1292 1025 1359 beniuolentiam
1042 1292 1215 1377 largitione
1231 1289 1272 1353 ad
1289 1312 1326 1354 sc
1349 1289 1542 1354 adtrahere

299 1417 454 1470 conatum
477 1405 525 1467 sic
549 1403 719 1486 increpuit,
743 1400 848 1481 ‘Quae
874 1410 919 1474 te,
945 1398 1004 1474 iili,
1032 1398 1115 1463 ratio
1143 1398 1177 1463 in
1200 1396 1284 1461 hanc
1308 1408 1377 1461 tam
1404 1418 1540 1463 uanam

107 1533 108 1540 ¹
206 1555 209 1563 ι
299 1534 393 1599 spem
422 1511 561 1585 induxit,
588 1520 623 1573 ut
646 1530 704 1575 eos
729 1508 785 1572 tibi
808 1506 922 1571 fideles
946 1506 1072 1570 futuros
1102 1504 1321 1579 existimares,
1351 1527 1447 1590 quos
1479 1528 1541 1591 pe·

299 1621 397 1683 cunia
420 1617 464 1682 ad
487 1636 633 1680 amorem
658 1616 703 1678 tui
726 1610 969 1698 conpulisses'i
994 1618 1050 1687 †a
1064 1612 1197 1677 caritate
1213 1609 1299 1675 istud
1318 1622 1417 1695 pater
1445 1632 1571 1677 auusu

298 1748 318 1789 o
341 1723 512 1809 Philippus
536 1723 660 1786 maiore
685 1742 724 1783 ex
747 1732 838 1805 parte
861 1728 1022 1783 mercator
1046 1718 1203 1783 Graeciae
1229 1740 1324 1804 qnam
1350 1718 1477 1783 uictor.

302 1879 326 1935 1.
344 1881 383 1932 dc
400 1896 436 1931 nc
454 1880 535 1946 quod]
556 1883 583 1930 at
601 1895 688 1943 neque
706 1877 738 1932 F.
754 1878 768 1947 ΙΙ
786 1881 873 1929 minus
897 1881 1002 1941 qlridem
1027 1877 1061 1931 E.
1081 1873 1094 1947 ll
1112 1874 1137 1930 2.
1158 1879 1352 1929 themistoclem
1381 1875 1441 1929 CD
1451 1876 1536 1930 Torr.

298 1954 487 2004 themistoclem
505 1949 565 2004 EF.
584 1951 783 2001 Themistoclea
800 1950 864 2002 Pur.
885 1949 927 2010 Cf.
950 1946 981 2009 V,
1000 1946 1025 2006 3,
1045 1955 1095 2003 act.
1113 1946 1139 2001 ³.
1155 1948 1168 2016 ΙΙ
1185 1946 1210 2002 3.
1230 1949 1333 2015 parurn}
1357 1950 1407 1999 sed
1431 1966 1534 2013 parum

302 2021 379 2075 Torr.
402 2020 437 2073 Vt
453 2036 500 2073 aes
518 2021 596 2073 etiam
615 2020 677 2073 Per.
689 2020 702 2089 ll
714 2021 748 2087 is]
764 2026 827 2089 post
844 2022 927 2086 iuquit
944 2019 976 2073 F.
991 2019 1002 2091 ΙΙ
1017 2019 1041 2073 l.
1060 2020 1184 2087 pecunia]
1204 2022 1333 2084 pecuniae
1351 2017 1378 2070 F
1392 2025 1420 2069 et
1436 2036 1485 2087 pr.
1499 2020 1534 2071 A.

310 2090 361 2163 ilii.
379 2094 470 2159 qulam]
490 2110 543 2159 qua
561 2091 592 2145 F.
607 2088 618 2160 il
633 2094 749 2157 epistula
770 2106 839 2143 corr.
858 2088 889 2143 A.
908 2091 921 2158 ΙΙ
939 2088 963 2143 1.
987 2094 1022 2142 ad
1046 2107 1077 2142 sc
1101 2106 1150 2143 cm.
1174 2088 1203 2143 F.
1221 2092 1233 2157 Ι]
1250 2092 1409 2141 contrahere
1431 2088 1470 2143 Β.
1497 2109 1533 2141 ac

299 2167 407 2217 trahere
424 2164 457 2217 F.
469 2164 482 2232 ll
493 2165 518 2217 ὃ.
537 2166 683 2226 iucrcpuuit
700 2162 729 2215 F.
741 2162 754 2228 ΙΙ
767 2164 811 2213 iiiii
829 2162 864 2215 Ε.
879 2159 891 2230 ΙΙ
905 2160 930 2216 il.
950 2164 1096 2213 existamus
1115 2160 1144 2215 F.
1156 2161 1170 2229 ΙΙ
1181 2164 1294 2225 pecunia
1307 2163 1343 2211 tui
1353 2163 1389 2211 ad
1399 2178 1530 2213 amorem

298 2236 337 2290 D.
356 2240 390 2286 ad
408 2238 445 2285 tui
463 2251 581 2286 amorem
601 2234 713 2299 pecunia
731 2232 788 2302 1³.ss
802 2232 841 2286 10.
861 2236 1036 2298 compulisset
1053 2230 1085 2285 E.
1098 2232 1111 2301 ΙΙ
1128 2250 1145 2283 u
1163 2234 1274 2283 caritate
1291 2258 1327 2269 -
1344 2231 1418 2297 (ti.)
1440 2235 1532 2283 uictor

299 2324 349 2362 om.
367 2305 422 2375 1111
432 2306 519 2373 puter]
538 2309 691 2371 praestatur
710 2303 788 2355 Torr.
802 2302 814 2369 il
834 2320 903 2355 auus
922 2304 949 2371 o]
974 2318 1042 2355 atriis
1062 2318 1165 2371 quoquc
1183 2300 1220 2358 D.
1245 2318 1313 2353 uritis
1336 2301 1372 2357 E.
1397 2320 1434 2353 ac
1461 2320 1529 2355 nero

300 2382 358 2431 eius
377 2395 445 2429 auris
463 2377 495 2431 F.
514 2382 543 2428 at
561 2394 624 2429 uero
642 2390 733 2442 maroc
750 2373 782 2426 A.
801 2377 834 2425 dt
852 2391 917 2427 uero
935 2380 998 2427 autc
1018 2374 1095 2429 ibrr.

802 2472 1016 2485 -n———o—-n

371 2517 396 2571 9.
415 2522 454 2571 Cf.
473 2521 578 2570 Clade
597 2521 642 2569 oti.
660 2520 697 2576 11,
720 2515 768 2576 20.
789 2514 831 2571 71.
858 2518 936 2570 Diod.
960 2517 1013 2571 Sic.
1037 2534 1094 2570 exc.
1120 2518 1178 2570 Vni.
1205 2517 1345 2575 vii-x,
1370 2511 1413 2569 48.
1440 2532 1468 2581 p.
1489 2513 1527 2569 39

300 2592 364 2642 Mai.
384 2592 450 2642 Plut.
470 2592 565 2642 Them.
587 2589 627 2641 18.
644 2591 679 2641 id.
699 2590 826 2654 upophih.
845 2588 951 2654 t'l'hem.
972 2588 1026 2653 11.)

374 2658 414 2713 tu.
434 2662 473 2712 cf.
493 2662 545 2712 Cic.
564 2662 598 2710 dc
616 2661 660 2713 cil.
679 2661 711 2718 ii,
734 2657 774 2718 15,
794 2656 837 2713 53.

372 2734 425 2794 †a
442 2731 555 2782 caritate
572 2729 645 2781 istud
662 2737 743 2798 pater
761 2747 827 2782 auus
844 2747 860 2783 ο
878 2729 1026 2800 Philippus)
1052 2733 1126 2785 iiacc
1151 2733 1177 2782 in
1201 2731 1336 2782 codicibus
1358 2731 1415 2782 ium
1442 2731 1524 2782 foede

302 2805 450 2866 deprauata
473 2803 702 2860 circumicrrmtur,
731 2804 760 2852 nt
784 2805 817 2852 de
842 2805 1015 2855 emendandis
1044 2805 1123 2869 piane
1147 2803 1355 2867 desperauerim.
1403 2801 1521 2853 Exhibul

302 2888 385 2936 supra
403 2873 542 2936 archetypi
555 2874 722 2936 scriptoram,
742 2889 821 2939 quam
834 2877 1024 2926 reconcinnarc
1038 2891 1097 2926 cum
1116 2875 1206 2940 aliqua
1224 2875 1326 2924 ratione
1339 2874 1415 2924 solus
1433 2877 1520 2937 temp·

301 2944 368 2993 tarrlt
380 2943 548 2999 Perizonius;
567 2944 733 3006 probabilem
743 2959 776 2993 ne
786 2943 831 2993 iile
841 2947 945 3010 quidem
956 2947 1053 2996 exitum
1067 2947 1174 2998 inuenit.
1205 2945 1361 2996 coniecerat
1373 2944 1520 3010 aliquando

301 3015 444 3080 legendum
463 3027 527 3063 esse
547 3011 583 3062 od
600 3028 712 3064 amorem
731 3012 771 3063 tui
788 3015 948 3082 conpellarer
966 3030 998 3066 ec
1016 3016 1161 3068 caritatem,
1197 3012 1273 3067 istud
1285 3019 1365 3083 pater
1383 3013 1441 3065 rius
1459 3013 1520 3066 Pti-

301 3081 389 3151 lippas
406 3081 505 3134 maiore
522 3099 554 3134 aa
570 3089 648 3150 parte
666 3088 717 3134 etc.
740 3087 821 3146 atquc
846 3087 944 3137 ultimis
969 3089 1010 3136 his
1033 3090 1123 3138 rrerbis
1148 3089 1287 3137 transitum
1312 3087 1345 3136 ad
1367 3087 1518 3150 proximum

301 3156 452 3219 exemplum
471 3156 527 3204 lieri
547 3158 735 3206 artritrabatur.
772 3158 909 3207 ‘Videntur
927 3159 1011 3214 sanc’.
1031 3159 1120 3224 inqut,
1140 3165 1201 3208 ‘non
1217 3159 1382 3207 incommode
1395 3158 1518 3223 sequenti

302 3228 425 3291 exemplo
443 3227 637 3290 praemittendo
655 3242 728 3277 morc
747 3227 846 3278 Valerii
865 3229 996 3282 sollemni.
1016 3231 1067 3278 boc
1086 3231 1172 3284 modo.
1198 3224 1274 3279 Istud
1285 3233 1366 3295 putet·
1383 3227 1442 3278 einr
1459 3227 1518 3280 rh·-

301 3296 390 3366 lippac
406 3297 506 3349 molere
523 3313 555 3348 ea
568 3303 648 3365 parte
665 3304 795 3350 mercator
807 3298 938 3350 Graeciae
955 3314 1030 3366 quum
1042 3299 1127 3351 uictor
1139 3301 1196 3352 scii.
1209 3303 1309 3349 monuit
1321 3300 1516 3350 Alexandrum:

301 3371 460 3420 Aristoteles
479 3371 568 3420 liutem
587 3371 775 3421 Callisthenem
795 3371 829 3419 od
853 3371 967 3420 cundem
986 3371 1165 3421 Alexandrum
1187 3371 1320 3421 dimittens
1339 3372 1439 3420 monuit
1458 3371 1517 3422 eta*

301 3447 376 3502 erae
395 3457 454 3491 cum
474 3443 627 3492 Perizonius
646 3443 705 3506 ipsc
723 3444 820 3505 postca
837 3442 972 3500 rcieccrit,
992 3458 1044 3492 uon
1063 3443 1207 3493 rotularem
1227 3443 1385 3498 accuratius,
1405 3443 1459 3491 nisi
1478 3455 1515 3492 rc·

301 3513 461 3562 certioribus
485 3512 668 3580 grammaticis
693 3515 720 3562 ct
740 3515 766 3562 ia
792 3513 885 3576 primis
904 3512 1031 3564 'lucrecio
1055 3514 1123 3565 haec
1146 3513 1313 3577 potissimum
1337 3515 1476 3575 tamquam
1499 3528 1518 3561 a

301 3582 407 3633 Valerio
426 3586 546 3646 profecta
563 3584 735 3649 placuissent.
771 3584 827 3633 iam
845 3599 911 3634 ucro
929 3585 1058 3634 transitus
1077 3587 1110 3634 ad
1130 3586 1271 3647 sequentia
1287 3583 1325 3633 ita
1342 3584 1398 3633 fleri
1417 3584 1515 3646 nequit.

301 3668 360 3702 cum
378 3655 404 3703 ia
424 3655 466 3703 his
485 3655 575 3704 uerbis
593 3658 700 3718 praeter
717 3669 814 3703 nomen
834 3655 978 3706 Alexandri
996 3656 1076 3718 pinne
1089 3657 1195 3706 diuerso
1215 3656 1298 3705 relatu
1316 3653 1434 3718 positum
1452 3654 1516 3704 nibil

300 3725 346 3771 aut
364 3740 503 3776 commune
521 3727 556 3774 sit
574 3741 633 3774 curn
652 3725 853 3790 insequentibus
872 3727 918 3776 aut
936 3727 974 3776 iia
992 3727 1044 3775 iliis
1063 3728 1238 3780 contrarium.
1258 3729 1286 3776 ut
1304 3726 1364 3776 iudo
1382 3725 1515 3774 uinculum

300 3793 433 3854 quoddam
452 3799 478 3842 et
496 3810 581 3844 uexns
601 3796 736 3856 utriusque
755 3797 870 3858 exempli
890 3797 973 3858 repeti
991 3797 1112 3859 potuerit.
1153 3798 1256 3847 Deinde
1279 3800 1378 3847 certum
1401 3801 1444 3846 cst
1465 3797 1515 3847 Va·

299 3861 394 3916 terium
412 3878 464 3910 non
483 3865 626 3927 scripsisse
644 3879 677 3914 ac
695 3863 841 3919 caritatem,
862 3881 921 3914 cum
939 3867 965 3915 in
984 3870 1039 3918 toto
1057 3869 1108 3917 hoc
1127 3882 1208 3932 opere
1227 3868 1383 3930 particulam
1402 3881 1436 3916 cc
1454 3871 1515 3918 anic

299 3931 432 3979 uocabula
449 3947 497 3994 per
517 3934 618 3984 iittcrus
637 3937 665 3989 C.
686 3937 715 3990 G,
735 3939 766 3994 Q,
786 3938 808 3984 ii
826 3936 979 3999 incipientia
998 3939 1138 4006 diiigenter
1159 3939 1306 3989 euitauerii.
1333 3937 1391 3990 via.
1412 3939 1446 3988 ad
1472 3938 1514 3990 111.

299 3995 325 4053 2,
345 4002 398 4049 ext.
417 3995 441 4048 ti.
478 4001 512 4050 Et
530 4018 608 4063 qrram
628 4006 739 4062 misere,
759 4021 837 4070 quam
858 4007 1024 4056 abundanter
1048 4011 1074 4060 et
1096 4010 1223 4077 languide
1246 4010 1285 4058 ita
1308 4011 1516 4072 postponeretur

297 4071 362 4119 iilud
381 4068 589 4121 accumulem?
616 4073 705 4124 Taceo
724 4077 793 4126 enirn
813 4078 846 4125 de
865 4077 1052 4140 probabilitate
1070 4081 1232 4136 mutationis,
1251 4095 1320 4144 quae
1338 4095 1371 4130 ne
1390 4079 1416 4130 in
1429 4080 1516 4130 altera

299 4142 406 4206 quidem
425 4141 553 4190 i’crizouii
572 4145 724 4194 coniectura
736 4146 797 4194 huic
816 4149 904 4212 longe,
924 4151 952 4197 ut
971 4149 1033 4199 mihi
1053 4151 1163 4209 uidetur,
1182 4152 1360 4214 pracferenda
1373 4151 1514 4203 satisfacit.

298 4213 392 4280 Pergit
415 4227 529 4278 numque
552 4214 593 4262 uir
617 4215 795 4267 doctissimus.
833 4217 892 4266 ‘i'ix
921 4219 1011 4269 dubito
1039 4223 1183 4284 scripsisse
1211 4223 1346 4272 auctorem
1376 4224 1402 4270 et
1432 4223 1514 4270 mutto

296 4285 408 4348 propius
432 4299 465 4333 ac
487 4283 688 4351 phrasioiogiue
711 4287 782 4335 iliius
807 4289 1021 4354 conuenientius,
1050 4305 1114 4356 quur
1139 4291 1252 4359 pecunia
1280 4289 1317 4342 cd
1339 4306 1452 4343 umorem
1476 4291 1516 4342 tri

297 4353 473 4422 conpellarer.
498 4369 550 4405 aea
573 4351 707 4406 caritate?
728 4353 805 4408 istud
820 4362 901 4425 pater
926 4359 983 4412 aar
1005 4359 1143 4430 Philippus
1165 4366 1215 4415 ctc.
1251 4363 1327 4414 iubet
1350 4377 1417 4431 ergo
1439 4363 1513 4414 ilium

297 4427 436 4490 Phiiippus
454 4441 507 4476 non
525 4425 647 4490 pecunia,
667 4428 714 4478 sed
733 4430 776 4477 sui
794 4431 904 4481 caritate
923 4433 1046 4483 homines
1065 4437 1098 4484 ad
1118 4449 1236 4486 amorem
1255 4434 1427 4498 compellere.
1462 4435 1513 4484 Ca·

295 4498 363 4546 ritas
382 4502 471 4548 autem
489 4513 543 4547 non
560 4501 671 4562 paratur
687 4500 814 4564 pecunia,
839 4503 888 4553 sed
907 4503 1081 4562 humanitate.
1099 4505 1230 4567 obsequio
1249 4510 1275 4557 ct
1293 4506 1397 4557 ciliciis.
1434 4506 1513 4556 Addit

297 4569 332 4614 ad
351 4569 420 4617 hacc
439 4573 585 4632 praecepta
603 4573 709 4629 auctor,
731 4571 796 4622 iilud
819 4573 957 4625 monuisse
981 4577 1085 4638 patrem
1110 4577 1169 4627 eius
1187 4577 1351 4641 Philippum.
1374 4577 1420 4640 qui
1443 4579 1512 4627 adeo

227 4696 233 4711 ι
295 4635 407 4686 feliciter
425 4639 539 4700 pecunia
556 4639 593 4688 uti
612 4643 724 4699 sciebat,
743 4645 772 4691 ut
784 4643 913 4695 Graeciae
931 4646 1033 4697 maiore
1051 4659 1085 4697 cx
1102 4650 1179 4711 parte
1190 4651 1324 4698 mercator
1335 4649 1414 4699 irretit
1431 4663 1512 4714 quam

295 4703 387 4754 uictor.
423 4707 453 4755 in
471 4709 582 4759 aliorum
599 4710 758 4764 lectionibus
782 4715 833 4764 boc
856 4716 1036 4784 subiungitur,
1061 4718 1140 4779 qnasi
1159 4719 1319 4770 contrarium
1337 4722 1413 4772 essct
1428 4718 1511 4784 priori
