3409 5400
272 498 339 569 992
423 489 431 503 ”
503 495 506 503 ’
701 492 761 560 DE
784 490 965 560 FIDVCIA
988 490 1072 559 SVI.

271 656 459 727 Mithridate
487 655 529 721 ob
557 678 626 721 rem
656 654 820 743 publicam
855 654 1059 743 prodendam
1094 652 1267 737 pecuniam
1302 650 1498 735 accepisset,

272 788 409 834 causam
432 786 527 829 suam
549 764 596 829 ita
618 764 701 849 egit:
749 762 819 827 ‘Est
843 764 929 826 enim
952 762 1114 847 iniquum,
1139 756 1292 839 Quirites,
1316 779 1391 820 cum
1412 757 1498 821 inter

271 872 355 939 alios
378 874 525 947 uixerim,
549 870 636 958 apud
660 870 743 935 alios
766 892 819 934 me
835 870 995 933 rationem
1011 869 1098 931 uitae
1112 864 1259 928 reddere.
1293 863 1364 928 Sed
1385 875 1498 927 tamen

272 980 400 1048 audebo
423 1000 496 1055 uos,
521 999 658 1065 quorum
682 977 787 1041 maior
802 998 880 1061 pars
896 975 1077 1041 honoribus
1095 988 1126 1041 et
1141 977 1221 1040 actis
1238 974 1320 1039 meis
1335 973 1498 1035 interesse

271 1111 338 1155 non
365 1088 481 1174 potuit,
510 1087 727 1171 interrogare,
757 1080 879 1147 Varius
903 1084 1047 1147 Seuerus
1071 1082 1291 1148 Sucronensis
1321 1076 1520 1142 Aemilium⁵

271 1197 451 1267 Scaurum,
479 1192 573 1278 regia
599 1189 751 1254 mercede
780 1202 982 1275 corruptum,
1013 1192 1186 1275 imperium
1213 1186 1324 1273 populi
1352 1185 1497 1248 Romani

270 1300 458 1387 prodidisse
485 1300 546 1373 ait,
575 1296 732 1362 Aemilius
757 1296 903 1359 Scaurus
932 1296 1012 1359 luric·
1038 1318 1075 1359 se
1104 1298 1246 1361 adfinem
1274 1313 1349 1356 esse
1378 1290 1497 1375 eulpae

271 1418 382 1494 negat.
426 1403 499 1469 Vtri
526 1400 691 1467 creditis't
738 1402 838 1465 Cuius
864 1430 883 1464 a
910 1403 1125 1467 admiratione
1154 1402 1294 1489 populus
1323 1409 1496 1462 conmotus

270 1512 410 1580 Varium
433 1512 475 1577 ab
502 1509 558 1574 illa
586 1508 834 1572 dementissima
862 1510 990 1572 actione
1014 1511 1171 1595 pertinaci
1194 1508 1337 1572 elamore
1361 1504 1495 1591 depulit.

229 1616 261 1681 9.
361 1620 482 1683 Contra
501 1616 547 1680 M.
564 1616 726 1679 Antonius
753 1615 806 1678 ille
836 1615 995 1691 disertus3
1027 1638 1093 1680 non
1116 1618 1203 1680 enim
1225 1610 1410 1699 respuendo
1436 1610 1534 1675 sedro

271 1723 497 1814 amplectendo
522 1742 642 1786 causae
667 1721 842 1784 dictionem
867 1744 964 1807 quam
988 1724 1147 1787 innocens
1171 1734 1259 1786 esset
1274 1730 1408 1783 testatus
1434 1728 1495 1781 est.

272 1830 436 1912 Quaestor
458 1830 671 1916 proficiscens
688 1828 722 1890 in
737 1826 865 1902 Asiam,
888 1826 1101 1894 Brundisium
1123 1829 1187 1893 iam
1212 1836 1416 1915 peruenerat,
1440 1822 1496 1886 ubi

270 1938 385 2003 litteris
409 1936 526 1999 certior
548 1934 664 1998 incesti
688 1954 724 1997 se
742 1933 940 2019 postulatum
966 1936 1054 2021 apud
1070 1935 1108 2002 L.
1125 1936 1277 2000 Cassium
1300 1944 1496 2020 praetorem,

274 2131 298 2185 l.
317 2134 451 2183 mitridate
469 2128 499 2183 Α.
515 2126 567 2199 113.
587 2132 657 2195 apud
676 2132 736 2181 iilos
749 2126 775 2181 Γ
774 2169 781 2182 .
796 2126 808 2199 ΙΙ
823 2131 877 2197 me]
892 2137 956 2205 post
972 2135 1101 2184 rationem
1114 2129 1143 2182 F.
1161 2146 1240 2183 meae
1251 2126 1319 2182 ΒΓ.
1330 2127 1344 2196 lt
1355 2124 1381 2179 5.
1397 2140 1495 2178 uarrus

271 2200 337 2258 DF.
349 2202 362 2271 ΙΙ
375 2204 493 2255 Seuerus
511 2218 560 2257 cm.
582 2199 659 2253 l'orr.
674 2199 685 2270 ΙΙ
700 2204 858 2255 neronensis
873 2217 918 2270 pr.
937 2201 969 2256 Α.
988 2204 1171 2254 mucroncnsis
1191 2217 1262 2255 corr.
1279 2200 1311 2252 Δ.
1335 2200 1494 2250 ueronensis

270 2272 454 2328 BGDEFF.
476 2272 517 2341 Qs.
534 2272 623 2341 praes.
637 2288 667 2340 p.
687 2268 756 2395 Sliq
770 2270 795 2325 6.
815 2276 912 2341 regina
932 2273 1028 2340 0118.
1048 2273 1140 2340 Cuius]
1167 2270 1228 2324 add.
1253 2273 1316 2322 dicti
1339 2268 1404 2323 EF·
1430 2264 1494 2322 add.

272 2346 437 2399 detensionis
458 2344 490 2397 Γ.
507 2346 521 2413 ΙΙ
541 2342 580 2397 10.
600 2346 636 2396 M.
660 2360 708 2397 om.
758 2342 795 2410 .ΙΙ
813 2347 882 2395 enim
907 2361 956 2397 om.
974 2344 1005 2397 Γ.
1027 2344 1039 2411 ΙΙ
1062 2343 1101 2397 ta.
1125 2346 1297 2395 brundusium
1321 2339 1409 2394 ΒΕΓ
1416 2339 1494 2391 Torr.

269 2418 443 2470 brondusium
464 2414 492 2469 0.
511 2418 679 2467 brundutium
698 2414 728 2468 F.
756 2414 797 2481 Os.
820 2412 858 2470 V.
882 2414 904 2474 1,
926 2415 948 2468 l.
975 2414 1026 2471 Vr.
1047 2411 1072 2474 a.
1092 2412 1117 2468 5.
1142 2412 1197 2470 IX,
1218 2410 1243 2474 8,
1263 2413 1319 2482 ap
1339 2409 1379 2465 13.
1400 2414 1494 2463 certio·

270 2492 346 2542 ratus
364 2484 401 2540 D.
420 2489 515 2539 certior
534 2490 620 2539 tactus
642 2485 718 2541 Tcrr.
733 2484 745 2558 ΙΙ
759 2489 904 2553 spoliatum
925 2486 953 2539 0.
968 2486 981 2555 ΙΙ
994 2488 1158 2553 praetorem]
1177 2484 1239 2537 add.
1258 2489 1389 2536 urbanum
1407 2482 1445 2537 D.

272 2668 318 2731 qui
336 2666 435 2717 crimen
453 2664 573 2731 proditae
592 2668 630 2717 rei
649 2668 772 2732 publicae
791 2668 893 2718 Scauro
913 2670 1043 2718 obiectum
1062 2682 1125 2719 esse
1139 2666 1313 2717 tradiderunt.
1349 2662 1403 2713 Sed
1421 2662 1494 2713 idem

272 2741 310 2790 M.
329 2737 457 2788 Aemilius
476 2737 593 2788 Scaurus
613 2741 817 2801 repetundarum
837 2755 942 2801 quoqne
962 2740 1114 2789 criminibus
1134 2740 1236 2795 haesit,
1261 2752 1319 2785 cum
1344 2751 1362 2784 a
1379 2737 1411 2794 Q.
1431 2733 1493 2783 Ser·

271 2810 334 2860 uilio
354 2810 487 2872 Caepione
507 2810 567 2878 lege
586 2809 700 2859 Seruilia
717 2811 907 2873 postularetur.
928 2812 996 2874 quod
1016 2811 1042 2858 in
1059 2811 1179 2860 Asiatica
1197 2809 1333 2876 legatione
1351 2807 1493 2870 pecuniam

272 2880 432 2944 accepisset.
468 2881 507 2932 Cf.
525 2883 624 2931 Ascon.
643 2881 660 2928 l.
680 2896 702 2931 c.
723 2883 813 2931 Orelli.
833 2897 921 2931 onom.
939 2881 1008 2931 Trrll.
1032 2898 1060 2945 p.
1083 2877 1112 2930 li
1133 2881 1160 2930 et
1178 2894 1237 2945 sqq.
1274 2878 1386 2928 Ellendt.
1405 2877 1492 2940 praei.

272 2955 306 3003 ad
326 2953 378 3004 Cic.
392 2952 465 3002 Brut.
484 2969 510 3014 p.
528 2948 572 3000 tr.
596 2951 741 3002 Drumann.
760 2954 855 3020 geseh.
874 2951 956 3002 Roms
975 2952 994 3009 1.
1014 2967 1040 3015 p.
1053 2949 1096 3004 Yl.
1133 2951 1182 3000 His
1195 2951 1299 2999 duobus
1314 2948 1416 2998 iudiciis
1429 2963 1492 2998 eon·

270 3024 339 3074 fusis
359 3023 481 3087 equidem
500 3036 659 3086 persuasum
681 3024 768 3072 liabeo
788 3024 922 3073 Valerium
942 3037 1082 3087 peccasse,
1103 3039 1163 3077 nnn.
1183 3025 1212 3071 ut
1230 3021 1296 3071 mire
1316 3021 1408 3070 censet
1425 3019 1493 3068 Tor·

270 3095 369 3150 ronias,
389 3094 458 3157 quod
477 3094 642 3143 meminisset
661 3093 790 3143 Scaurum
812 3095 958 3162 iugurthae
982 3096 1056 3162 regis
1073 3095 1188 3157 pecunia
1209 3092 1361 3155 corruptum
1385 3106 1403 3138 a
1419 3091 1491 3139 bono

269 3164 437 3226 honestoque
455 3162 482 3212 iu
499 3178 611 3226 prauum
631 3166 794 3216 abstractum
814 3167 898 3214 inisse
917 3166 994 3231 (Sall.
1019 3167 1076 3234 ing.
1100 3161 1156 3230 29.)
1181 3167 1208 3214 et
1226 3164 1406 3214 Mithridatem
1430 3175 1491 3210 cum

270 3236 401 3304 Iugurtha
418 3234 590 3285 obaudisset

345 3302 444 3356 Varius
459 3303 582 3366 Seuerus)
607 3305 717 3355 Reddidi
736 3313 766 3369 Q.
786 3309 866 3358 Vario
886 3323 1033 3375 cognomen
1058 3309 1180 3357 omnibus
1203 3307 1338 3357 codicibus
1357 3319 1490 3354 commen·

271 3381 376 3436 datum,
402 3378 435 3427 de
459 3393 510 3443 quo
536 3393 582 3427 cnr
607 3377 770 3438 dubitemus,
794 3395 957 3442 quamquam
978 3383 1013 3428 ab
1032 3381 1091 3429 aliis
1110 3379 1286 3442 scriptoribus
1304 3389 1357 3426 non
1376 3389 1491 3425 comme·

268 3453 395 3508 moratur,
415 3455 525 3500 causam
544 3451 623 3498 acideo
642 3449 749 3498 nullum.

345 3517 637 3581 Ouiasaodmirotione)
661 3521 810 3570 Relatiunm
829 3519 905 3571 cuiue
921 3527 1007 3587 neque
1026 3524 1060 3571 ad
1076 3519 1313 3585 ipsumScaurum,
1332 3520 1355 3568 si
1373 3519 1490 3583 aliquem

268 3594 338 3644 inter
355 3593 424 3643 haec
443 3595 469 3642 et
486 3593 675 3656 praecedentia
692 3607 790 3641 nexum
809 3607 874 3642 csse
893 3593 1051 3649 credideris,
1070 3607 1157 3654 neque
1177 3592 1212 3640 ad
1232 3592 1321 3642 omnia
1337 3592 1399 3645 ista,
1419 3603 1490 3650 quae

268 3665 296 3712 in
314 3678 416 3714 causae
426 3665 540 3714 dictione
549 3665 694 3728 protulerat
705 3662 832 3721 Scaurus,
851 3665 944 3713 referri
962 3665 1059 3727 potest.
1086 3665 1180 3728 ltaque
1193 3677 1260 3712 sane
1272 3661 1370 3712 excidit
1381 3661 1489 3724 aliquid,

271 3748 323 3794 quo
341 3735 466 3794 pertinuit
484 3733 566 3785 carisa
609 3735 702 3796 Neque
726 3740 816 3789 tamen
839 3736 928 3797 piacet
951 3737 1019 3798 quod
1043 3736 1071 3784 in
1093 3736 1213 3802 uolgatis
1232 3733 1429 3797 exemplaribus
1448 3745 1489 3781 re·

271 3803 376 3864 ceptum
395 3805 453 3850 erat
469 3806 618 3855 tacentibus
637 3807 743 3855 omnino
763 3807 796 3854 de
815 3807 918 3854 deiectu
938 3807 1097 3863 editoribus,
1123 3821 1183 3853 cum
1202 3805 1258 3853 ueri
1277 3804 1364 3852 simile
1382 3818 1435 3852 non
1454 3803 1490 3850 stt

269 3871 407 3922 Valerium
431 3887 535 3924 omnem
558 3875 630 3924 illam
651 3875 743 3925 Scauri
773 3876 956 3924 defensionem
985 3874 1052 3926 dicti
1079 3877 1210 3925 uocabulo
1234 3876 1489 3938 comprehensurum

270 3941 364 3993 tblsse.
400 3942 497 3992 Melius
516 3945 595 4012 igitur
618 3947 787 3995 abbreniator
807 3947 1032 4010 Guelferbytanus
1057 3948 1191 4009 suppleuit
1213 3942 1381 4011 detensionis.
1418 3944 1489 3993 Scri·

268 4015 363 4076 paerat
381 4014 498 4063 fortasse
517 4021 609 4064 auctor
628 4014 708 4066 Cuius
717 4013 837 4082 fiduciae
855 4013 1029 4066 admiratione
1047 4018 1091 4067 uel
1109 4018 1195 4067 simile
1213 4018 1321 4081 aliquid.

341 4077 367 4136 9.
385 4080 482 4134 litteris
499 4084 605 4145 certior)
628 4085 766 4149 Suppleuit
789 4087 873 4136 Aldus
889 4084 985 4152 sactus
1002 4090 1064 4151 post
1082 4087 1192 4147 certior,
1217 4090 1287 4152 quod
1311 4091 1346 4137 ab
1365 4089 1488 4149 omnibus

267 4155 344 4234 libris
363 4155 476 4204 alienum
497 4155 547 4205 est.
583 4157 616 4204 lit
634 4171 692 4204 cnm
711 4171 760 4207 usu
780 4161 916 4222 receptum
934 4159 1014 4208 suerit
1032 4159 1170 4212 certiorem
1181 4157 1256 4226 fieri.
1277 4161 1367 4221 quidni
1386 4161 1489 4208 dicatur

269 4227 417 4284 cerneris,
437 4226 480 4290 qui
500 4226 594 4275 certior
618 4227 704 4277 iaetus
717 4229 790 4279 'esti
821 4230 914 4295 Itaque
937 4231 1102 4299 singularem
1123 4232 1284 4281 locutionem
1307 4232 1489 4281 adnotandam

268 4299 340 4358 duxi,
358 4313 412 4350 non
430 4297 632 4350 emendandam,

337 4366 372 4423 L.
393 4365 522 4430 Cassium)
544 4367 640 4418 Procul
663 4369 742 4421 dubio
767 4371 846 4438 igitur
869 4373 904 4423 M.
924 4372 1055 4422 Antonios
1079 4389 1111 4424 eo
1135 4374 1231 4422 iudicio
1248 4374 1400 4437 implicatus
1419 4377 1486 4431 erat.

267 4456 318 4509 quo
337 4442 463 4496 Aemilia,
489 4441 604 4496 Mareia.
629 4439 743 4498 Licinia,
767 4443 886 4510 uirgines
904 4445 1030 4494 Vestales
1052 4445 1147 4494 incesti
1170 4458 1235 4494 reae
1253 4445 1397 4494 damnatae
1416 4447 1487 4495 sunt.

266 4515 306 4566 Gi.
324 4513 423 4564 Ascon.
441 4513 468 4561 in
486 4513 577 4562 Milon.
600 4505 644 4570 12,
670 4505 704 4562 32
729 4529 754 4576 p.
773 4507 808 4562 td
833 4515 915 4566 Orell.
944 4517 1022 4566 Oros.
1042 4516 1077 4574 V,
1100 4511 1140 4567 15.
1169 4516 1228 4567 Val.
1253 4516 1327 4565 Max.
1346 4517 1395 4569 Vl.
1414 4513 1440 4573 8,
1463 4515 1485 4568 l.

266 4587 343 4643 Quod
364 4584 488 4634 iudicium
513 4600 573 4634 eum
596 4587 683 4633 actum
709 4583 743 4633 sit
767 4599 837 4635 anno
862 4581 916 4635 640
938 4602 963 4638 a.
982 4601 1007 4638 u.
1027 4603 1049 4638 e.
1078 4587 1148 4650 (Lau.
1174 4601 1217 4650 ep.
1238 4587 1298 4638 libr.
1316 4587 1412 4637 LXill.
1435 4588 1486 4639 Iul.

183 4683 187 4693 ι
266 4657 367 4721 Obseq.
386 4652 451 4718 tlh),
470 4670 523 4705 nou
542 4657 663 4720 potuisse
681 4657 835 4720 praeturam
853 4657 915 4707 tuuc
933 4658 1060 4720 temporis
1083 4658 1203 4708 obtinere
1226 4658 1258 4710 L.
1278 4659 1415 4718 Cossium,
1441 4660 1487 4724 qui

265 4739 335 4782 tuno
353 4721 404 4786 921
422 4727 476 4784 iau
495 4729 633 4788 consulatu
653 4727 680 4780 et
698 4729 803 4782 biennio
821 4729 885 4796 post
902 4729 1135 4782 censuratuuctus
1148 4729 1191 4792 sit,
1210 4731 1284 4782 recte
1298 4730 1487 4784 animaduertit
