3409 5400
316 410 378 477 ιιι
689 336 1158 460 loucnsuuormmvs.

272 571 302 636 3.
403 561 577 628 Gentilicia
595 556 731 624 nomina
745 551 854 618 Varro
871 559 963 636 putat
976 549 1079 614 fuisse
1095 567 1240 612 numero
1257 570 1315 622 α,
1345 547 1552 632 praenoscis

313 677 403 740 circa
424 667 532 736 XXX.
579 665 696 730 Pueris
725 683 792 726 non
820 660 912 747 prius
941 678 1040 743 quam
1067 665 1181 744 togam
1215 653 1370 720 uirilem
1396 673 1538 717 summ

313 778 431 869 puellis
455 795 522 840 non
546 783 621 840 anie
644 793 744 858 quam
759 766 919 832 nuberent
932 763 1148 851 praenomina
1161 762 1302 848 imponi
1324 761 1453 824 moris
1479 759 1547 821 iu's

316 887 358 970 Q.
382 881 547 950 Scaeuola
569 889 764 944 auctorest.
818 872 912 954 Quae
940 871 1017 937 olim
1039 868 1263 957 praenomina
1294 868 1473 938 fuerunt,
1496 889 1543 928 o:

317 995 518 1083 cognomina
540 997 625 1062 suut,
648 995 683 1048 ut
704 983 893 1056 Postumus,
916 979 1077 1066 Agrippa,
1099 975 1278 1050 Proculas,
1306 975 1471 1041 Caesar,

823 1094 1035 1110 ..φῇ

321 1156 345 1210 1.
362 1169 472 1206 numero
484 1148 528 1217 x]
547 1150 686 1199 innumera
705 1141 782 1198 Torr.
796 1143 809 1213 ΙΙ
821 1143 848 1194 et
865 1143 1039 1208 praenomina
1057 1137 1135 1191 Torr.
1146 1135 1197 1209 116
1217 1138 1398 1188 Postumius
1420 1135 1489 1188 Pe.

390 1292 417 1349 ³.
434 1297 596 1348 namnam)
615 1289 712 1341 Valerii
731 1289 837 1338 codices
856 1289 955 1345 notam,
975 1301 1028 1352 qua
1046 1283 1209 1334 missenarius
1222 1295 1368 1332 numerus
1385 1281 1537 1348 signiter.

319 1383 373 1421 non
400 1367 561 1417 intellectam
589 1364 742 1412 omiserunt.
788 1363 845 1420 Quo
874 1359 944 1408 iacto
968 1357 1091 1425 Pighius,
1113 1369 1172 1406 cum
1202 1355 1231 1402 in
1260 1357 1380 1403 ‘uetera
1414 1353 1547 1400 eodicc's

319 1451 425 1492 mero
459 1435 638 1500 repperisset,
666 1431 809 1498 legendum
837 1443 902 1482 esso
926 1430 1038 1478 coniecit
1059 1425 1208 1482 merc,
1244 1425 1351 1475 merito
1390 1439 1434 1474 eo
1467 1438 1536 1472 m·

319 1511 501 1575 reprehensus
520 1521 538 1555 s
555 1505 679 1573 Berglrio.
716 1503 797 1553 liceto
822 1502 892 1552 enim
915 1501 960 1550 ille
983 1515 1000 1548 a
1023 1498 1228 1565 diligentissimo
1253 1495 1449 1560 antiquitatis
1470 1509 1547 1542 scu.-

320 1585 379 1633 tore
397 1579 588 1631 accuratiorem
602 1577 660 1626 elus
672 1573 774 1624 numeri
787 1572 964 1622 definitionem
977 1571 1112 1635 expectari
1123 1569 1228 1619 obiecit.
1268 1567 1382 1617 Veram
1404 1568 1546 1630 seriptum

320 1667 390 1704 nunc
410 1651 534 1715 praebuit
552 1648 657 1697 Paridis
675 1646 761 1695 codex
779 1645 933 1694 Vaticanus.

392 1718 488 1773 Pueris
504 1733 557 1770 aes
570 1715 725 1784 priusquam
743 1719 828 1780 iopam
845 1711 949 1764 airitera
966 1715 1105 1772 maereat)
1125 1710 1247 1760 isustrico
1266 1711 1326 1767 die,
1349 1709 1403 1776 qui
1425 1725 1541 1774 paam

321 1793 380 1846 erat
402 1803 503 1846 nonus,
525 1788 674 1852 puellarum
698 1787 824 1844 octauus,
854 1785 971 1834 inientes
995 1785 1102 1832 nomina
1125 1781 1268 1845 accepisse
1289 1781 1481 1831 tradiderant
1508 1781 1545 1828 Ε’-

321 1864 431 1914 tarchus
450 1860 555 1922 quaest.
574 1858 649 1908 Rom.
669 1852 730 1908 loa.
760 1857 880 1908 Macrob.
898 1855 956 1906 Sat
977 1854 997 1911 1,
1018 1850 1062 1905 16.
1082 1853 1181 1903 Arnob.
1199 1851 1244 1909 lli,
1267 1847 1334 1902 loz.
1369 1853 1546 1914 nimam

321 1933 415 2002 igitur,
439 1944 509 1992 quae
531 1930 599 1980 inter
623 1932 654 1990 Q.
680 1926 829 1979 Scaeuolae
854 1929 881 1977 et
905 1928 1065 1988 reliquorum
1089 1925 1246 1986 scriptorum
1266 1923 1472 1972 testimoniam
1489 1925 1545 1970 isc:-

323 2003 401 2062 cedit,
420 2001 459 2052 ita
477 2000 638 2065 explicanda
656 2000 706 2057 esi,
725 2001 753 2049 ut
773 2000 845 2049 illum
865 1999 898 2048 de
916 1997 1013 2061 priscis
1031 1998 1132 2046 tantum
1156 1993 1229 2043 uirbis
1246 1993 1363 2044 Romae
1383 1995 1540 2058 tempests·

321 2077 375 2127 hos
394 2075 428 2126 de
446 2072 593 2124 recentiore
613 2071 703 2122 aetate
721 2071 860 2138 cogitasse
878 2071 1042 2126 statamus,
1067 2066 1191 2129 queraris
1214 2078 1248 2114 no
1267 2066 1307 2114 ita
1328 2066 1454 2130 quidam
1471 2069 1544 2130 probs

322 2147 386 2198 blils
410 2145 446 2196 sit
463 2142 613 2194 Scaeuolae
632 2143 729 2206 opinio,
748 2141 879 2206 siquidem
897 2141 1014 2190 maxime
1038 2152 1177 2201 quousque
1201 2137 1229 2186 in
1245 2136 1345 2199 patria
1365 2137 1456 2187 domo
1475 2151 1543 2186 nerse

322 2218 420 2268 bantur
438 2215 523 2274 liberi,
541 2213 758 2279 praenominibus
781 2225 830 2261 eos
849 2213 918 2261 inter
942 2224 973 2261 se
997 2209 1111 2260 discerni
1134 2207 1288 2272 oportuerit.
1326 2208 1459 2268 Quintus
1475 2222 1540 2256 anm

324 2287 458 2341 Scaeuola
474 2286 569 2352 procui
587 2285 665 2334 dubio
684 2282 802 2348 pontifex
820 2282 865 2333 ille
882 2283 1016 2333 maximos
1034 2284 1090 2340 est,
1115 2279 1362 2345 eloquentissimus
1383 2283 1416 2330 ct
1434 2281 1499 2330 iaris
1511 2293 1540 2342 pr

325 2359 477 2418 ritisslmus,
498 2358 541 2423 qui
560 2356 653 2407 consul
672 2357 731 2406 erat
748 2370 773 2406 a.
792 2369 817 2406 u.
837 2369 860 2405 c.
878 2348 940 2405 666.

395 2428 542 2492 Postremae)
568 2427 649 2478 codd.
668 2421 827 2482 Postumiae,
855 2425 926 2490 quod
954 2425 1008 2474 lam
1036 2424 1149 2494 Pighius
1179 2423 1348 2474 correxerat.
1402 2424 1470 2474 tirsi
1491 2425 1536 2473 εἰ

323 2501 469 2554 Postumus
487 2499 603 2564 antiquis
621 2498 784 2562 temporibus
807 2509 984 2560 praenomen,
1008 2495 1084 2544 eolus
1107 2495 1159 2544 duo
1183 2507 1266 2556 supra
1289 2496 1433 2559 exempla
1456 2509 1535 2559 repar·

324 2573 479 2630 cantantum
509 2569 604 2622 deinde
627 2582 776 2638 cognomen
799 2567 884 2617 extitit
906 2569 934 2616 iu
958 2567 1084 2635 gentibus
1102 2565 1194 2623 Vibia,
1222 2564 1349 2622 Rabiria,
1385 2565 1467 2621 aliis:
1490 2569 1533 2614 sic:

324 2641 448 2713 Agrippa
466 2641 529 2692 olim
546 2653 709 2705 praenomen
728 2639 801 2689 Siluii
821 2639 904 2706 rogis,
922 2639 1113 2696 hieronimum,
1135 2635 1273 2686 Furiarum
1289 2637 1372 2701 (lia.
1387 2637 1424 2696 11,
1446 2635 1485 2690 ii.
1497 2637 1531 2685 m

326 2710 368 2767 11.
387 2714 444 2773 1111,
467 2706 508 2764 13.
525 2712 571 2771 111,
590 2707 633 2765 66.
653 2713 684 2770 V,
703 2706 769 2777 32),
788 2712 894 2775 proprie
912 2710 945 2759 iis
964 2710 1098 2769 tributum,
1117 2709 1161 2775 qui
1174 2708 1321 2757 nascentes
1340 2708 1373 2757 in
1395 2712 1480 2773 pedes
1493 2724 1531 2772 pcc

326 2784 475 2843 cesserunt,
495 2786 523 2833 ut
540 2782 681 2845 opinantur
699 2782 784 2833 Verre
808 2796 851 2845 ap.
871 2781 938 2834 Geli.
955 2780 1029 2839 XVI,
1049 2776 1091 2833 16.
1114 2779 1180 2830 Ptin.
1199 2780 1226 2829 li.
1243 2792 1272 2828 ιι.
1289 2778 1356 2837 vll,
1378 2777 1416 2838 8,
1435 2776 1531 2849 6611

326 2855 413 2914 Quint.
432 2854 451 2911 l,
469 2849 496 2912 l,
514 2848 557 2903 25.
576 2850 653 2903 Seru.
666 2851 700 2899 ad
713 2850 781 2903 Aen.
794 2852 863 2911 Vlll,
882 2846 949 2910 oea
969 2852 1064 2902 deinde
1077 2863 1225 2921 cognomen
1242 2850 1269 2899 in
1281 2849 1415 2909 Pontela,
1436 2853 1531 2903 mama

325 2924 358 2976 Vi
378 2923 457 2973 asnia
495 2926 564 2973 ente.

359 2938 376 2987 p
395 2937 535 3053 Promisi)
554 2993 683 3043 Proculus
703 2994 848 3044 secundum
868 2995 944 3047 Paul.
963 2995 1031 3045 diac.
1050 2988 1138 3059 pm
1157 2994 1203 3044 alii
1221 2992 1306 3043 dictos
1326 2994 1460 3057 putarunt
1475 3005 1530 3044 naas

325 3066 403 3131 patre
421 3064 611 3131 peregrinante
628 3066 721 3129 procul
739 3080 757 3115 a
774 3066 863 3129 patria
882 3065 928 3130 (et
946 3066 1015 3118 Plot.
1034 3066 1130 3118 Coriol.
1150 3061 1214 3129 11.),
1233 3064 1278 3113 alii
1295 3066 1430 3128 patribus
1446 3068 1529 3117 saa-⁵

326 3136 404 3203 quasi
431 3136 523 3198 procul
545 3136 700 3203 progressis
729 3136 818 3187 aetate
843 3139 932 3188 natos.
975 3138 1150 3187 Praenomine
1180 3136 1225 3185 lllo
1254 3136 1298 3184 usi
1325 3139 1394 3187 sant
1419 3139 1528 3206 (ἱερή

326 3208 479 3261 Macerinus
498 3222 554 3263 cos.
572 3208 644 3273 (Liu.
661 3206 724 3265 illl,
745 3203 809 3274 la),
827 3208 911 3258 iulias
929 3211 1040 3259 senator
1057 3207 1127 3272 (bio.
1138 3207 1159 3266 l,
1174 3200 1236 3272 li).
1254 3206 1405 3273 Verginius
1417 3209 1528 3258 ilica&

327 3280 430 3331 Rutilus
449 3292 505 3331 eos.
524 3296 549 3331 a.
569 3294 594 3331 u.
613 3294 636 3329 e.
654 3272 716 3336 iii,
734 3279 793 3336 alin
813 3280 972 3347 cognomine
990 3281 1036 3331 Cn.
1054 3280 1215 3330 Acerronius
1231 3290 1288 3330 cos.
1306 3293 1354 3341 ap.
1372 3278 1455 3333 Faba
1471 3283 1528 3329 iam

326 3368 354 3417 p.
372 3347 425 3403 614
444 3365 469 3402 n.
490 3346 523 3402 13
542 3350 668 3410 Licinius,
687 3350 839 3414 praelectus
859 3351 999 3413 praetorio,
1018 3352 1091 3414 apud
1109 3350 1175 3401 Tac.
1193 3350 1204 3399 l
1223 3349 1285 3400 hist.
1303 3346 1348 3402 87.

400 3419 511 3486 Cacsar)
536 3421 733 3487 Nescioquam
754 3435 816 3472 uere
840 3422 932 3471 auctor
955 3423 1007 3471 boc
1025 3422 1088 3471 olim
1111 3422 1180 3473 later
1196 3421 1374 3485 praenomina
1389 3423 1475 3473 fuisse
1490 3433 1528 3471 aa

327 3494 414 3551 tuerit,
433 3507 494 3543 cum
512 3506 591 3544 nemo
610 3494 698 3541 adbuc
717 3492 866 3550 innotuerit,
885 3493 972 3559 quiec
989 3493 1163 3557 praenomine
1182 3504 1248 3542 usus
1265 3492 1310 3541 sit.
1345 3492 1452 3544 Primus
1467 3495 1528 3544 affl.

328 3565 398 3629 quod
416 3577 467 3614 nos
486 3564 591 3628 quidem
616 3564 730 3621 scimus,
755 3564 781 3613 ld
804 3577 901 3613 nomen
925 3563 1032 3622 babuit,
1057 3566 1108 3613 sed
1130 3578 1179 3628 pro
1203 3562 1361 3632 cognomine
1383 3563 1450 3617 Sex.
1467 3568 1528 3615 lain

327 3638 438 3693 Caesar,
457 3634 565 3697 praetor
584 3650 609 3686 a.
627 3626 688 3687 546.
713 3634 752 3685 ct.
771 3634 951 3692 Llu.xllvl1,
969 3631 1013 3686 al.
1039 3635 1133 3697 Neque
1150 3636 1241 3686 umen
1257 3634 1318 3684 ideo
1335 3633 1467 3686 Pannonii
1482 3653 1529 3687 eoa

327 3706 429 3757 iectura
447 3705 543 3767 placet,
563 3706 706 3775 legendum
726 3718 789 3756 esse
808 3720 857 3769 pro
876 3720 909 3755 eo
929 3705 957 3755 tn
974 3708 1089 3757 transitu
1108 3708 1142 3755 ad
1166 3707 1307 3771 sequentia
1331 3702 1456 3761 caena
1487 3712 1528 3758 st·

327 3778 433 3839 ruptam
451 3775 477 3824 ln
496 3776 670 3841 sequentibus
694 3776 841 3827 orationem
865 3777 955 3826 mirari
977 3792 1031 3827 non
1055 3778 1171 3829 debebat
1192 3778 1220 3827 in
1238 3778 1290 3826 bac
1308 3780 1467 3841 compendii,
1487 3796 1527 3830 non

326 3846 424 3912 integri
443 3847 532 3908 operis
556 3849 659 3899 natura.
699 3846 829 3899 Fortasse
852 3848 981 3897 deriuatio
1006 3849 1120 3900 nominis
1142 3864 1161 3898 a
1182 3849 1311 3899 nascendi
1334 3850 1445 3913 quodam
1467 3867 1527 3901 casu

328 3916 442 3981 quaein
461 3919 676 3976 praenominibus
695 3920 810 3969 maxime
829 3918 951 3969 adbiberi
969 3918 1077 3973 solebat
1095 3937 1113 3970 a
1136 3920 1332 3989 grammaticis,
1354 3934 1436 3971 eausa
1459 3926 1527 3974 exiti

329 4001 375 4037 cur
393 3987 495 4037 Cacsar
514 4003 676 4053 praenomen
695 3990 757 4041 olim
777 3990 861 4040 tuisse
880 3990 1039 4043 crederetur.
1080 3991 1133 4043 alii
1156 3993 1227 4042 enim
1248 3992 1286 4041 ita
1303 3992 1448 4055 appellatos
1465 4004 1527 4059 puls

327 4058 389 4109 runt
407 4072 466 4109 cum
485 4062 607 4111 caesarie
625 4064 705 4111 natos
724 4061 811 4126 (Paul.
830 4061 898 4113 diac.
917 4078 943 4126 p.
955 4057 988 4113 ii
1003 4063 1100 4128 Muli),
1118 4063 1164 4113 alli
1182 4078 1217 4113 ex
1235 4064 1309 4113 utere
1327 4064 1413 4113 matris
1429 4074 1525 4117 aserim

329 4129 408 4194 (Ptin.
426 4130 453 4181 h.
472 4144 498 4182 n.
517 4130 578 4189 Vll,
598 4126 628 4189 9,
653 4129 668 4180 1
688 4134 714 4196 s.
733 4127 797 4195 ln).
822 4132 861 4182 ci.
881 4132 962 4183 etlam
980 4131 1069 4197 Spart.
1088 4134 1133 4185 nit
1155 4134 1213 4186 del.
1233 4129 1343 4186 Venit
1365 4134 1452 4187 isidor.
1470 4141 1525 4207 or'g.

327 4200 381 4261 IX,
404 4194 434 4261 ³,
461 4196 503 4254 la
526 4202 622 4253 Zonar.
641 4202 680 4261 Χ,
708 4198 748 4253 11.
785 4202 817 4252 Ni
841 4204 932 4256 tamen
950 4205 1041 4255 omnia
1062 4220 1106 4257 me
1127 4204 1235 4266 indunt,
1259 4206 1420 4256 scribendam
1443 4206 1523 4261 Gamo.

328 4286 382 4323 non
407 4269 515 4325 Caesar.
560 4273 627 4323 lllud
652 4274 722 4323 enlm
746 4288 910 4337 praenomen
929 4276 991 4326 olim
1010 4279 1082 4336 erat,
1108 4279 1136 4326 ui
1159 4278 1232 4328 reete
1251 4277 1359 4343 Pighius
1379 4279 1523 4332 obmroauit.

329 4344 425 4405 usique
448 4358 481 4395 eo
505 4344 568 4395 sunt
585 4342 690 4404 Duellil,
715 4344 798 4405 Publi,
824 4346 929 4407 Quintii.
954 4348 993 4400 ci.
1010 4348 1068 4400 Liu.
1086 4348 1137 4407 111,
1156 4343 1200 4399 ot.
1219 4348 1256 4405 ll,
1275 4345 1307 4398 n
1328 4349 1355 4398 et
1369 4344 1408 4401 ia
1429 4350 1471 4409 lil,
1490 4351 1521 4403 tl.

328 4414 364 4465 lit
381 4416 477 4477 postea
495 4416 522 4467 in
540 4430 690 4484 cognomen
709 4416 774 4465 abiit
792 4418 819 4467 et
839 4420 985 4469 uocabatur
1003 4432 1036 4470 eo
1054 4420 1083 4471 c.
1102 4420 1240 4471 Cornelius
1258 4418 1421 4472 (111011.
1441 4423 1521 4475 Gallus

329 4487 417 4534 caeso
436 4501 480 4549 ap.
491 4486 563 4541 (irat.
582 4503 609 4552 p.
631 4484 689 4547 1⁰5.
710 4482 751 4538 il.
788 4488 901 4549 Quodsi
919 4491 1022 4549 ltaest,
1040 4490 1231 4559 gramsslmum
1253 4490 1361 4554 eripitur
1375 4489 1519 4545 Grotcieniio

328 4554 537 4618 tundamentum,
563 4573 614 4624 quo
638 4559 716 4609 nixus
739 4558 833 4610 Verrio
857 4558 954 4611 Flacco
978 4562 1030 4611 boc
1054 4575 1122 4627 opus
1151 4563 1185 4613 de
1211 4561 1361 4611 nominibus
1382 4562 1518 4633 adsignauit

329 4624 399 4685 quod
427 4627 472 4688 qui
496 4628 564 4683 haee
587 4630 696 4683 nomme
721 4644 767 4695 pro
791 4631 922 4695 exemplis
941 4633 1078 4697 posuisset
1099 4634 1161 4686 sine
1180 4633 1260 4685 dubio
1283 4634 1319 4685 de
1337 4632 1395 4685 Gaio
1409 4638 1433 4687 et
1448 4636 1516 4688 Lucio
