3409 5400
303 467 369 537 tot
391 466 585 535 INFAMES
596 464 672 534 REI
684 463 852 550 QVIBVS
863 465 923 533 nu
937 460 1095 532 CAVSIS
1107 460 1333 531 ABSOLVTI
1351 460 1478 528 ETG.

303 628 383 696 tulit
428 628 466 693 L.
478 628 590 715 Scipio
607 639 685 716 post
701 628 983 715 speciosissimum
1003 624 1201 713 triumphum
1216 624 1357 713 derege
1376 618 1561 688 Antiocho
1599 652 1600 655 ¹

304 737 435 803 ductum
458 736 593 821 perinde
608 757 648 801 ac
663 736 836 822 pecuniam
860 734 901 799 ab
918 756 957 799 co
974 736 1158 821 accepisset
1173 732 1352 799 damnatus
1375 743 1462 805 est,
1491 750 1562 791 non.

302 855 392 932 puto,
414 843 503 931 quod
525 844 629 929 pretio
644 856 816 929 corruptus
831 843 938 907 fuerat
960 851 993 905 ut
1015 840 1105 905 illum
1121 838 1339 905 uuusasiaa
1364 838 1565 903 dominun

303 965 336 1017 et
357 954 423 1017 iam
446 950 600 1036 Europae
623 952 774 1016 uictrices
789 970 908 1016 manus
924 948 1111 1013 inicientem
1126 946 1208 1011 ultra
1224 945 1374 1010 Taurum
1399 953 1565 1009 montera

304 1068 540 1132 summoueret,
563 1057 625 1122 scd
647 1058 770 1145 alioqui
792 1057 844 1121 uir
867 1055 1111 1120 sincerissimae
1138 1055 1224 1119 uitae
1253 1064 1287 1116 et
1314 1051 1359 1116 ab
1399 1050 1490 1116 hac
1517 1066 1583 1113 sut

304 1166 452 1251 spinione
474 1163 588 1250 procul
609 1174 765 1239 remotus,
791 1162 948 1237 inuidiae,
971 1182 1056 1248 quae
1081 1166 1156 1225 tuuc
1178 1160 1212 1224 in
1236 1158 1382 1224 duorum
1406 1158 1567 1222 stanam

304 1270 423 1335 inclitis
445 1270 698 1358 cognominibus
720 1269 900 1347 habitabat,
922 1270 1075 1337 resistere
1099 1289 1165 1332 non
1187 1266 1301 1352 potuit.

262 1378 294 1446 2.
393 1376 442 1441 Ac
465 1377 614 1463 Scipioni
637 1377 769 1464 quidem
792 1379 955 1442 maximus
979 1376 1128 1440 fortunae
1150 1372 1273 1462 fulgor,
1305 1371 1397 1437 Gaio
1441 1380 1567 1435 autern

304 1484 464 1561 Deciano,
487 1494 655 1569 spectatae
669 1484 865 1571 integritatis
883 1484 965 1558 uiro,
988 1504 1053 1547 uox
1065 1503 1129 1546 sua
1139 1480 1269 1545 exitium
1280 1478 1401 1545 attulit
1469 1476 1568 1542 Nam
1599 1520 1600 1531 ι

303 1613 380 1657 cum
402 1590 440 1659 P.
457 1590 589 1655 Furium
611 1591 898 1677 inquinatissimae
921 1591 1006 1654 uitae
1030 1610 1089 1675 pro
1110 1589 1226 1653 rostris
1242 1598 1446 1661 accusaret,
1480 1584 1583 1671 quisi

305 1700 448 1785 quadem
474 1700 509 1764 in
539 1708 629 1781 parte
657 1698 796 1761 actionis
828 1696 870 1759 de
898 1708 1000 1763 morte
1031 1694 1068 1762 L.
1099 1694 1267 1760 Saturnini
1294 1696 1395 1781 queri
1439 1712 1564 1757 ausus
1599 1652 1600 1745 l

304 1805 420 1878 fuerat,
443 1803 610 1868 nee'reum
625 1801 795 1867 damnauit
809 1814 841 1865 et
855 1804 991 1890 insuper
1007 1804 1036 1866 ci
1052 1822 1179 1889 poenas
1196 1800 1346 1865 addictas
1364 1794 1560 1886 pependit

306 1943 330 1997 i.
349 1946 380 1997 L.
398 1944 488 2009 Scipio
506 1972 539 1983 ·-
559 1943 609 2007 ti.)
627 1960 680 1995 non
698 1945 783 2009 potuit
800 1960 849 1998 era.
868 1942 899 1997 Γ.
911 1942 961 2016 112.
980 1949 1061 2012 atquc
1079 1946 1113 1996 ab
1133 1960 1165 1996 eo
1183 1944 1323 2009 pecuniam
1337 1940 1372 1994 F.
1385 1938 1444 2009 113.
1471 1940 1560 1991 uteru
1599 1996 1600 2003 χ

303 2013 404 2138 stipi.
423 2013 620 2101 etiamssle.
635 2014 647 2083 ΙΙ
660 2018 795 2067 initentem
814 2014 849 2067 Ε.
868 2014 880 2087 ΙΙ
899 2014 925 2071 5.
943 2018 1024 2083 aliqui
1044 2031 1089 2084 pr.
1106 2013 1138 2068 Α.
1162 2016 1278 2078 alioquin
1302 2011 1369 2066 DE
1376 2012 1405 2065 F
1423 2018 1458 2064 et
1478 2024 1557 2061 eorr-

307 2085 336 2145 C.
379 2102 433 2140 err.
444 2086 458 2153 ΙΙ
469 2086 495 2141 i.
513 2089 621 2153 rnetyus
639 2100 709 2139 corr.
727 2086 759 2139 A·
770 2088 785 2156 ΙΙ
796 2086 821 2140 8.
840 2091 867 2154 ς.
885 2086 903 2141 2
921 2104 970 2141 orn.
988 2086 1020 2142 Γ.
1032 2088 1046 2155 ΙΙ
1059 2088 1092 2139 at
1110 2083 1167 2138 EF
1172 2083 1248 2137 Torr.
1260 2083 1274 2152 ΙΙ
1285 2102 1333 2155 gn.
1351 2086 1455 2135 autem
1479 2080 1544 2145 nn

306 2158 348 2213 ll.
368 2161 487 2210 notiones
501 2173 545 2227 pr.
564 2157 596 2212 A.
612 2157 627 2226 ΙΙ
645 2154 686 2211 12.
705 2161 827 2211 addictus
847 2159 877 2214 0.
901 2162 1005 2211 adictus
1024 2158 1059 2212 Ε.
1084 2158 1203 2209 adiectas
1223 2154 1253 2211 F.
1272 2158 1285 2223 ΙΙ
1303 2158 1457 2225 perpendit
1480 2152 1513 2206 F
1529 2155 1554 2201 d

300 2245 345 2301 pr.
364 2231 395 2284 A.
413 2231 535 2297 rependit
552 2244 621 2282 corr.
639 2228 671 2282 A

376 2354 402 2409 2
421 2356 460 2408 Cf.
478 2356 532 2407 cte.
549 2370 598 2420 pro
616 2356 645 2408 G.
664 2356 732 2407 Bab.
750 2358 879 2419 perduell.
897 2352 924 2414 ll.
942 2352 987 2408 24.
1005 2354 1095 2406 Sobel.
1114 2353 1239 2405 Bobiens.
1257 2366 1282 2416 p.
1300 2346 1356 2405 2³⁰
1374 2352 1469 2403 Orell.

376 2426 445 2478 Gaio
463 2432 548 2477 meat
565 2423 696 2483 Deciano)
719 2426 784 2477 Erat
806 2429 830 2477 is
855 2430 883 2479 c.
908 2427 1036 2492 Apuleius
1062 2426 1196 2476 Decianus
1219 2426 1300 2489 atque
1327 2424 1402 2473 adeo
1427 2420 1545 2491 gentilis

305 2498 454 2555 Saturnini,
478 2499 706 2561 tribunusplebis
730 2514 755 2549 a.
774 2515 800 2550 u.
819 2514 842 2550 c.
861 2494 929 2557 555.
954 2496 1030 2562 pater
1048 2498 1120 2555 cius,
1146 2498 1190 2561 qui
1214 2496 1323 2546 Decimo
1347 2492 1450 2543 Laelio
1477 2494 1543 2542 snb·

304 2569 421 2632 scripsit.
439 2583 498 2618 cum
516 2571 541 2619 is
559 2568 591 2619 1..
601 2568 735 2619 Valerium
750 2570 875 2619 lilaccum
896 2568 1099 2633 repetundarum
1118 2580 1191 2617 reum
1210 2567 1325 2624 laceret,
1352 2565 1508 2615 defensum
1527 2576 1544 2609 a
1592 2526 1598 2685 l

305 2640 342 2689 M.
361 2638 447 2689 Tullio
466 2640 601 2690 Cicerone.
620 2640 659 2687 ci.
677 2641 763 2693 schol.
782 2642 848 2691 Bab.
867 2641 884 2691 l.
903 2656 926 2692 c.
953 2640 1074 2689 Ceterum
1088 2640 1122 2689 de
1134 2638 1256 2702 speciata
1273 2638 1344 2687 illius
1363 2637 1538 2705 integritate.

306 2725 385 2775 qurum
405 2710 497 2759 laudat
514 2710 647 2766 Valerius.
665 2710 743 2762 aliter
760 2713 882 2762 sensisse
902 2713 1004 2761 uidetur
1022 2711 1123 2761 cicero.
1596 2741 1598 2784 r

375 2779 405 2831 P.
423 2776 541 2840 hasa)
564 2781 650 2830 llomo
667 2782 691 2830 is
710 2785 769 2833 crat
786 2784 931 2833 seditiosus
951 2785 977 2832 et
994 2782 1174 2846 turpissimus.
1192 2781 1313 2830 tribunus
1331 2779 1428 2844 piebis
1449 2779 1540 2829 iaetus

305 2863 339 2900 ex
357 2850 479 2900 libertino
496 2865 567 2900 anno
584 2846 638 2902 titt
656 2867 682 2902 ιι.
700 2868 726 2904 u.
745 2869 778 2911 c..
796 2855 824 2906 D.
842 2855 929 2904 Murio
949 2853 991 2909 vi.
1010 2853 1041 2904 1..
1061 2852 1167 2902 Valerio
1185 2851 1283 2902 Flacco
1301 2851 1479 2900 consulibus.
1499 2847 1536 2898 Gi
1594 2848 1596 2890 l

305 2920 374 2984 App.
393 2921 444 2971 cia.
463 2921 484 2979 l,
502 2915 546 2972 ³³.
583 2922 641 2982 Qut.
661 2937 720 2972 cum
740 2925 820 2974 antea
838 2939 856 2973 a
874 2923 1010 2974 Saturnini
1031 2927 1058 2973 ot
1075 2924 1203 2973 Glauciae
1221 2924 1342 2986 partibus
1361 2923 1496 2972 stetisoet
1513 2923 1538 2968 et

305 2991 422 3048 maxime
440 3004 472 3040 se
490 2993 664 3054 opposuisset
681 2993 782 3044 Metelli
800 2995 839 3043 Pii
858 2996 981 3060 precibus
1000 2995 1203 3049 detruncando
1221 2996 1307 3059 patre,
1328 3005 1391 3042 mox
1414 2995 1452 3042 ad
1473 3005 1538 3042 eon·

305 3063 414 3112 trariam
438 3061 588 3117 mulonem·
603 3067 809 3132 transgressus.
832 3068 868 3115 nb
893 3081 927 3116 ea
946 3080 1016 3132 quae
1034 3067 1059 3115 in
1084 3066 1216 3116 tribunatu
1235 3067 1364 3133 gesserat
1382 3067 1536 3113 accusatus
1594 3074 1597 3083 ·

305 3149 375 3183 auno
394 3134 543 3196 insequenti
562 3133 589 3183 in
607 3136 667 3196 ipso
685 3136 791 3186 comitio
815 3138 959 3200 antequam
980 3151 1092 3186 catrsurn
1112 3136 1211 3188 diceret
1228 3141 1255 3186 et
1272 3134 1426 3186 sententiae
1447 3135 1485 3184 de
1504 3149 1536 3182 eo

258 3220 264 3228 ·
306 3206 444 3260 terrentur.
463 3219 481 3253 a
499 3204 597 3268 populo
616 3208 777 3256 exacerbato
796 3209 947 3272 discerptus
966 3209 1018 3259 ost.
1053 3209 1092 3258 ct.
1111 3208 1179 3271 App.
1193 3208 1209 3257 l.
1223 3222 1246 3259 e.
1276 3207 1422 3257 DioCass.
1436 3207 1534 3274 fragm.

307 3273 357 3327 105
376 3291 402 3341 p.
412 3272 448 3328 tt
466 3276 551 3326 Reim.
587 3278 662 3337 Quod
680 3290 739 3328 cum
751 3278 790 3328 ita
807 3281 851 3336 sit,
871 3279 1005 3345 quaeritur
1017 3283 1102 3329 utrum
1117 3281 1150 3328 do
1167 3279 1260 3329 eodem
1272 3279 1318 3327 illo
1331 3277 1443 3335 tradicio,
1464 3277 1534 3342 quot

306 3350 383 3398 triste
401 3349 507 3398 exilitun
527 3348 644 3398 attulerit
660 3364 708 3400 reo
725 3348 820 3408 Furio,
843 3350 967 3400 Valerius
985 3352 1037 3400 boe
1055 3351 1115 3400 loco
1138 3351 1165 3400 et
1183 3351 1275 3400 Dicere
1293 3351 1320 3398 in
1338 3347 1468 3398 orations
1486 3363 1534 3412 pro

304 3419 413 3469 Rabirio
431 3419 545 3469 dixerint
567 3435 603 3469 an
626 3421 660 3470 de
685 3421 740 3469 alia
762 3422 875 3472 actione.
916 3421 1027 3471 Constat
1051 3423 1139 3471 autern
1164 3422 1192 3472 0.
1217 3421 1360 3470 Decianum
1386 3417 1533 3481 aputeum

206 3525 213 3534 .
305 3505 375 3540 anno
399 3485 453 3542 655
470 3489 604 3540 tribunum
626 3492 715 3554 plebis
737 3505 812 3541 reum
836 3493 930 3561 egisse
949 3493 1056 3542 Furium
1074 3492 1172 3554 (schol.
1189 3493 1281 3555 lioblr
1306 3490 1414 3540 constat
1435 3491 1533 3540 eodan

305 3575 375 3611 anno
393 3559 500 3611 Furium
520 3577 537 3611 a
554 3562 659 3611 tribuno
683 3563 762 3626 plebe
781 3565 937 3613 accusatum
963 3579 980 3612 u
1002 3564 1101 3627 populo
1123 3557 1307 3628 interemptum
1325 3573 1391 3611 esse
1409 3561 1499 3626 (App.
1519 3562 1535 3609 Ι.

305 3629 351 3697 a).
388 3631 482 3697 ltaque
499 3633 613 3682 dubitari
632 3634 676 3683 uix
694 3645 778 3696 posse
796 3635 913 3694 uidetur,
938 3635 1000 3696 quin
1018 3635 1045 3683 in
1064 3635 1158 3685 codem
1176 3635 1270 3683 iudicio
1289 3633 1317 3682 c.
1335 3633 1479 3682 Decianus
1498 3633 1535 3680 in·

305 3703 489 3752 consideratas
513 3704 577 3752 ilias
601 3705 635 3753 de
658 3703 793 3753 Saturnini
816 3707 902 3754 morto
926 3706 1059 3770 querellas
1082 3706 1232 3769 protulerit.
1261 3705 1287 3754 in
1300 3717 1363 3768 ¹quo
1388 3702 1492 3752 l'urins
1518 3719 1535 3751 a

304 3772 405 3835 populo
422 3773 574 3836 discerptus
592 3776 642 3825 cst.
678 3775 754 3835 Quod
772 3775 796 3823 sl
809 3777 969 3831 conceditur.
988 3777 1014 3825 in
1027 3775 1140 3840 Appiani
1153 3789 1235 3839 opere
1248 3775 1345 3825 tatsum
1358 3777 1535 3823 accusatoria

305 3855 402 3891 nomen
426 3844 588 3893 circumferri
617 3847 739 3908 apparet.
780 3845 881 3896 Dicitur
905 3847 973 3896 enirn
998 3847 1051 3896 illic
1079 3843 1159 3904 iiiior
1187 3843 1352 3910 Κανονλῆϊος
1378 3839 1534 3914 &imm

306 3911 358 3977 qut,
377 3913 447 3975 quod
466 3927 536 3962 nune
556 3915 699 3964 escbottis
714 3916 893 3966 lieblensibns
912 3917 1059 3975 didicimus.
1079 3921 1138 3968 erut
1153 3915 1233 3976 Γάϊος
1252 3911 1407 3979 monulus.
1447 3918 1533 3966 curius

305 3983 404 4033 erroris
422 3982 513 4030 nascio
537 3985 624 4034 abtim
642 3986 758 4036 librariis
782 4001 816 4036 an
841 3987 893 4050 ipsi
918 3989 1018 4036 erectori
1042 3990 1122 4052 culpa
1144 3989 1284 4038 tribuenda
1307 3988 1351 4038 sit
1388 3987 1534 4038 Facillime

305 4054 379 4104 cerlo
405 4054 432 4101 et
464 4053 524 4115 ipse
551 4054 691 4118 Appiauus
724 4057 819 4107 Latlue
848 4059 974 4121 scripturn
1004 4059 1031 4110 C.
1057 4059 1235 4110 sttutvu
1265 4061 1292 4110 et
1318 4057 1530 4108 *ctrivttttt'ut

306 4124 467 4176 contundere
485 4124 576 4186 potuit
613 4126 669 4174 lam
688 4141 752 4176 noro
765 4127 906 4177 Ernestius
918 4129 945 4178 tu
957 4130 1026 4180 clau.
1039 4131 1092 4182 cte.
1112 4145 1137 4184 u.
1151 4129 1178 4182 P.
1192 4127 1291 4180 Furius
1302 4131 1328 4179 iu
1348 4130 1400 4178 bae
1411 4129 1532 4181 historia

304 4210 429 4266 pugnare
445 4194 514 4245 inter
531 4209 563 4246 se
580 4197 693 4259 putabat
706 4197 840 4247 Valerium
853 4199 999 4249 Maximum
1012 4201 1038 4251 ct
1051 4201 1213 4258 Ciceronem,
1233 4215 1291 4251 cunr
1311 4201 1355 4251 lile
1373 4199 1402 4251 l’.
1415 4199 1529 4251 uanum

306 4286 324 4318 u
342 4271 370 4323 0.
389 4268 507 4318 Deciano
525 4281 577 4317 non
596 4267 749 4316 damnatum
773 4281 837 4318 osse
856 4270 1024 4333 scripsisset,
1049 4273 1092 4322 hic
1110 4273 1137 4322 ln
1158 4273 1279 4323 oratione
1302 4287 1351 4338 pro
1369 4273 1397 4322 c.
1418 4272 1529 4323 Rabirio

307 4342 581 4391 condemnatumeum
595 4338 765 4402 prodidisset
801 4337 841 4390 De
860 4355 913 4405 qua
932 4343 1102 4393 damnatione
1120 4345 1242 4410 equidem
1261 4345 1289 4393 in
1307 4343 1344 4392 M.
1363 4341 1442 4392 ΤιιΙΙίἰ
1462 4357 1527 4407 ope·

308 4411 381 4460 ribus
399 4412 463 4461 nibil
481 4411 578 4463 mucul.
615 4411 716 4460 Vereor
736 4409 825 4459 autem
844 4425 1010 4479 magnopere
1028 4429 1061 4464 no
1085 4415 1126 4465 uir
1144 4415 1316 4465 doctissimus
1333 4413 1526 4481 neglegentius

305 4480 428 4544 inspecto
451 4483 587 4534 Ciceronis
610 4483 669 4532 loco
692 4483 859 4532 accusatoris
884 4485 913 4534 0.
936 4484 1047 4534 Deciani
1071 4486 1098 4535 et
1120 4487 1159 4536 rei
1182 4485 1212 4536 Ρ.
1236 4485 1306 4536 Furti
1328 4484 1385 4533 lata
1406 4485 1476 4534 iuter
1492 4499 1525 4536 se

242 4598 245 4603 ,
306 4551 462 4614 contuderit,
475 4555 556 4606 miror
574 4553 728 4605 riccundem
738 4567 856 4603 errorem
866 4553 893 4602 in
903 4554 994 4605 Orellil
1007 4569 1112 4619 quoque
1126 4571 1213 4608 onom.
1223 4556 1292 4608 Tull.
1302 4555 1437 4617 receptum
1450 4559 1521 4610 esse.

378 4620 517 4689 tipasam
535 4572 656 4677 cdd-‘etas
669 4619 806 4692 pependit)
829 4625 985 4691 tegebatur
1002 4627 1063 4677 otim
1080 4641 1181 4694 poenus
1199 4623 1324 4687 adiectos,
1342 4627 1413 4687 qnod
1433 4627 1522 4677 iuben·

306 4685 379 4736 tibus
397 4692 471 4743 Dbris
489 4697 679 4760 manuscriptis
696 4697 722 4746 si
739 4710 792 4747 non
811 4696 950 4756 omnibus,
975 4699 1004 4748 at
1028 4704 1100 4748 certe
1125 4699 1231 4763 optimis
1255 4699 1405 4763 quibusque
1427 4697 1454 4747 iu
1476 4695 1522 4750 sd-
