3409 5400
1410 504 1454 570 89

220 653 349 742 aliqrdd
372 665 469 740 atque
493 655 677 722 attestatius
701 654 962 741 postulantibus?
1013 656 1082 720 Sed
1110 678 1195 742 quae
1226 662 1355 744 passim
1378 672 1452 746 apte

221 777 254 826 et
277 762 452 848 ingeniose
477 759 624 826 adhibita
654 783 818 826 stunmum
849 763 995 826 efficiunt
1025 765 1183 828 orationis
1214 776 1380 842 ornatum,
1412 792 1454 833 eo

220 869 430 954 frequentata
459 879 490 932 et
522 868 685 934 cumulata
716 869 876 942 taedium,
907 869 938 934 si
968 870 1103 954 insuper
1132 873 1248 934 inseite
1277 885 1374 958 atque
1402 877 1452 939 ir»

221 995 372 1061 congrue
395 975 530 1040 iuuenta
552 987 637 1050 suut,
661 977 764 1040 risum
786 987 930 1040 mouent.
983 975 1159 1061 Apponam
1190 977 1313 1064 aliquot
1336 981 1453 1050 saltem

220 1069 362 1146 huiusce
384 1079 475 1144 modi
490 1082 637 1168 insignia
652 1082 816 1168 exempla3
841 1104 919 1148 nam
935 1086 963 1146 si
980 1105 1153 1148 numerum
1168 1095 1199 1148 et
1214 1086 1452 1155 multitudinem

221 1187 343 1252 uellem
365 1188 565 1274 significare,
590 1201 716 1276 tempus
739 1212 792 1254 me
817 1189 977 1253 deficeret.
1025 1191 1082 1254 Sic
1105 1192 1163 1264 iis,
1195 1215 1279 1278 quae
1300 1192 1452 1278 leguntur

219 1293 264 1368 V,
291 1295 322 1368 7,
345 1295 429 1368 init,
462 1295 526 1360 Det
554 1317 636 1360 nune
658 1299 728 1360 ueta
748 1299 797 1378 pii
819 1303 848 1360 et
870 1298 992 1377 placidi
1014 1297 1156 1379 adflectes
1172 1301 1353 1380 parentium
1374 1321 1449 1383 erpo

219 1402 337 1464 liberos
352 1401 549 1482 indulgentia,
570 1403 747 1484 solutaque
766 1409 1005 1484 auraproueeta
1017 1409 1141 1485 pretam
1161 1407 1329 1470 suauitatis
1352 1409 1452 1472 ἀνίστη

220 1527 327 1572 neum
350 1507 488 1588 adferet,
519 1508 597 1593 quid
619 1509 776 1573 lasciuius
800 1510 985 1594 pariterque
1009 1509 1147 1574 conlatis
1172 1533 1212 1576 ex
1235 1512 1368 1577 diuerso
1392 1535 1450 1599 ger

221 1635 299 1678 nere
325 1623 371 1676 tot
392 1613 581 1698 impropriis
604 1625 635 1676 et
658 1637 773 1699 parum
789 1617 1022 1680 consentaneis
1037 1617 1241 1682 iuuenustius
1258 1641 1335 1683 esse
1347 1621 1453 1704 possit

219 1721 328 1784 fateor
350 1739 404 1783 me
426 1720 567 1784 nescire.
626 1720 696 1786 Nec
724 1720 841 1786 melius
870 1719 946 1796 IIII,
972 1724 1006 1796 7,
1031 1723 1067 1787 3:
1102 1724 1139 1786 L.
1169 1726 1329 1808 Rispium
1350 1759 1397 1772 —-
1417 1727 1452 1788 in

220 1827 338 1910 optimo
361 1825 528 1889 laudabilis
551 1830 757 1892 eonscientiae
774 1834 872 1909 portu
894 1829 1112 1910 relinquendus
1133 1838 1188 1894 est.
1233 1829 1309 1906 llll,
1333 1832 1364 1906 8,
1389 1841 1450 1895 ext.

221 1933 257 1998 2:
280 1953 370 2014 quem
380 1937 605 2017 proponendum
619 1937 723 2017 ipsius
738 1935 934 1999 liberalitatis
939 1938 1130 2016 amendia
1153 1944 1274 2001 constat
1288 1938 1450 2013 imbuisse5

221 2037 309 2112 VlII,
335 2041 365 2113 7,
389 2052 451 2106 est.
470 2043 526 2105 10:
550 2043 708 2106 eduum
719 2043 830 2106 aetatis
845 2047 943 2105 metas
965 2044 1021 2105 sed
1037 2063 1098 2106 non
1109 2046 1208 2125 parui
1230 2051 1331 2108 tornea
1353 2045 1451 2126 spatii

222 2149 393 2230 OErpsippi
422 2148 578 2212 uiuacitas
593 2149 696 2231 fleuit.
741 2146 789 2219 V,
816 2149 850 2222 l,
877 2149 910 2212 1:
941 2149 976 2210 in
1005 2169 1040 2212 eo
1069 2151 1251 2232 waipiendo
1281 2157 1345 2214 tote
1373 2151 1450 2214 urbs

220 2256 316 2319 usim
337 2256 466 2320 tenni
484 2255 578 2318 amici
601 2257 719 2318 uoltum
740 2255 856 2318 tabuit.
913 2251 999 2328 V,2,
1015 2255 1069 2318 10:
1093 2255 1145 2318 Sit
1160 2258 1449 2337 aliquisinsummo

218 2362 382 2444 splendore
404 2362 497 2424 etiam
520 2361 664 2424 sordibus
684 2362 787 2442 pratis
809 2362 914 2434 iocus;
944 2357 988 2433 V,
1012 2361 1050 2432 3,
1073 2362 1109 2426 2:
1141 2363 1194 2442 qui
1217 2364 1303 2443 pesti
1319 2382 1375 2425 ere
1401 2362 1448 2424 Ti.

222 2468 359 2532 ornem
382 2489 475 2532 mauu
488 2467 644 2550 faucibus
666 2487 851 2549 oppressam
865 2487 931 2530 reru
948 2467 1311 2550 putacunaranpum
1328 2487 1450 2549 passus

219 2593 282 2638 nos
303 2581 360 2638 est.
406 2571 465 2648 VI,
489 2574 520 2648 2,
545 2583 606 2640 ext.
631 2575 667 2639 3:
696 2574 782 2638 Inter
809 2575 868 2636 aas
890 2573 988 2652 (duas
1010 2573 1179 2652 mulieres)
1201 2580 1232 2638 et
1258 2574 1450 2638 Theodorum

220 2681 412 2764 Qrmoeum
439 2682 531 2763 quasi
560 2682 694 2745 animosi
723 2681 858 2764 spiritus
888 2681 1065 2763 eoniupiune
1093 2701 1161 2745 esse
1185 2682 1303 2764 potuit,
1333 2681 1449 2745 uirtute

214 2808 289 2872 por,
302 2788 460 2871 felicitate
482 2789 644 2851 dissimile.
689 2786 856 2874 Perquam
885 2788 1025 2853 obscure
1050 2801 1081 2851 et
1112 2790 1289 2874 improprie
1312 2786 1370 2861 IX,
1397 2787 1448 2861 12,

220 2906 284 2959 ext
313 2894 348 2959 6:
380 2896 583 2959 urbanitatem
611 2896 688 2959 dicti
718 2895 826 2959 neira
854 2895 990 2957 mactito
1018 2897 1238 2959 cachinnorum
1260 2900 1449 2976 prosecutus

219 3002 316 3065 senile
334 3001 596 3082 procursatores
619 3003 753 3083 spiritus
771 3002 930 3083 prauauit.
975 2998 1017 3073 V,
1041 3003 1073 3075 4,
1097 3013 1159 3065 ext.
1183 3002 1218 3065 4:
1241 3022 1297 3065 nee
1313 3021 1368 3082 epo
1382 3001 1449 3063 Ar-

215 3108 326 3189 9iuons
348 3108 480 3171 detrecto
509 3108 629 3171 noan
660 3114 713 3171 aut
735 3109 867 3171 Aetnaei
896 3109 1009 3171 montis
1036 3109 1170 3189 pluriam
1192 3109 1311 3180 minuo,
1340 3126 1449 3168 uerum

218 3214 396 3277 obscuriori
425 3220 558 3296 propter
599 3215 806 3296 ipsorantiorn
843 3215 955 3295 pietati
995 3216 1122 3277 notitiae
1155 3216 1257 3277 lumea
1290 3215 1445 3277 admoreeo.

219 3318 265 3393 V,
289 3320 321 3395 e,
344 3332 406 3385 ext.
430 3321 466 3385 a:
496 3320 547 3385 At
568 3322 672 3385 eodem
684 3318 777 3401 sonte
800 3321 931 3402 pietatis
959 3321 1145 3402 Thrasybuli
1173 3340 1291 3403 quoque
1321 3322 1445 3384 enimus

221 3429 363 3491 manua
384 3440 444 3491 etc.
921 3425 926 3434 ’

308 3532 386 3599 Alia
394 3534 534 3621 denique
543 3534 654 3609 multa,
667 3554 751 3620 quae
764 3533 874 3595 uerbis
884 3532 1027 3595 describi
1035 3533 1172 3594 etcertis
1185 3532 1362 3615 generibus
1371 3530 1448 3595 sub·

217 3640 313 3726 iungi
321 3651 495 3726 nequeunt,
508 3660 632 3725 parem,
645 3660 744 3724 saepe
755 3640 851 3703 etiam
862 3641 1021 3702 maiorem
1028 3638 1063 3699 in
1076 3636 1300 3721 detorquendo
1309 3637 1450 3702 naturali

218 3766 373 3811 sermone
390 3756 422 3809 et
436 3747 470 3809 in
487 3746 675 3831 quaerendo
693 3747 796 3809 nitore
813 3742 989 3807 audaciam
1003 3741 1145 3828 produnt
1159 3745 1447 3831 temeritatemque.

218 3856 276 3919 Sic
299 3852 355 3926 Ill,
380 3853 411 3925 8,
435 3862 497 3917 ext.
521 3852 552 3925 3,
577 3852 631 3915 ubi
654 3861 885 3937 praecesserat
908 3848 1074 3913 damuatio
1094 3844 1220 3914 ¹decem
1250 3862 1446 3937 praetorum,

218 3961 275 4047 qui
291 3958 381 4043 apud
391 3957 579 4045 Argiuusas
591 3957 929 4022 Lacedaemoniorum
942 3955 1086 4021 classem
1098 3955 1295 4032 deleuerant,
1313 3960 1448 4045 egregie

217 4087 356 4153 prorsus
380 4048 537 4129 Socrates
549 4064 756 4149 praedicatur
774 4086 839 4127 non
861 4065 1010 4127 timuisse
1032 4084 1071 4126 ne
1093 4069 1304 4127 consternatae
1321 4068 1448 4145 patriae

217 4174 400 4237 undecim
417 4170 520 4252 furor
546 4191 632 4235 mors
655 4172 757 4251 ipsius
779 4171 934 4234 esisteret.
981 4169 1030 4232 Os.
1054 4169 1176 4234 similia
1197 4168 1222 4243 I,
1248 4173 1277 4243 1,
1302 4171 1358 4235 15:
1388 4192 1449 4253 qua

218 4280 343 4361 quidem
366 4279 542 4341 constantia
564 4277 744 4359 optinendae
766 4278 928 4358 redipioais
957 4297 1088 4357 myrtus
1110 4276 1292 4340 caelestibus
1315 4278 1448 4341 iniectus

217 4392 264 4449 est
286 4382 385 4447 rubor
406 4384 538 4447 ulterius
559 4385 712 4447 adrassus
733 4403 800 4445 earn
831 4382 989 4445 saeuiendi
1008 4388 1136 4464 pentem.
1189 4380 1232 4456 V,
1256 4383 1293 4457 6,
1325 4392 1386 4445 ext.
1411 4382 1446 4445 5:

217 4490 405 4555 Aristoteles
427 4510 589 4571 supremae
610 4492 693 4553 uitae
720 4491 870 4571 reliquias
899 4488 1048 4553 senilibus
1076 4510 1113 4552 ac
1143 4491 1269 4571 rupods
1297 4485 1443 4548 menibus

218 4598 251 4659 ic
274 4615 394 4658 summo
417 4596 591 4659 litterarum
613 4598 675 4659 otio
697 4597 755 4661 nte
778 4597 953 4661 custodiens
976 4608 1007 4659 et
1025 4618 1056 4681 q.
1077 4616 1150 4681 sqq.
1174 4592 1217 4671 V,
1230 4592 1309 4666 3,2:
1324 4590 1445 4655 duodm

219 4701 350 4765 urbibus
373 4720 389 4763 e
411 4720 516 4765 rerum
538 4708 651 4766 adura
673 4704 821 4785 depulsis
