3409 5400
315 480 380 546 652
746 479 806 546 Dii
829 475 1096 551 SENECTVTE.

271 637 303 702 2.
404 639 505 704 Cuius
528 642 614 704 uitae
638 643 779 728 spatium
796 645 951 729 aequauit
966 643 1126 720 Metellus,
1150 653 1338 732 quartoque
1360 665 1465 709 anno
1487 657 1551 728 post

314 745 503 830 concrema
529 749 668 833 imperia
696 769 798 812 senex
819 748 997 814 admodum
1027 749 1172 834 pontifex
1200 753 1380 816 maximus
1414 763 1550 814 creatus

279 882 281 887 ·
314 855 446 919 tutelam
475 856 748 920 caerimoniarum
783 877 842 941 per
876 855 940 918 duo
976 867 1008 918 et
1034 855 1101 928 ,ΧΧ
1133 879 1239 922 annos
1276 877 1401 944 neque
1441 857 1550 920 orein

220 975 229 989 “·
315 965 400 1026 uotis
423 961 651 1047 nuncupandis
674 961 859 1027 haesitante
888 983 995 1048 nequo
1024 965 1059 1027 in
1088 964 1258 1028 sacrificiis
1286 961 1477 1028 faciendis
1499 975 1550 1023 tre·

313 1069 403 1134 mula
424 1091 524 1134 manu
548 1071 661 1156 gessit.
1557 1085 1565 1125 ⁵

273 1177 304 1245 9.
405 1172 545 1253 Quintus
570 1185 678 1239 autem
694 1173 815 1239 Fabius
838 1174 1001 1240 Maximus
1025 1175 1149 1239 ducias
1172 1185 1204 1238 et
1224 1173 1285 1239 Lx
1309 1177 1428 1240 annis
1455 1193 1548 1258 augu-

315 1295 405 1348 ratus
430 1280 649 1346 sacerdotium
673 1281 835 1355 sustinuit
858 1280 993 1345 robusta
1004 1282 1070 1344 iam
1084 1291 1188 1345 aetate
1197 1279 1231 1344 id
1243 1279 1410 1366 adeptus.
1466 1279 1547 1360 Quae
1586 1311 1587 1314 κ

314 1402 452 1476 utraque
474 1399 622 1475 tempora
645 1389 674 1452 si
696 1389 732 1452 in
754 1409 854 1452 unum
879 1387 1103 1462 conferantur,
1131 1385 1227 1452 facile
1251 1387 1389 1452 saeculi
1417 1385 1548 1450 modun

316 1497 524 1584 expleuerint.

273 1602 306 1668 4.
404 1602 473 1668 lam
503 1602 543 1665 de
570 1601 616 1666 Μ.
640 1601 814 1687 Perpenna
842 1601 920 1687 quid
949 1602 1080 1689 loquar,
1116 1603 1169 1688 qui
1196 1600 1370 1674 omnibus,
1406 1619 1500 1685 quos
1521 1599 1568 1660 ine

317 1722 466 1776 senatum
490 1708 606 1774 consul
617 1719 805 1783 uocauerat.
829 1717 996 1794 superstes
1016 1709 1076 1774 fuit
1086 1719 1276 1795 septemque
1299 1704 1544 1773 tantummodo

317 1839 400 1903 quos
424 1834 552 1889 censor,
575 1813 704 1899 collega
726 1813 764 1880 L.
787 1813 941 1900 Philippi,
964 1815 1097 1902 legerat,
1127 1837 1145 1878 e
1168 1813 1315 1900 patribus
1338 1809 1543 1896 conscriptis

317 1921 461 2007 reliquos
484 1920 574 1993 uidit.
597 1929 663 1986 toto
687 1919 801 1984 ordine
825 1921 1030 2005 amplissimo
1054 1921 1244 1986 diuturnior.

320 2080 343 2135 i.
363 2081 389 2145 ς.
406 2076 424 2132 2
443 2095 493 2134 osa.
511 2077 542 2132 Γ.
556 2076 570 2150 11
583 2079 711 2148 spatium]
730 2082 882 2145 exemplum
901 2079 937 2132 D.
949 2078 962 2146 11
974 2077 999 2133 3.
1019 2082 1221 2134 cerimoniarum
1237 2077 1315 2148 (4.111
1332 2081 1408 2131 duos
1431 2071 1539 2131 cns?

249 2181 260 2192 ο
298 2150 397 2204 ιΤονν.
418 2149 459 2218 Os.
478 2149 501 2211 l,
520 2150 545 2210 7,
564 2156 613 2204 cet.
632 2149 657 2204 5.
683 2149 772 2203 Haece
790 2149 827 2203 od
843 2148 943 2218 Reisip.
961 2151 1027 2206 eorl.
1046 2151 1090 2206 ct.
1108 2151 1170 2205 nar
1236 2149 1314 2204 acteo.
1327 2166 1360 2218 p.
1384 2145 1452 2202 isa
1469 2147 1484 2214 11
1498 2161 1538 2195 net

319 2239 365 2275 ere
383 2221 412 2275 F.
428 2220 440 2293 11
455 2219 480 2277 5.
499 2223 592 2289 mana]
612 2219 673 2274 add.
692 2237 724 2272 se
741 2220 769 2273 E
786 2226 812 2272 et
828 2235 919 2290 scarpo
937 2221 1030 2288 ,41111
1051 2225 1077 2288 s.
1095 2219 1112 2274 3
1130 2239 1178 2275 om
1222 2219 1322 2345 puae
1339 2219 1445 2274 Arar.
1465 2217 1478 2288 11
1497 2215 1534 2266 Xl

319 2292 381 2348 DF.
393 2293 406 2362 11
418 2295 443 2348 1.
462 2296 526 2360 iam}
546 2296 626 2345 etlam
644 2291 680 2345 D.
693 2289 742 2361 119.
761 2295 935 2358 expleuerunt
953 2291 982 2344 F.
1001 2293 1013 2356 11
1035 2292 1076 2347 io.
1095 2294 1120 2358 ς.
1140 2292 1157 2346 4
1175 2309 1223 2348 om.
1266 2292 1303 2360 ,11
1320 2292 1467 2358 Perperna
1484 2287 1534 2340 Pu.

321 2364 397 2418 Torr.
410 2363 477 2489 [pil.
496 2368 590 2417 senatu
610 2361 641 2418 1³.
653 2361 667 2430 11
684 2366 776 2415 consul
799 2365 955 2430 uocauerai]
981 2367 1177 2416 conuocauerat
1196 2361 1248 2417 OE
1271 2369 1297 2414 et
1308 2377 1355 2431 pr.
1376 2361 1412 2415 Α.
1438 2365 1533 2413 inuoca-

320 2443 396 2488 uerat
438 2475 445 2489 .
469 2433 503 2488 Vt
519 2452 567 2488 taor
584 2436 664 2488 ctiam
680 2433 827 2502 Ρατ.111’11
846 2432 874 2489 F.
893 2437 997 2499 septem
1017 2451 1121 2502 quoque
1141 2431 1300 2502 10111119.
1321 2433 1445 2502 legerat]
1466 2431 1530 2482 celle·

318 2511 397 2578 gerat
412 2505 442 2560 F.
454 2505 468 2573 11
480 2523 515 2558 ex
531 2505 599 2560 DE.

319 2649 383 2701 illud
402 2647 481 2709 colar,
501 2651 560 2702 sine
579 2651 658 2701 dubio
677 2649 817 2702 delendum
836 2651 891 2707 est.
915 2664 966 2715 qao
985 2649 1057 2701 tacto
1075 2648 1165 2701 omnia
1181 2651 1251 2700 bene
1273 2648 1434 2713 procedunt.
1473 2639 1528 2692 11811

320 2724 406 2785 potuit
423 2724 452 2771 ut
474 2724 587 2773 oriretur
604 2737 620 2773 e
637 2722 808 2784 praecedenti
824 2718 915 2772 solum.
957 2722 1032 2782 Quod
1057 2722 1081 2771 si
1105 2722 1142 2770 ita
1165 2722 1232 2779 erat,
1251 2734 1354 2771 mecum
1375 2721 1411 2771 de
1431 2713 1527 2767 raab

322 2793 383 2843 otim
403 2796 579 2844 consenserat
596 2793 768 2843 abbreuiator
786 2792 1021 2856 Guelferbytanus.

391 2863 417 2915 9.
436 2863 474 2915 01.
494 2864 546 2914 cic.
565 2864 622 2915 Cat.
641 2864 702 2914 mai.
721 2858 746 2922 9,
766 2856 809 2915 99.
833 2862 899 2913 Ptin.
918 2864 944 2915 b.
963 2878 988 2913 n.
1009 2863 1063 2921 vn,
1082 2856 1125 2922 48,
1143 2857 1186 2913 49.

391 2930 417 2985 3.
436 2933 473 2982 ct
493 2934 551 2982 Liu.
572 2934 658 2991 XXX,
676 2929 719 2985 29.
742 2934 809 2984 Pliu.
827 2934 854 2985 h.
874 2948 899 2985 n.
917 2934 974 2991 vit.
993 2928 1036 2991 48,
1056 2928 1099 2985 49.

394 3000 493 3054 duodus
511 3007 536 3053 et
553 3001 611 3054 LX
625 3002 711 3063 essa)
737 3004 818 3054 Liber
840 3004 996 3055 Danielinas
1020 3004 1164 3056 Beruensis
1187 3004 1214 3055 et
1233 3002 1339 3053 Paridis
1362 3004 1452 3052 codex
1469 2994 1525 3047 veti

322 3086 407 3123 canus
425 3071 477 3124 dae
496 3078 521 3125 rt
537 3072 596 3125 LX
609 3076 747 3132 exhibent.
772 3076 842 3125 unde
861 3076 993 3138 putauerit
1016 3076 1112 3138 aliquis
1135 3074 1330 3125 emendandum
1348 3074 1440 3137 potius
1458 3069 1524 3119 tuine

323 3142 374 3195 duo
393 3150 418 3195 et
433 3140 492 3195 LX
506 3159 595 3204 anaor,
615 3148 643 3195 ut
660 3146 723 3196 iecit
739 3146 766 3195 in
785 3146 881 3196 Paride
900 3146 930 3196 A.
950 3146 1047 3196 Malus.
1092 3146 1231 3196 sinotum
1252 3145 1293 3195 est
1311 3144 1463 3193 numeralia
1476 3138 1524 3189 otta

323 3217 394 3267 notis
411 3230 544 3280 expresse
561 3230 645 3280 saepe
657 3230 768 3266 eausam
787 3216 910 3267 exiiiisse
929 3232 975 3267 cur
992 3217 1018 3267 in
1038 3230 1102 3267 casu
1122 3230 1212 3267 eorum
1227 3217 1351 3280 ponendo
1370 3209 1523 3279 peccauerint
1586 3242 1587 3251 .

325 3288 433 3340 librarii.
461 3289 498 3339 Gt.
512 3288 593 3339 limis.
612 3289 646 3336 ad
665 3286 819 3345 cmxxv,
838 3282 864 3345 9,
886 3282 926 3339 iti.
954 3288 1169 3349 ltaquealteram
1181 3286 1395 3337 emendationem
1408 3287 1521 3348 tanqum

324 3360 381 3409 aeri
399 3360 552 3412 similiorem
571 3374 631 3408 cum
647 3359 779 3422 prioribus
797 3358 943 3409 editoribus
962 3358 1082 3422 praetuli.

394 3428 421 3481 4.
439 3432 478 3482 01.
497 3431 563 3482 Plin.
583 3433 609 3483 b.
627 3446 653 3482 n.
673 3431 728 3488 vn.
746 3427 792 3488 48,
809 3424 853 3480 49.
877 3429 926 3479 Dio
945 3430 1022 3481 Cass.
1042 3430 1111 3487 xci.
1133 3424 1174 3480 14.
1586 3432 1587 3449 ³

394 3499 433 3554 M.
452 3501 598 3569 Perpenna)
616 3502 648 3551 111
665 3503 717 3550 boc
736 3501 793 3550 loco
812 3502 839 3551 et
859 3501 903 3557 vi.
920 3496 946 3559 2,
965 3498 982 3552 8
1002 3500 1137 3563 Perperna
1154 3500 1247 3551 dicitur
1264 3500 1291 3549 in
1304 3498 1412 3548 Paridis
1421 3496 1521 3563 epitoma

325 3587 393 3639 quae
411 3576 501 3622 tamen
520 3574 563 3630 111,
582 3570 613 3631 4,
638 3569 656 3623 5
679 3586 738 3620 cam
763 3572 898 3621 codicibus
922 3572 1021 3621 nostris
1045 3572 1199 3621 constenter
1217 3571 1385 3634 Perpennam
1409 3568 1523 3635 protare

324 3645 395 3695 tibus
414 3645 554 3695 consentit.
590 3644 660 3699 iam.
684 3644 708 3691 si
728 3642 774 3691 illa
792 3642 926 3692 scribendi
944 3643 1011 3692 ratio
1031 3644 1206 3693 marmoribus
1224 3656 1283 3691 cum
1302 3640 1423 3691 maxime
1442 3636 1521 3700 Capit
1586 3638 1587 3671 ³

325 3716 387 3766 linis
405 3714 616 3768 commendatur.
641 3728 693 3761 non
712 3715 785 3763 recte
802 3715 893 3761 tamen
911 3715 997 3764 altera
1015 3712 1101 3763 torma
1117 3714 1272 3778 pleramque
1291 3712 1399 3761 reicitur
1419 3727 1438 3760 a
1455 3718 1522 3777 gesur

326 3786 439 3841 maricis.
458 3801 516 3835 cum
528 3798 578 3833 aon
590 3784 676 3833 solam
687 3783 781 3833 Gracci
791 3784 928 3835 Romanae
937 3785 1065 3834 historiae
1074 3788 1206 3842 erectores,
1226 3784 1319 3847 aperte
1327 3782 1396 3831 inter
1405 3782 1524 3836 atumem

327 3857 485 3917 scripturam
502 3856 629 3910 tirrctuati.
649 3856 735 3903 minus
754 3868 879 3917 asperam
899 3855 1139 3917 pronuntiationem
1153 3856 1253 3903 tantum
1269 3868 1322 3903 non
1340 3866 1451 3915 semper
1467 3858 1523 3914 prat⁴

325 3926 439 3979 tulerint.
458 3941 549 3973 acram
561 3925 640 3974 ctiam
655 3925 746 3987 optimi
760 3927 866 3987 qrridam
879 3926 1054 3975 Romanorum
1070 3928 1227 3990 scriptoram
1242 3925 1347 3974 codices
1358 3938 1420 3972 carn
1430 3921 1524 3971 assat.
1586 3984 1587 3987 Ἴ

327 3996 367 4043 lta
385 3996 410 4041 in
429 3993 512 4043 'lesciti
531 3995 622 4043 codice
642 3996 770 4053 Mediceo.
791 3998 831 4045 cui
850 3996 989 4058 plurimam
1002 3998 1225 4046 tribuendamcat
1238 3998 1264 4045 in
1279 3995 1413 4043 scribendi
1433 3993 1522 4043 ration.
1586 3988 1587 3991 ’

327 4068 351 4114 in
372 4080 432 4119 ann
452 4066 495 4118 ill.
514 4062 549 4114 tis
568 4063 838 4134 Perpenaorlegitur,
859 4068 925 4130 quoti
947 4068 1040 4117 merito
1059 4070 1158 4131 reecpit
1177 4066 1360 4129 Nipperdeius.
1380 4065 1523 4114 Pitanae

238 4163 244 4172 ‹
328 4137 382 4194 vti.
401 4131 448 4190 48.
468 4132 596 4199 4911591
620 4139 704 4186 codex
722 4137 971 4201 praestantissimas
996 4138 1184 4188 Riccaatianas
1209 4139 1250 4186 bis
1270 4134 1405 4202 Perpenna
1429 4134 1524 4185 exbibet·

328 4210 413 4273 lliqae
431 4207 510 4255 etiarn
530 4209 707 4271 crispinianus
731 4210 757 4257 in
779 4223 874 4258 comm.
893 4210 918 4256 in
937 4210 1058 4261 Cassiod.
1078 4222 1151 4261 cans.
1171 4224 1194 4258 a.
1214 4202 1268 4257 623
1292 4208 1459 4270 Perpennam
1482 4212 1523 4253 cam

328 4281 415 4337 uocat,
435 4279 495 4327 lieet
513 4294 607 4327 nomen
627 4296 644 4328 a
662 4294 746 4343 perna
764 4281 910 4329 deriuatum
930 4282 1067 4343 putauerit.
1114 4280 1182 4329 Dicit
1205 4278 1274 4328 enim
1293 4278 1462 4340 Perpennam
1481 4282 1523 4324 sua
1581 4274 1587 4317 l

328 4350 427 4405 uocari.
446 4351 490 4410 qrii
509 4350 592 4398 larido
605 4352 710 4401 deditas
729 4352 773 4408 eit,
791 4364 844 4411 quo
857 4350 963 4400 nomine
976 4364 1039 4399 caro
1052 4352 1128 4400 salsa
1142 4350 1312 4417 intellegatur
1324 4350 1393 4397 teste
1407 4342 1524 4397 Macrell⁰

328 4422 396 4485 (Sat.
417 4420 470 4477 vii.
493 4415 545 4484 12).
574 4421 659 4470 Malta
677 4421 801 4483 exempla
819 4420 908 4468 arem
928 4423 1062 4483 poterant,
1088 4424 1110 4470 si
1130 4422 1241 4471 atteram
1261 4420 1419 4483 scriptorum
1439 4419 1523 4468 coires

328 4495 355 4542 tn
378 4491 485 4540 minutis
509 4507 613 4557 quoquc
636 4493 680 4540 iris
704 4493 784 4539 rebus
807 4491 958 4539 accrrraiius
982 4494 1058 4540 crunt
1081 4493 1178 4543 collati.
1221 4493 1342 4541 Ceteram
1365 4490 1408 4539 bic
1427 4490 1463 4541 M.
1481 4488 1523 4537 Per

327 4576 431 4624 penna,
450 4564 545 4611 conset
561 4578 585 4613 a.
604 4556 670 4619 662,
693 4561 763 4609 titius
782 4562 840 4610 erat
859 4560 915 4610 eius
934 4562 970 4613 M.
990 4562 1160 4626 Perpennae,
1185 4563 1229 4627 qut
1248 4561 1425 4611 Aristonicum
1449 4553 1525 4610 deuicti

329 4631 423 4679 consul
452 4648 477 4683 a
500 4628 554 4683 694
575 4634 604 4682 ct
626 4634 781 4696 priusquam
810 4632 974 4695 triumphare
1003 4639 1098 4697 posset
1126 4633 1251 4701 Pergami
1273 4633 1404 4689 decessit,
1434 4634 1466 4683 dc
1487 4638 1522 4690 eti

330 4698 454 4749 Valerius
471 4702 515 4760 111,
533 4700 559 4761 4,
577 4699 596 4755 5
614 4705 677 4769 egit,
694 4703 772 4765 pater
790 4718 854 4754 aero
873 4703 909 4753 M.
925 4703 1081 4773 Perpennae
1099 4705 1224 4767 praetorii
1242 4702 1315 4766 (Vel.
1334 4702 1378 4764 Vl,
1395 4696 1423 4761 1,
1442 4700 1478 4767 8),
1493 4693 1524 4765 qui
