3409 5400
521 509 606 583 LIB.
627 509 702 592 Vll,
725 512 762 579 0.
785 514 818 592 2,
839 512 911 583 Ext.
936 521 966 592 i·
991 516 1153 585 12—18.
1385 518 1450 587 549

314 674 384 741 Sed
411 676 525 741 nescio
562 697 606 742 an
634 674 808 741 Hannonis
837 673 1131 742 excellentissimae
1154 674 1346 762 prudentiae
1370 678 1513 749 eon-16.

211 782 346 851 silium.
390 782 536 870 Magone
568 783 654 848 enim
682 782 869 849 Cannensis
898 803 1030 871 pugneo
1059 783 1179 847 exitum
1208 785 1336 849 senatui
1364 786 1449 851 Poe·

212 912 343 956 norum
367 890 536 954 nuntiante
559 889 658 977 inque
680 890 759 955 tanti
774 910 952 955 successus
970 889 1067 953 fidem
1084 888 1201 953 anulos
1218 910 1336 955 aureos
1353 892 1449 957 trium

212 995 410 1060 modiorum
432 1016 622 1062 mensuram
645 996 810 1083 explentes
834 995 1007 1070 fundente,
1037 996 1092 1081 qui
1119 995 1296 1060 interfectis
1326 999 1447 1062 nostris

184 1101 353 1167 sciuibus
376 1101 512 1165 detracti
535 1111 637 1176 crant,
662 1102 824 1188 quaesiuit
846 1124 890 1168 an
914 1102 1031 1189 aliquis
1048 1102 1212 1166 sociorum
1234 1112 1309 1188 post
1323 1113 1448 1168 tantam

214 1206 354 1271 cladem
385 1229 406 1271 a
433 1205 596 1272 Romanis
625 1206 817 1283 defecisset,
851 1220 949 1296 atque
984 1220 1018 1271 nt
1051 1207 1174 1272 audiuit
1207 1208 1372 1273 neminem
1403 1208 1446 1273 ad

213 1311 444 1394 Hannibalem
467 1312 643 1388 transisse,
673 1316 779 1379 suasit
806 1317 956 1401 protinus
979 1313 1080 1403 legati
1103 1314 1254 1391 Romam,
1281 1337 1340 1401 per
1362 1336 1445 1401 quos

215 1418 263 1483 de
280 1439 364 1506 pace
379 1431 541 1505 ageretur,
558 1421 763 1484 mitterentur.
814 1421 915 1487 Cuius
932 1421 962 1487 si
978 1422 1140 1486 sententia
1157 1421 1323 1496 ualuisset,
1340 1440 1445 1508 neque

215 1524 370 1591 seeundo
394 1524 520 1589 Punico
543 1524 628 1590 bello
656 1528 745 1592 uicta
767 1526 938 1616 Karthago
970 1548 1076 1614 neque
1106 1529 1197 1591 tertio
1222 1526 1329 1592 delete
1351 1528 1443 1593 foret.

89 1697 90 1714 p
173 1651 205 1695 ro
311 1631 361 1697 Ne
384 1632 551 1697 Samnites
575 1632 705 1719 quidem
729 1656 852 1720 paruas
884 1624 1008 1721 poenas
1037 1634 1217 1699 consimilis
1245 1634 1363 1699 erroris
1386 1654 1444 1719 pe·
1455 1624 1511 1693 17.

89 1721 90 1730 ¹
214 1739 421 1827 penderant,
444 1737 533 1824 quod
555 1737 701 1804 Herenni
723 1739 819 1805 Ponti
846 1741 990 1807 salutare
1019 1738 1191 1805 consillum
1223 1741 1462 1829 neglexerant„

217 1846 288 1928 Qui
312 1846 502 1911 auctoritate
533 1856 566 1909 et
592 1846 765 1931 prudentia
793 1858 921 1913 ceteros
952 1858 1140 1933 praestans,
1173 1846 1213 1911 ab
1244 1848 1385 1911 exercitu
1413 1857 1445 1911 et
1472 1838 1474 1843 ¹
1531 1840 1543 1883 ¹·

217 1953 306 2018 duce
329 1951 411 2026 eius,
435 1952 502 2015 filio
525 1973 599 2028 suo,
622 1952 791 2019 consultus
816 1954 972 2041 quidnam
1006 1954 1074 2018 lieri
1099 1954 1139 2017 de
1162 1953 1347 2041 legionibus
1376 1952 1444 2019 Ro-

216 2060 330 2127 manis
354 2057 443 2145 apud
465 2058 578 2123 furcas
603 2057 770 2125 Caudinas
792 2060 930 2126 inclusis
954 2060 1101 2135 deberet,
1129 2060 1303 2127 inuiolatas
1336 2059 1442 2124 dimit·

179 2164 340 2231 intendas
363 2165 544 2250 respondit.
590 2163 729 2230 Postero
753 2164 806 2230 die
830 2165 947 2231 eadem
970 2164 1011 2229 de
1033 2166 1316 2253 reinterrogatus,
1341 2164 1443 2231 deleri

218 2295 280 2339 eas
304 2280 455 2359 oportere
471 2268 560 2346 dixit,
583 2279 618 2334 nt
634 2280 690 2336 ant
700 2272 843 2337 maximo
858 2271 1019 2337 beneficio
1036 2272 1143 2358 gratia
1156 2269 1301 2335 hostium
1317 2290 1441 2335 ernere-

219 2393 271 2445 tur
294 2389 351 2443 ant
366 2376 569 2464 grauissima
588 2377 717 2441 iactura
731 2377 819 2441 uires
835 2377 1127 2465 confringerentur.
1174 2376 1243 2442 Sed
1257 2375 1448 2461 improuida¹

217 2486 385 2551 temeritas
409 2483 580 2558 uictorum,
604 2482 680 2548 dum
704 2494 875 2570 utramque
900 2494 1027 2569 partem
1050 2484 1175 2570 spernit
1198 2482 1354 2558 utilitatis,
1378 2481 1439 2545 sub

218 2594 335 2680 iugum
358 2590 481 2657 missas
504 2590 539 2653 in
561 2588 738 2675 perniciem
762 2612 859 2655 suam
883 2590 1043 2655 accendit.

181 2720 211 2766 m
309 2697 420 2764 Multis
451 2707 483 2760 ct
511 2696 644 2784 magnis
674 2696 858 2782 sapientiae
893 2697 1049 2784 exemplis
1084 2696 1257 2783 paruulum
1287 2688 1505 2761 adiciamld.

221 2805 344 2881 Cretes,
367 2825 442 2868 eum
471 2801 687 2867 acerbissima
713 2803 918 2869 execratione
947 2803 1107 2870 aduersus
1138 2825 1196 2870 eos
1227 2827 1309 2891 quos
1338 2800 1440 2866 uehe-

220 2923 344 2978 menter
373 2910 511 2976 oderunt
539 2910 584 2974 uti
619 2909 745 2985 uolunt,
780 2918 816 2972 ut
847 2908 936 2974 mala
970 2908 1205 2975 consuetudine
1241 2909 1439 2975 delectentur

721 3049 934 3066 *-

224 3123 246 3181 1.
265 3124 414 3191 consiliam]
434 3120 497 3175 aad.
516 3124 593 3175 inerit
608 3120 707 3190 11112.
727 3126 753 3174 in
772 3139 861 3193 agone
880 3121 907 3176 0.
921 3117 934 3194 ΙΙ
948 3125 1018 3177 enim
1030 3141 1079 3181 om.
1094 3123 1184 3196 11113.
1199 3125 1334 3178 nuntiante
1347 3137 1393 3192 pr.
1404 3121 1437 3176 A.

236 3193 286 3268 115.
305 3213 323 3248 s
341 3198 443 3246 ciuibus
460 3191 493 3244 E.
508 3193 560 3258 111.
579 3197 667 3245 sunsit
678 3199 706 3244 ut
718 3197 838 3260 protinas
856 3209 925 3250 corr.
938 3193 969 3248 Δ.
987 3201 1109 3263 protinus
1127 3200 1215 3248 suasit
1232 3200 1259 3246 ut
1271 3194 1333 3248 Par.
1352 3195 1440 3244 strasit

223 3270 340 3334 protinus
358 3270 387 3316 ut
403 3261 523 3317 DEFl'
538 3268 565 3316 et
581 3278 651 3318 corr.
671 3263 700 3325 0,
720 3264 798 3318 Torr.
817 3261 874 3335 119.
894 3269 985 3318 delata
1003 3283 1048 3336 pr.
1069 3267 1097 3321 Ο.
1117 3267 1128 3336 ΙΙ
1148 3268 1226 3332 toret]
1253 3267 1349 3315 inisset
1365 3261 1397 3316 F.
1412 3261 1424 3330 ΙΙ

226 3338 265 3393 to.
288 3337 484 3402 perpenderunt
506 3331 538 3385 F.
554 3332 568 3400 ΙΙ
593 3331 633 3387 11.
658 3337 776 3387 herennii
801 3339 884 3402 pontii
907 3335 1050 3392 Dl'Tot-r.
1075 3340 1175 3389 heronii
1198 3337 1271 3402 ponti
1294 3333 1329 3386 Ε.
1353 3333 1439 3384 herini

225 3410 302 3475 pontii
320 3405 376 3474 1111
390 3407 566 3473 neglexerunt
582 3402 647 3457 Fet
664 3419 734 3456 corr.
753 3405 791 3460 1),
813 3405 890 3460 Torr.
905 3413 917 3473 ΙΙ
933 3401 974 3460 13.
993 3409 1051 3459 elus
1064 3411 1130 3459 duee
1145 3406 1221 3459 Torr.
1234 3404 1247 3472 ΙΙ
1261 3401 1302 3457 11.
1319 3403 1438 3453 furculas

224 3480 283 3533 Por.
295 3477 310 3546 11
323 3475 363 3531 tt.
382 3479 416 3526 de
434 3489 463 3526 re
481 3487 530 3526 om.
548 3473 580 3527 F.
594 3473 606 3539 11
622 3477 711 3527 delere
728 3473 759 3529 Γ.
772 3476 785 3543 ΙΙ
802 3474 839 3529 17.
859 3478 1054 3545 confringerent
1069 3493 1112 3546 pr.
1131 3474 1160 3529 0.
1179 3475 1389 3542 confrigerentnr
1407 3469 1439 3524 F.

235 3548 300 3619 1118.
318 3549 427 3599 uictoris
445 3541 472 3596 Ε
489 3550 514 3596 et
530 3543 579 3598 litt.
598 3549 622 3598 is
641 3544 669 3595 is
685 3559 783 3597 rasura
793 3544 821 3597 0.
833 3546 848 3613 ΙΙ
861 3547 987 3597 utilitates
1006 3546 1068 3600 i'et
1097 3545 1188 3612 1.Α.ΙΙ
1202 3544 1242 3597 111.
1256 3543 1356 3612 iugum}
1377 3539 1439 3594 add.

226 3636 298 3673 suurn
317 3616 528 3685 nuperrimam
547 3613 579 3668 A.
596 3614 669 3683 1120.
691 3617 836 3666 1111111-
854 3617 966 3667 adiciam
985 3631 1033 3669 om.
1076 3615 1114 3684 ,ΙΙ
1131 3615 1175 3671 21.
1193 3617 1335 3667 Cretenses
1361 3609 1439 3668 Torr.

230 3689 260 3744 Vt
275 3705 323 3744 sos
340 3689 419 3742 111111
436 3687 499 3740 Par.
510 3685 524 3754 11
536 3688 712 3739 aceruissima
725 3699 770 3755 pr.
787 3681 900 3752 111122.
919 3689 1029 3740 ederunt
1046 3685 1074 3741 li.
1086 3687 1100 3756 ΙΙ
1112 3687 1160 3756 uti]
1179 3691 1206 3736 nt
1225 3683 1256 3738 Γ.

293 3883 333 3938 iti.
353 3885 391 3937 Ct'.
410 3883 469 3934 Liu.
487 3883 586 3942 xxiii.
606 3878 641 3935 12
658 3885 686 3934 et
704 3879 746 3936 13.
763 3885 860 3937 Zonar.
879 3884 927 3943 lx,
945 3879 970 3936 2.

291 3953 377 4009 amnt
394 3952 519 4023 protinas
540 3951 620 4020 teceri
642 3952 752 4007 11111111
774 3983 811 3994 -
833 3953 1007 4011 mitterentur)
1033 3953 1107 4005 Satis
1130 3955 1220 4004 notum
1242 3953 1284 4003 est
1308 3952 1437 4003 suadendi

229 4031 253 4080 et
267 4027 388 4079 hortmdi
413 4028 497 4076 uerba
520 4028 631 4089 saepius
654 4027 766 4090 simplici
790 4027 955 4077 coniunctino
980 4025 1066 4089 excipi
1090 4026 1149 4076 sine
1173 4023 1302 4088 particula
1325 4026 1361 4074 nt.
1398 4021 1437 4075 Gi.

229 4101 288 4152 Sati
306 4099 365 4166 ing.
383 4093 428 4154 35.
446 4092 473 4151 2.
491 4093 562 4146 Huic
579 4095 625 4163 Sp.
643 4094 753 4148 Albinus
769 4124 805 4136 -
819 4093 972 4165 persuadet.
992 4094 1113 4163 quoniam
1131 4109 1162 4146 ec
1179 4093 1262 4162 stirpe
1278 4089 1440 4144 Masinissae

229 4169 267 4224 rit,
286 4195 321 4205 —
338 4181 446 4233 reparat
464 4163 606 4218 Numidiae
625 4165 658 4218 ab
684 4172 775 4219 seam
791 4173 881 4234 petat,-
904 4168 988 4217 etsie
1009 4167 1131 4218 Valerius
1150 4168 1227 4217 hrrins
1247 4165 1341 4228 capitis
1360 4163 1385 4225 s.
1407 4159 1437 4213 11

230 4246 391 4292 externorum
409 4234 565 4289 Aristoteles
582 4243 667 4289 uatem
686 4236 859 4290 Uoltiniensis
883 4265 917 4275 —
942 4235 978 4289 ad
994 4234 1171 4290 almendram
1195 4233 1326 4286 dimittens
1343 4229 1443 4283 monuit

231 4327 280 4363 san
296 4325 326 4360 eo
345 4306 547 4359 usitatissime
564 4313 698 4376 cuiqnam
715 4305 900 4360 iucundissime
912 4307 1067 4376 loqueretur.
1104 4309 1273 4372 Quapropter
1285 4303 1442 4367 perticulam

230 4387 262 4437 st.
280 4396 339 4432 cum
357 4380 504 4430 indueram
518 4381 675 4444 optimorum
688 4381 808 4431 codicum
820 4381 952 4444 scripturn
965 4395 1016 4430 non
1034 4379 1173 4444 appareat,
1188 4375 1328 4426 delendam
1341 4372 1442 4424 censui.

231 4453 353 4518 sopptetc
371 4452 414 4500 est
431 4465 447 4502 c
465 4451 618 4500 conlectura
636 4467 654 4502 s
666 4451 762 4502 Paride
780 4451 807 4502 ln
826 4451 983 4515 compendio
995 4451 1075 4500 huius
1088 4448 1212 4511 exempli,
1231 4445 1344 4508 indeque
1356 4447 1444 4494 trans·

231 4526 279 4574 lats
301 4523 327 4571 tn
351 4519 470 4571 codicem
494 4522 658 4572 tiernensem
678 4524 704 4572 et
728 4523 754 4572 tn
776 4523 939 4573 recentiores
963 4521 1076 4586 aliquot,
1107 4520 1156 4570 sed
1181 4533 1198 4566 a
1221 4515 1337 4566 librariis
1361 4513 1444 4564 uariis

232 4596 290 4647 loeis
308 4592 419 4649 insede,
438 4591 482 4644 uel
501 4593 603 4643 ineerta
621 4593 687 4644 sede
705 4593 934 4657 interpolationem
953 4593 1048 4655 prodit.

294 4661 336 4717 17.
352 4662 395 4785 1(161.
412 4661 472 4786 ἴδη.
490 4663 538 4723 lx,
556 4659 679 4718 3111011.
697 4663 757 4718 Hal.
777 4678 835 4719 exe,
853 4664 914 4716 Vnt.
932 4662 1016 4730 (xvi,
1035 4657 1063 4727 3)
1082 4675 1125 4725 ep:
1139 4658 1202 4710 idai.
1215 4657 1274 4710 coll.
1289 4655 1321 4716 11,
1340 4671 1366 4721 p.
1379 4650 1439 4709 4118.

232 4736 292 4789 Ῐιθῗι
310 4735 331 4796 Ῐς
386 4767 394 4795 2
448 4771 457 4788 ο
