3409 5400
539 584 621 652 LlB.
645 582 689 661 V,
713 582 751 649 G.
774 585 806 661 6,
827 584 900 653 Erit.
924 593 955 662 1.
979 587 1098 652 1-4.
1367 590 1432 655 113

202 746 420 835 percrebruit.
467 746 582 834 quue
599 748 721 811 sactum
738 757 788 811 cst
804 756 839 811 ut
854 746 1035 811 ediceretur
1050 767 1092 811 ne
1108 748 1181 833 quis
1199 748 1299 813 Codri
1313 773 1432 838 corpus

203 856 407 921 uolneraret.
454 853 491 919 ld
514 864 688 941 postquam
713 855 885 942 cognouit,
914 853 1073 941 depositis
1096 853 1284 941 insignibus
1306 856 1433 941 imperii

204 962 406 1027 famularem
429 960 550 1025 cultum
573 962 677 1025 induit
700 984 739 1026 ac
763 959 988 1045 pabulantium
1010 961 1153 1025 hostium
1181 959 1279 1048 globo
1308 982 1346 1025 se
1377 963 1434 1025 ob

204 1070 288 1133 iecit
315 1087 479 1153 unumque
514 1089 553 1132 ex
580 1066 633 1133 his
664 1068 747 1133 falce
777 1088 972 1153 percussum
1000 1068 1034 1132 in
1063 1070 1199 1135 caedem
1228 1090 1324 1135 suam
1355 1090 1432 1132 con·

177 1192 194 1234 s
205 1175 303 1261 pulit.
351 1174 452 1239 Cuius
475 1177 604 1240 interitu
627 1196 668 1239 ne
691 1172 843 1239 Athenae
867 1174 1054 1240 occiderent
1077 1178 1230 1242 effectum
1254 1187 1314 1243 est.

301 1281 353 1347 Ab
378 1282 494 1347 eodem
517 1284 605 1347 fonte
629 1282 756 1368 pietatis
773 1280 968 1367 Thrasybuli
984 1304 1114 1370 quoquc
1129 1284 1259 1349 animus
1274 1286 1432 1351 manauit.
1442 1282 1472 1347 2.

205 1388 244 1455 Is
280 1410 354 1453 cum
389 1386 640 1453 Atheniensium
676 1387 789 1453 urbem
829 1389 963 1475 triginta
1002 1402 1212 1476 tyrannorum
1247 1391 1433 1457 taeterrima

207 1495 435 1559 dominatione
456 1495 596 1560 liberare
613 1508 746 1581 cuperet
768 1515 938 1581 paruaque
953 1516 1054 1559 manu
1069 1499 1231 1562 maximae
1245 1499 1293 1561 rei
1313 1498 1432 1562 molem

208 1601 447 1689 adgrederetur
471 1612 503 1665 ct
525 1602 657 1688 quidam
681 1622 699 1665 c
719 1601 863 1668 consciis
880 1600 1017 1667 dixisset
1040 1603 1201 1684 ‘Quantas
1220 1604 1352 1669 tandem
1376 1605 1433 1668 tibi

168 1732 196 1777 ro
207 1707 362 1773 Athenae
378 1730 436 1794 per
454 1722 482 1771 te
497 1708 678 1775 libertatem
696 1720 894 1774 consecutae
906 1712 1032 1797 gratias
1049 1709 1247 1775 debebunt?
1263 1709 1433 1795 respondit

209 1814 266 1879 ‘Di
288 1816 410 1879 faciant
441 1824 475 1877 ut
498 1826 637 1901 quantas
668 1818 740 1902 ipse
768 1816 832 1880 illis
865 1816 969 1881 debeo
998 1817 1115 1881 uidear
1139 1816 1310 1883 retulisso'.
1357 1816 1432 1898 Quo

210 1922 345 1987 adfectu
367 1920 512 1985 inclitum
536 1922 719 1988 destructae
744 1922 925 2009 tyrannidis
950 1945 1034 2009 opus
1056 1922 1155 1988 laude
1178 1922 1364 1989 cumulauit.

302 2027 536 2093 Themistocles
561 2039 680 2104 autem,
705 2051 801 2116 quem
826 2032 929 2093 uirtus
953 2052 1016 2095 sua
1038 2032 1206 2107 uictorem,
1232 2030 1352 2095 iniuria
1374 2024 1475 2115 pali.

210 2137 292 2201 triae
315 2136 546 2222 imperatorem
569 2133 747 2201 Persarum
770 2136 910 2210 fecerat,
937 2150 973 2201 ut
1000 2158 1038 2201 se
1068 2136 1110 2201 ab
1140 2158 1181 2201 ea
1210 2135 1434 2223 obpugnanda

171 2264 198 2307 rs
212 2243 408 2317 abstineret,
436 2241 582 2305 instituto
606 2242 769 2305 sacritieio
794 2255 962 2329 exceptum
990 2254 1105 2328 patera
1129 2244 1213 2307 tauri
1236 2244 1433 2328 sanguinem

211 2349 334 2423 hausit,
359 2360 390 2411 et
414 2358 488 2413 ante
511 2347 621 2431 ipsam
638 2370 729 2413 aram
746 2349 842 2433 quasi
865 2348 1030 2434 quaedam
1049 2350 1180 2434 pietatis
1197 2346 1286 2411 clara
1300 2349 1435 2411 uictima

211 2455 365 2522 concidit.
411 2453 484 2534 Quo
510 2454 641 2539 quidem
664 2463 730 2520 tam
745 2454 951 2519 memorabili
974 2456 1045 2519 eius
1062 2475 1200 2518 excessu
1216 2476 1258 2519 ne
1274 2454 1433 2519 Graeciae

214 2564 315 2627 altero
340 2559 556 2625 Themistocle
579 2580 662 2646 opus
686 2572 776 2627 esset
798 2560 950 2625 effectum
974 2573 1033 2629 est.

303 2669 457 2756 Sequitur
486 2668 634 2734 eiusdem
664 2668 795 2756 generis
824 2668 1017 2755 exemplum.
1072 2668 1153 2734 (lum
1182 2669 1265 2735 inter
1294 2666 1433 2733 Kartha·
1443 2666 1474 2730 1.

218 2849 242 2903 l·
260 2849 410 2916 percrebuit
430 2844 632 2901 CDEFTorr.
649 2845 663 2916 11
681 2849 782 2901 cosdri
801 2846 832 2900 A.
853 2845 866 2918 11
886 2848 995 2915 corpus]
1020 2853 1080 2900 cate
1098 2850 1177 2899 Codri
1195 2845 1260 2902 DF.
1277 2847 1291 2914 11
1308 2845 1334 2901 3.
1360 2849 1434 2898 tami·

217 2923 308 2973 liuram
327 2919 386 2973 EF
402 2923 428 2970 et
441 2934 485 2987 pr.
503 2916 635 2984 ,1111959
656 2917 732 2970 Torr.
753 2917 766 2988 11
787 2916 890 2973 obice.
906 2935 1037 2986 unumque
1060 2917 1118 2978 (red
1139 2919 1217 2985 prius
1239 2937 1255 2970 u
1278 2919 1306 2970 ia
1329 2925 1436 2976 resera)

215 2991 246 3045 A.
258 2989 308 3060 115.
327 3009 361 3044 ne
380 3006 427 3042 orn.
443 3005 488 3059 pr.
508 2989 536 3042 C.
554 2990 568 3059 11
584 2987 610 3042 θ.
634 2990 675 3040 Ao
694 2993 788 3042 codem
807 3021 842 3031 -
860 2992 978 3042 manauit
1003 3005 1053 3042 om.
1070 2987 1103 3044 Γ.
1120 2990 1134 3058 11
1149 2992 1290 3042 thrasibuii
1307 2988 1339 3044 A.
1363 2993 1435 3040 tran·

217 3066 295 3114 sibuli
314 3061 342 3114 F.
357 3061 369 3130 11
384 3059 410 3115 T.
427 3061 466 3129 ls]
491 3061 679 3126 Thrasybulus
703 3077 809 3128 quoque
828 3060 859 3114 Γ.
884 3059 1022 3129 13161111
1040 3064 1101 3111 dum
1119 3059 1154 3114 Ε.
1172 3060 1186 3129 11
1203 3063 1346 3113 deterrima
1363 3059 1398 3113 E.
1410 3061 1424 3126 11

216 3133 241 3188 ll.
260 3134 287 3200 e]
306 3148 355 3187 om.
369 3147 415 3201 pr.
433 3130 466 3183 A.
485 3135 509 3184 ei
528 3131 557 3183 F.
576 3136 609 3183 de
628 3131 658 3184 Γ.
671 3131 684 3200 11
696 3135 819 3183 conscius
838 3131 869 3185 F.
881 3131 894 3198 11
911 3135 1011 3197 quanta
1032 3130 1063 3184 F.
1079 3130 1093 3198 11
1113 3129 1154 3184 ll.
1174 3132 1299 3199 quantas]
1319 3147 1387 3199 quas
1406 3129 1435 3183 F.

228 3207 321 3272 liquori
341 3205 474 3254 adiectum
491 3202 523 3255 A.
543 3220 622 3267 quern
641 3205 765 3254 allectum
784 3199 871 3256 CFF.
886 3202 898 3270 11
915 3200 955 3256 12.
973 3205 1102 3268 inclytum
1122 3201 1175 3265 (A).
1187 3203 1200 3271 11
1212 3205 1357 3254 destrictae
1374 3200 1434 3255 ,10.

230 3271 296 3344 1113.
316 3279 405 3324 autern
424 3274 513 3340 queml
534 3279 594 3325 ante
613 3291 692 3337 quam
712 3272 744 3327 F.
762 3275 775 3343 11
793 3272 834 3326 11.
854 3278 889 3324 ab
909 3291 942 3326 ca
961 3289 991 3324 se
1011 3272 1039 3327 F.
1058 3271 1071 3345 11
1093 3271 1134 3325 15.
1153 3275 1300 3324 obstinerci
1320 3268 1434 3339 011111.

219 3349 278 3410 ipsa
297 3361 373 3396 arma
389 3341 546 3396 ,thFer
559 3360 603 3412 pr.
621 3343 651 3396 Γ.
679 3344 720 3411 Os.
745 3341 817 3398 Viac.
837 3343 904 3398 fleu.
922 3361 961 3412 cp.
980 3341 1064 3398 doctr.
1087 3342 1119 3400 V.
1144 3343 1186 3396 tr.
1203 3344 1217 3412 11
1233 3343 1348 3410 quedam
1367 3341 1399 3394 F.
1410 3341 1424 3408 11

222 3414 260 3470 lt.
280 3416 404 3482 Sequitur
420 3443 456 3454 —
475 3417 624 3479 exemplum
644 3429 693 3468 om.
712 3413 743 3470 Γ.
755 3416 768 3483 11
779 3418 921 3486 kartagine
935 3429 980 3483 pr.
998 3413 1029 3468 ,1.
1052 3417 1222 3485 kartaginem
1240 3427 1309 3464 corr.
1327 3412 1359 3463 A.
1378 3427 1435 3462 car·

219 3489 404 3558 thaginicnses
417 3483 514 3538 DEF.

221 3609 370 3665 contrariis.
390 3624 459 3678 quae
478 3611 566 3660 tamen
586 3610 696 3660 alterius
716 3611 835 3660 familiae
853 3611 1007 3660 coniectura
1024 3611 1097 3660 haud
1115 3610 1195 3659 dubio
1213 3609 1256 3659 est
1271 3609 1435 3660 felicissima.

221 3685 449 3752 oppugnabantur
467 3681 646 3731 Athenienses
666 3682 691 3730 in
710 3683 772 3745 ipsa
785 3683 859 3733 urbe.
894 3681 1022 3730 hiandum
1034 3681 1174 3746 archetypi
1188 3675 1332 3731 otteniiccs
1350 3683 1435 3729 ortum

220 3770 281 3806 csse
300 3757 454 3804 stricturas
473 3750 574 3803 athenia
592 3755 639 3802 cet.

288 3823 314 3878 2.
337 3822 446 3890 triginta
469 3828 637 3890 tyrannorum
656 3851 690 3860 -
709 3819 825 3873 liberare
848 3828 964 3891 caperet)
991 3825 1029 3874 ct.
1055 3825 1133 3874 Corn.
1157 3823 1224 3886 Nep.
1249 3822 1346 3873 Thrac.
1367 3820 1391 3880 1,
1409 3818 1435 3872 2.

221 3899 307 3950 lustin.
328 3897 359 3954 V,
379 3891 405 3950 9.
429 3896 505 3948 Diod.
524 3893 577 3946 Sic.
595 3894 678 3954 Xllll,
697 3889 732 3946 32
750 3911 776 3958 p·
795 3889 856 3954 titii,
876 3897 930 3948 alii.

289 3967 346 4026 Quo
365 3963 481 4028 adfecta)
508 3967 548 4017 lix
572 3968 712 4031 archetypi
737 3967 836 4016 codicis
861 3969 995 4031 scriptura
1019 3961 1089 4033 qaod
1106 3961 1247 4030 adsertam
1260 3965 1373 4014 aiteram
1392 3981 1435 4014 co·

222 4043 304 4091 dicum
323 4053 425 4106 genua,
450 4039 519 4103 quod
544 4053 603 4088 eum
626 4038 759 4101 prioribus
783 4040 968 4105 grammaticis
992 4053 1043 4088 nos
1066 4037 1151 4088 secuti
1169 4050 1277 4091 sumus.
1299 4037 1367 4086 cruit
1385 4051 1436 4102 qao

222 4109 338 4178 adfectu.
365 4111 477 4159 alterum
500 4123 574 4176 quem
598 4107 727 4176 affectem.
769 4107 797 4158 Si
817 4111 976 4161 seutentiam
994 4109 1175 4173 spectaueris,
1198 4121 1233 4158 ne
1256 4109 1308 4158 hoc
1329 4109 1435 4170 quidem

221 4185 296 4248 plane
315 4181 476 4232 reiciendum
494 4183 545 4239 est,
564 4181 613 4230 sed
626 4181 653 4230 ct
665 4182 761 4232 melius
776 4181 912 4246 aliquanto
924 4194 993 4245 opus
1007 4183 1160 4230 destructae
1171 4179 1321 4242 tyrannidis
1333 4180 1385 4228 hoc
1397 4180 1436 4226 at·

223 4257 287 4305 tectu
300 4253 460 4304 laudabilius
473 4252 601 4302 redditum
616 4265 679 4308 csse
692 4253 793 4308 dicitur.
811 4269 892 4315 quarn
905 4254 1019 4303 affectus
1032 4253 1169 4301 destmcta
1180 4251 1331 4314 tyrannide,
1349 4263 1436 4312 neque

223 4327 288 4376 cuim
312 4325 413 4374 minora
437 4323 517 4372 laude
541 4323 624 4390 digua
647 4323 743 4374 luisset
767 4324 932 4388 Ttrrasybuti
955 4325 1058 4387 pictas,
1082 4323 1188 4372 etiamsi
1210 4321 1305 4370 infelix
1327 4322 1436 4368 secutus

223 4397 293 4448 esset
311 4395 438 4452 euentus,
457 4396 484 4445 ct
503 4394 584 4444 multo
603 4395 725 4458 proprius
748 4409 797 4462 quo
816 4391 922 4460 adfecta
946 4395 981 4444 ad
1003 4394 1146 4458 primariae
1170 4392 1318 4454 scripturae
1342 4390 1436 4438 ductus

224 4468 329 4520 accedit.
365 4467 458 4530 ltaque
476 4465 571 4515 iniuria
588 4465 651 4514 illud
670 4479 744 4531 qoem
762 4465 884 4532 offectura
900 4466 1026 4530 praetulit
1043 4464 1196 4515 'Turranius

289 4533 315 4591 ³.
334 4538 373 4589 Gt.
391 4537 457 4588 Plut.
477 4536 571 4587 Them.
589 4529 633 4588 31.
652 4537 687 4586 ht
705 4539 797 4587 Cicero
816 4539 842 4586 in
862 4537 933 4589 licut
955 4534 996 4594 ll,
1015 4531 1050 4587 13
1072 4553 1090 4585 a
1108 4533 1241 4584 Clitareho
1260 4532 1287 4581 ct
1304 4529 1436 4580 Stratocte

224 4614 288 4662 hauc
306 4611 395 4660 rictum
415 4623 478 4658 csse
497 4607 652 4658 sitientum
671 4607 704 4656 dc
723 4609 794 4658 exitu
813 4608 1011 4664 Themistoclis.
1031 4621 1110 4667 quem
1129 4603 1301 4666 Thucydides
1320 4601 1352 4664 (i,
1374 4597 1436 4659 1381

224 4685 350 4736 aeduum
368 4681 471 4730 uatum
490 4677 640 4742 scripserit,
665 4680 768 4730 addens
791 4681 876 4730 luisse
894 4679 1073 4743 suspicionem
1098 4689 1202 4726 ueneno
1225 4687 1286 4724 eum
1304 4674 1356 4724 sibi
1375 4688 1436 4723 con·

225 4755 333 4808 sciuisse
350 4751 471 4803 mortem.
507 4750 546 4802 Cf.
565 4749 631 4813 Nep.
650 4749 744 4800 Them.
765 4746 806 4802 10.
921 4745 929 4756 ’

181 4880 183 4886 ,
289 4819 317 4878 1.
335 4825 374 4878 Ci.
393 4822 460 4876 Sall.
478 4821 536 4890 lug.
556 4817 598 4874 tt.
622 4820 688 4875 Plin.
707 4823 734 4874 h.
752 4837 779 4876 n.
799 4824 830 4882 V,
849 4819 876 4872 1.
898 4821 980 4874 Solio.
999 4815 1042 4874 ³0.
1062 4819 1155 4883 Pomp.
1173 4817 1236 4871 idel.
1254 4815 1275 4875 i,
1294 4813 1319 4869 7.
