3409 5400
302 448 369 517 1142
568 440 817 511 SAPIENTER
836 438 970 507 DICTA
992 436 1084 506 AVT
1105 436 1258 505 FACTA.

257 621 261 628 '
301 608 338 673 id
365 608 450 672 uotis
479 618 644 691 expetere,
673 602 766 691 quod
787 624 854 667 non
882 604 1076 687 impetrasse
1099 599 1216 667 melius
1242 600 1339 663 foret.
1407 596 1574 661 Etenim

303 712 513 779 densissimis
536 711 679 777 tenebris
701 710 849 776 inuoluta
869 706 1054 774 mortalium
1077 729 1183 782 mens,
1206 706 1241 769 in
1257 726 1357 791 quam
1381 704 1471 767 late
1503 724 1573 788 pe·

304 830 425 885 tentem
443 840 586 884 errorem
602 838 721 883 caecas
735 818 942 902 precationes
959 824 1032 881 tuas
1048 811 1194 901 spargis!
1226 810 1370 878 Diuitias
1391 810 1568 897 adpetis.

304 949 390 1014 quae
412 927 523 991 multis
548 925 645 989 exitio
667 898 815 999 fuerunt3
843 922 989 988 honores
1013 920 1234 1007 concupiscis,
1265 921 1320 1006 qui
1350 917 1565 1005 conplures

303 1033 619 1118 pessumdederunt,
641 1052 747 1118 regna
769 1040 878 1094 tecum
899 1030 976 1113 ipsa
997 1028 1121 1103 uoluis,
1153 1048 1291 1114 quorum
1319 1026 1444 1089 exitus
1475 1044 1582 1089 sae-2

304 1158 483 1223 penumero
506 1137 713 1202 miserabiles
736 1146 927 1211 cernuntur;
951 1133 1132 1220 splendidis
1148 1132 1311 1219 coniugiis
1334 1131 1452 1196 inicis
1480 1152 1559 1195 ma-

304 1266 385 1321 nus;
413 1256 447 1310 at
467 1243 553 1310 haec
577 1256 610 1309 ul
633 1242 812 1331 aliquando
833 1241 1017 1317 inlustrant,
1040 1242 1086 1305 ita
1107 1258 1357 1325 nonnumquam
1380 1236 1556 1303 funditus

305 1349 422 1417 domos
446 1362 604 1417 euertunt.
653 1348 779 1415 Desine
805 1350 906 1436 igitur
934 1347 1033 1413 stulta
1060 1345 1177 1411 futuris
1206 1344 1369 1411 malorum
1398 1357 1553 1409 tuorum

304 1458 417 1525 causis
446 1460 543 1546 quasi
572 1456 773 1523 felicissimis
800 1454 899 1519 rebus
927 1452 1054 1519 iuhiare
1082 1459 1111 1517 et
1141 1464 1171 1517 te
1205 1462 1305 1518 lolam
1332 1451 1553 1517 caelestium

304 1564 436 1630 arbitrio
459 1566 618 1651 permitte,
642 1564 721 1650 quia
743 1563 800 1648 qui
821 1561 962 1626 tribuere
984 1559 1074 1627 bona
1097 1580 1138 1625 ex
1158 1559 1248 1625 facili
1271 1559 1396 1633 solent,
1437 1558 1576 1622 etiamn

304 1671 426 1760 eligere
450 1671 620 1756 aptissime
643 1678 793 1754 possunt.

391 1778 484 1843 Idam
507 1774 657 1861 expedita
679 1784 711 1837 et
725 1772 961 1859 conpendiaria
981 1774 1038 1839 uia
1053 1794 1111 1837 eos
1132 1772 1175 1837 ad
1191 1771 1330 1860 gloriam
1352 1772 1547 1859 peruenire

304 1884 441 1959 dicebat,
465 1883 521 1969 qui
542 1880 577 1945 id
600 1891 736 1968 agerent
750 1890 785 1943 ut
800 1878 915 1967 quales
932 1879 1038 1946 uideri
1052 1878 1267 1945 uellent-tales
1284 1878 1384 1943 etiam
1404 1890 1543 1945 essent

305 1988 380 2072 Qua
407 1988 540 2077 quidem
569 1986 812 2073 praedicatione
840 1998 952 2073 aperte
980 1986 1135 2051 monebat
1167 1996 1203 2051 ut
1234 1985 1389 2051 homines
1418 1986 1541 2071 ipsam

304 2098 413 2183 potius
441 2096 594 2159 uirtutem
620 2092 788 2158 haurirent
823 2114 923 2180 quam
956 2092 1107 2159 umbram
1140 2094 1211 2158 eius
1248 2102 1570 2158 consecraremus

390 2202 483 2271 Idem
511 2201 553 2266 ab
587 2199 830 2265 adulescentulo
868 2198 1013 2286 quodam
1046 2198 1214 2265 consultus
1234 2210 1356 2279 ¹ulrum
1391 2222 1536 2265 uxorem
1612 2230 1613 2257 r

303 2311 437 2377 duceret
464 2330 509 2373 an
537 2326 575 2371 se
606 2306 695 2371 omni
727 2305 936 2371 matrimonio
971 2304 1165 2381 abstineret,
1198 2306 1383 2393 respondit,
1419 2319 1533 2373 utrum
1612 2318 1613 2333 ³

305 2439 419 2483 eorum
439 2416 585 2490 fecisset,
608 2425 755 2479 acturum
769 2412 1013 2499 paenitentiam.
1060 2412 1132 2479 ‘Hic
1148 2411 1199 2489 te',
1222 2414 1335 2501 iuquit,
1359 2413 1529 2489 ‘solitudo

303 2521 358 2587 hic
381 2522 515 2596 orbitas,
538 2518 592 2585 hic
616 2520 748 2607 generis
772 2518 930 2595 interitus,
953 2517 1007 2583 hic
1030 2516 1127 2585 heres
1143 2520 1270 2587 alienus
1292 2522 1440 2607 excipiet,
1464 2521 1528 2586 illic
1612 2558 1613 2563 κ

304 2638 463 2715 perpetua
475 2624 672 2704 sollicitudo,
690 2634 860 2691 contextus
881 2625 1109 2714 querellarum,
1129 2626 1214 2693 dolis
1231 2626 1449 2715 exprobratio,
1468 2628 1558 2693 ad-rr
1612 2594 1613 2663 1

305 2734 418 2798 linium
441 2753 545 2819 graue
560 2732 781 2818 supercilium,
804 2731 941 2821 garrula
954 2755 1071 2800 socrus
1086 2733 1209 2821 lingua,
1233 2735 1412 2801 subsessor
1428 2735 1523 2800 alieni

304 2838 512 2912 matrimonii,
528 2839 671 2903 incertus
685 2837 862 2905 liberorum
878 2838 1033 2906 euentus'.
1076 2839 1151 2906 Non
1167 2863 1289 2928 passus
1305 2853 1356 2907 est
1370 2843 1520 2908 iuuenem

303 2947 339 3010 in
361 2952 512 3010 contexui
533 2963 643 3008 rerum
671 2965 865 3029 asperarum
894 2945 990 3034 quasi
1018 2946 1126 3014 laetae
1153 2949 1309 3015 materiae
1333 2949 1444 3015 facere
1465 2949 1520 3014 de·

302 3049 431 3117 lectum.

304 3227 329 3285 1.
347 3233 537 3296 expeteremus
555 3225 587 3280 Γ.
598 3224 612 3295 ΙΙ
623 3228 694 3280 euim
714 3225 742 3281 0.
756 3225 809 3299 ili.
828 3231 857 3282 ln
875 3230 968 3297 quum]
987 3231 1067 3294 loque
1088 3229 1116 3285 0.
1131 3227 1143 3302 ΙΙ
1162 3233 1227 3299 late]
1248 3231 1276 3285 in
1294 3247 1391 3287 rosera
1407 3233 1440 3287 A.
1460 3235 1515 3287 lesa
1607 3271 1612 3288 .

305 3298 334 3355 C.
352 3304 423 3354 lecta
440 3298 471 3354 F.
483 3298 497 3368 ΙΙ
508 3302 633 3366 patentes
653 3314 758 3352 errores
779 3298 857 3354 Torr.
873 3301 888 3369 ll
905 3299 931 3355 4.
950 3303 1025 3353 suere
1044 3299 1071 3355 lt'.
1087 3300 1101 3368 ΙΙ
1114 3306 1241 3356 honorem
1259 3301 1289 3357 F.
1305 3304 1319 3375 ΙΙ
1336 3321 1404 3372 quse
1422 3305 1445 3360 A
1451 3305 1502 3374 0.ss

301 3369 328 3426 5.
346 3373 588 3438 pessumdederant
607 3367 636 3422 0.
648 3368 661 3437 ΙΙ
673 3386 758 3436 saepe
776 3373 858 3424 nimie
878 3373 915 3438 (il
933 3369 972 3424 D.
990 3370 1004 3437 ll
1022 3369 1048 3424 d.
1067 3377 1189 3444 coniugis
1204 3389 1249 3442 pr.
1267 3373 1300 3428 A
1316 3377 1330 3444 ΙΙ
1347 3375 1372 3429 l.
1391 3378 1513 3430 illustrent

303 3439 333 3496 F.
346 3441 396 3510 118.
415 3444 507 3510 stulta]
527 3439 589 3497 odd.
607 3456 685 3493 ruens
703 3440 739 3495 E.
756 3440 770 3510 ΙΙ
788 3443 881 3494 luturis
900 3458 949 3494 om.
967 3439 1025 3496 ul·
1041 3447 1068 3494 et
1086 3459 1129 3512 pr.
1151 3444 1180 3498 C.
1196 3445 1210 3514 Η
1226 3442 1252 3498 9.
1272 3447 1444 3514 felicissimis]
1457 3454 1513 3516 port

301 3517 384 3566 rebus
401 3512 430 3568 F.
442 3514 456 3584 ΙΙ
467 3518 548 3567 rebus
565 3541 602 3554 -
620 3513 786 3579 caelestium]
805 3512 835 3564 in
851 3527 950 3566 rasura
967 3512 1000 3568 A.
1015 3510 1027 3582 11
1047 3519 1075 3565 ct
1092 3515 1131 3582 lo]
1155 3521 1235 3582 toque
1255 3512 1316 3570 Dl’
1333 3522 1358 3568 et
1373 3533 1465 3570 rasura
1480 3517 1509 3574 A.

303 3582 381 3637 Torr.
392 3584 406 3653 ΙΙ
416 3589 500 3637 totum
517 3598 615 3636 rosera
632 3581 663 3636 A
676 3582 689 3650 ΙΙ
703 3582 744 3638 10.
762 3587 896 3638 committe
914 3583 946 3638 F.
960 3582 973 3652 ΙΙ
984 3588 1055 3636 bona
1072 3588 1190 3638 tribuero
1206 3583 1271 3640 ΒΓ.
1283 3587 1297 3657 Η
1311 3583 1351 3642 11.
1369 3589 1508 3658 aptissime}

301 3670 336 3706 ex
354 3657 427 3707 facili
443 3654 473 3707 F.
491 3656 634 3720 aptissima
652 3667 721 3706 corr.
739 3652 771 3706 A.
791 3650 804 3726 ΙΙ
824 3651 866 3709 13.
884 3659 910 3708 ld
931 3655 1053 3724 egerent]
1074 3653 1136 3709 add.
1155 3659 1174 3710 1.
1193 3658 1222 3710 P.
1245 3659 1284 3708 ila
1302 3663 1412 3727 egerent
1428 3675 1510 3728 rampo

299 3723 332 3777 A.
343 3724 357 3792 ΙΙ
370 3723 412 3778 lt
430 3725 534 3792 aperte]
549 3729 613 3792 port
629 3728 756 3776 monebat
772 3725 808 3781 E.
827 3729 890 3790 epte
908 3724 940 3778 F.
951 3727 965 3793 ΙΙ
976 3727 1064 3791 potius
1083 3729 1170 3793 ipsum
1188 3725 1217 3780 F.
1230 3727 1244 3795 ΙΙ
1257 3725 1298 3782 15.
1318 3731 1451 3782 haurirent
1465 3747 1508 3785 on.

299 3791 358 3859 1⁸·ss
370 3797 428 3845 eius
446 3798 568 3846 umbram
585 3791 614 3846 F.
626 3791 699 3916 ΨΘ.
718 3799 753 3846 ab
772 3798 938 3850 ulesceutulo
955 3794 988 3849 A.
1003 3801 1015 3864 ll
1033 3796 1073 3850 17.
1092 3801 1208 3850 omnium
1226 3797 1287 3852 Ae.
1309 3803 1344 3850 eb
1362 3803 1428 3852 omui
1445 3799 1476 3855 B.
1486 3801 1499 3868 ΙΙ

300 3863 479 3928 matrimonio]
498 3879 608 3915 numero
649 3861 685 3929 ,ΙΙ
699 3868 863 3918 substineret
880 3862 909 3917 F.
921 3865 935 3932 ΙΙ
947 3867 1045 3934 utrum]
1065 3883 1157 3920 uerum
1175 3866 1204 3921 F.
1219 3869 1232 3932 ΙΙ
1248 3865 1289 3923 18.
1307 3871 1468 3936 penitentium
1477 3873 1508 3926 A.

299 3929 331 4058 2'A
340 3934 401 4052 hisnuc
418 3936 522 4053 (ἧψεν
537 3948 588 4054 gqo
601 3935 656 4053 bip)
671 3934 767 3990 EPar.
781 3936 794 4005 ΙΙ
810 3933 852 4057 lFli.
866 3935 978 4054 eccippel
990 3934 1021 3988 F.
1034 3937 1048 4004 ΙΙ
1059 3939 1129 3991 illinc
1147 3937 1263 4006 Ε.1120.
1278 3944 1428 4006 exprobatio
1446 3941 1495 4010 Rp

299 4002 852 4143 ..z...⁹is⁰i.,·ll,lrrlp..
866 4005 935 4128 'iil
951 4021 1148 4140 iiiiii.
1163 4008 1192 4066 ⁰·
1215 4013 1314 4064 ....
1336 4011 1370 4065 r·
1385 4013 1398 4082 l
1411 4009 1450 4068 22
1469 4019 1506 4066 ..

371 4241 397 4287 et
413 4240 438 4287 tc
456 4237 545 4290 toton)
564 4232 691 4297 copulam
703 4235 730 4284 iu
743 4237 893 4302 archetypo
906 4239 997 4290 codice
1009 4239 1137 4291 omissam
1152 4241 1238 4292 tuisse
1251 4243 1384 4311 colligitur
1395 4245 1501 4297 edisne·

300 4310 392 4376 pontia
414 4305 659 4372 supplementorum
682 4305 709 4354 iu
732 4307 846 4358 diuersis
871 4311 990 4361 codicum
1013 4312 1173 4379 generibus,
1203 4315 1251 4364 aut
1276 4319 1304 4364 et
1324 4319 1350 4365 te
1374 4319 1416 4364 aut
1437 4320 1501 4384 teque

299 4380 482 4446 prodentibus.
502 4375 633 4440 simulque
651 4377 727 4440 petet
744 4380 910 4441 probabilius
929 4386 954 4434 et
972 4383 1090 4448 suppleri
1109 4399 1189 4448 quem
1207 4397 1267 4452 que.
1290 4387 1354 4451 qule
1370 4385 1426 4436 illud
1442 4388 1500 4439 luter

299 4454 402 4505 litteras
421 4466 435 4501 e
453 4453 480 4502 et
497 4453 508 4501 t
526 4448 650 4498 facillime
669 4449 793 4500 excidere
809 4454 924 4516 poterut.

368 4519 443 4574 Idem
460 4516 582 4589 apedtto
599 4523 625 4569 et
642 4516 851 4588 compendiario)
871 4525 910 4578 ei.
929 4525 982 4575 Cic.
1001 4525 1034 4575 de
1053 4525 1098 4576 off.
1118 4525 1150 4584 li,
1172 4521 1213 4583 12.
1233 4522 1277 4580 la.

369 4589 443 4644 iden
460 4589 494 4643 ub
513 4587 704 4643 adulescentulo
722 4589 846 4660 quodanr)
866 4597 904 4649 cl.
922 4595 1001 4662 Diog.
1019 4595 1110 4648 Luert.
1129 4596 1160 4655 ll,
1181 4593 1223 4655 ld,
1242 4593 1286 4649 33.

369 4661 439 4714 onai
461 4659 638 4722 minuero)
667 4662 752 4714 Aldus
774 4681 823 4730 pru
846 4665 987 4732 archetypi
1010 4667 1106 4720 ruendo
1130 4665 1242 4720 omniun
1265 4669 1383 4721 ediderrd
1403 4669 1494 4735 mano,
