3409 5400
275 516 340 589 reo
379 616 383 621 .
691 510 752 583 on
772 508 1081 583 rosumere

363 680 466 744 Tuum
487 696 579 751 uere,
603 678 777 752 †Scaeua,
800 674 1077 761 inexuperabilem
1098 674 1246 758 spiritum
1267 676 1303 739 in
1317 684 1391 741 utra
1406 684 1498 760 parte

274 796 383 851 rerum
412 794 548 849 naturae
580 782 795 847 admiratione
825 804 1011 870 prosequar
1038 782 1170 855 neseio,
1204 782 1360 866 quoniam
1392 780 1498 845 excel·

274 892 353 957 lenii
375 892 491 953 uirtute
515 889 649 954 dubium
678 889 838 975 reliquisti
865 892 950 953 inter
976 888 1128 952 undasne
1156 907 1303 973 pugnam
1330 888 1498 951 fortiorem

275 997 417 1061 edideris
451 1018 494 1059 an
526 997 562 1059 in
593 1007 681 1058 terra
708 1016 823 1058 uocem
855 996 997 1059 miseris,
1036 992 1140 1074 ,Belle
1169 1014 1329 1078 namque,
1365 1014 1429 1079 que
1457 992 1495 1058 G.

275 1104 411 1176 Caesar,
433 1122 500 1166 non
523 1110 693 1164 contentus
718 1122 820 1186 opera
843 1123 906 1165 sua
926 1100 1074 1164 litoribus
1090 1097 1217 1162 Oceani
1240 1096 1401 1172 claudere,
1423 1098 1522 1164 Bri-s

274 1210 425 1273 tannicae
448 1206 575 1271 insulae
600 1206 752 1271 caelestis
776 1208 888 1271 iniecit
912 1228 1047 1279 manus,
1078 1226 1154 1269 cum
1177 1214 1327 1289 quattuor
1349 1204 1497 1269 conmili-

275 1313 404 1377 tonibus
430 1315 499 1375 rete
528 1322 733 1379 transuectus
762 1312 795 1375 in
833 1312 1006 1397 scopulum
1038 1312 1182 1375 uicinum
1216 1311 1364 1388 insulae,
1397 1332 1497 1397 quam

273 1418 415 1482 hostium
440 1420 591 1504 ingentes
615 1419 731 1502 copiae
760 1416 966 1492 obtinebant,
996 1429 1173 1503 postquam
1201 1428 1313 1483 aestus
1341 1439 1497 1506 regressu

275 1544 335 1588 suo
367 1526 526 1609 spatium,
558 1544 623 1609 quo
652 1524 807 1609 scopulus
839 1535 872 1586 et
899 1524 1010 1587 insula
1039 1524 1282 1600 diuidebantur,
1310 1528 1346 1589 in
1373 1524 1497 1589 uadum

275 1631 410 1693 transitu
433 1629 528 1694 facile
551 1628 691 1713 redegit,
714 1630 840 1715 ingenti
853 1628 1080 1693 multitutidine
1095 1631 1309 1696 barbarorum
1322 1631 1495 1705 adfluente,
1506 1647 1535 1693 tr

274 1738 390 1799 ceteris
414 1745 482 1797 rate
507 1734 550 1798 ad
563 1735 639 1798 litus
654 1736 831 1820 regressis,
855 1736 947 1799 selus
970 1735 1170 1801 immobilem
1190 1738 1340 1802 stationis
1357 1739 1496 1825 gradum

273 1840 428 1913 retinens,
453 1839 596 1925 undique
618 1838 786 1905 ruentibus
816 1841 889 1905 telis
918 1853 951 1904 et
977 1842 1020 1907 ab
1051 1844 1142 1908 omni
1168 1855 1261 1929 parte
1289 1845 1358 1908 acri
1387 1838 1495 1909 studio

777 1982 992 1994 —u—

276 2046 300 2103 1.
320 2050 406 2101 Tuum
423 2064 473 2102 om.
491 2046 517 2101 Γ
516 2090 522 2103 .
535 2050 548 2118 ΙΙ
560 2053 688 2103 echcuola
706 2048 739 2103 Β.
758 2054 869 2105 sceuoia
886 2052 914 2106 Ε
933 2060 958 2105 ct
970 2068 1016 2123 pr.
1028 2052 1057 2109 0.
1076 2070 1173 2107 seruae
1185 2053 1215 2108 1¹.
1225 2054 1242 2125 ΙΙ
1251 2060 1495 2123 inexsuperabilem

275 2126 334 2173 uate
352 2138 415 2173 uere
433 2121 465 2173 Γ.
479 2121 492 2192 ΙΙ
505 2124 616 2187 utraque
635 2137 704 2173 corr.
726 2121 754 2181 0,
776 2122 853 2176 Torr.
865 2122 915 2193 112,
934 2126 1058 2192 naturae]
1082 2125 1144 2179 add.
1163 2145 1216 2247 qua
1234 2126 1359 2183 ceren,
1381 2126 1459 2181 rm.
1470 2130 1485 2198 ΙΙ

276 2192 410 2257 quoniam]
431 2206 507 2258 quem
528 2191 562 2243 E.
576 2190 588 2259 ΙΙ
602 2189 628 2243 3.
641 2196 751 2258 reliquid
764 2192 795 2247 Γ.
807 2195 820 2261 ΙΙ
833 2198 919 2246 trudas
932 2213 1084 2265 pognamne
1096 2197 1131 2249 Ε.
1143 2197 1157 2264 ΙΙ
1187 2238 1194 2251 .
1207 2200 1317 2251 ediderit
1329 2196 1359 2251 Γ.
1371 2199 1494 2266 literram

275 2260 333 2313 BE
351 2267 377 2314 et
389 2277 435 2330 pr.
452 2261 506 2316 Ac
523 2267 548 2313 et
565 2279 634 2315 corr.
652 2262 689 2316 D.
705 2263 718 2334 ΙΙ
732 2268 850 2316 emiserit
862 2265 894 2318 Γ.
913 2269 1035 2317 emiseris
1051 2266 1127 2321 Terr.
1139 2268 1152 2333 ΙΙ
1163 2266 1189 2318 5.
1202 2270 1334 2336 litoribus]
1348 2276 1412 2338 port
1423 2272 1495 2321 elau·

276 2336 339 2383 dere
361 2331 437 2384 Torr.
452 2331 463 2402 ΙΙ
478 2336 633 2386 brittanicae
644 2333 675 2387 A.
694 2339 884 2393 britanniorum
903 2334 934 2389 Γ.
947 2339 960 2405 ΙΙ
971 2334 997 2388 b.
1015 2340 1154 2405 caelestis]
1173 2354 1221 2396 en.
1234 2338 1263 2392 0.
1281 2344 1415 2393 caelestes
1432 2339 1496 2393 DE

275 2400 301 2455 Γ
307 2400 384 2457 Torr.
396 2404 409 2472 ΙΙ
420 2406 536 2473 ingessit
552 2404 587 2457 E.
599 2404 613 2471 ΙΙ
625 2404 650 2456 l.
669 2422 746 2469 quem
766 2406 825 2472 Ε.·ΙΙ
840 2405 881 2459 10.
899 2409 1004 2459 facilem
1023 2406 1115 2462 AcD.
1126 2409 1141 2479 ΙΙ
1155 2407 1194 2463 12
1216 2412 1338 2462 obtinens
1356 2410 1389 2464 Γ.

779 2532 991 2545 ῃ

350 2594 432 2648 Tuam
449 2612 523 2652 uero,
543 2602 560 2661 †
578 2598 690 2661 Scene)
713 2604 839 2661 Codices,
865 2606 909 2670 qui
928 2603 962 2655 ad
987 2606 1099 2656 alteram
1124 2607 1233 2656 alterius
1252 2606 1370 2657 familiae
1391 2611 1495 2671 partem

275 2671 331 2728 (x¹‘)
348 2670 492 2731 pertinent,
518 2684 611 2720 omnes
635 2670 744 2724 Sernota
766 2676 886 2731 tradunt:
910 2679 958 2727 scd
978 2678 1194 2742 antiquissimus,
1218 2678 1293 2728 cuius
1314 2680 1495 2730 testimonium

276 2740 382 2788 omnine
401 2741 524 2806 indagari
543 2742 613 2798 licet,
632 2739 740 2800 Scaeua.
760 2746 797 2794 ita
815 2749 843 2794 ut
862 2747 986 2797 i’alcrius
1011 2750 1045 2798 ‹ie
1064 2750 1157 2799 eodem
1175 2750 1283 2800 homine
1299 2751 1354 2800 hec
1371 2753 1494 2815 exemplo

277 2809 369 2874 egisse
388 2811 471 2859 uideri
489 2812 584 2873 possit,
604 2814 638 2862 de
656 2829 708 2874 quo
732 2819 911 2878 praecedenti.
948 2819 1040 2884 Neque
1065 2821 1142 2869 aliter
1164 2819 1294 2870 intellexit
1319 2821 1409 2880 Paris,
1434 2837 1494 2871 cum

276 2879 355 2926 huius
374 2881 504 2930 historiae
524 2885 706 2946 compendium
724 2886 853 2949 inciperet
875 2885 948 2938 Idem
971 2903 1030 2940 cam
1049 2888 1078 2941 C.
1099 2888 1214 2941 Caesare
1230 2887 1397 2941 Britanniam
1414 2907 1494 2959 oppa·

274 2952 436 3012 praetecta.
474 2951 571 3000 Verum
591 2955 740 3003 accuratius
765 2959 846 3019 paulo
870 2961 1047 3010 consideratis
1065 2961 1165 3010 Valerii
1186 2963 1277 3010 uerbis
1301 2964 1437 3012 auctorem
1460 2965 1494 3014 de

277 3019 384 3068 diuerso
403 3037 420 3070 a
438 3022 527 3084 priore
546 3023 627 3073 milite
645 3025 696 3073 hoc
715 3027 773 3076 loco
792 3029 930 3096 cogitasse
949 3032 1069 3096 apparet.
1114 3032 1184 3080 Nam
1208 3033 1235 3081 et
1259 3034 1396 3082 exordium
1414 3033 1493 3098 huius

276 3091 399 3152 exempli,
420 3089 502 3140 ibam
518 3105 582 3142 aero
594 3091 695 3144 &acue
713 3099 772 3154 etc„
795 3099 874 3149 aliter
896 3101 1083 3151 instituendum
1102 3102 1207 3158 ruisset.
1227 3103 1252 3152 si
1271 3104 1305 3152 de
1324 3105 1417 3153 eodem
1436 3106 1493 3154 niro

275 3159 330 3208 iam
341 3163 421 3210 antee
431 3163 543 3228 egisset,
559 3165 585 3212 et
594 3165 619 3212 in
630 3165 682 3214 tine
697 3167 786 3230 inepte
795 3184 876 3230 quem
891 3174 970 3222 modo
986 3173 1166 3222 centurionem
1182 3174 1287 3222 dixerat
1300 3175 1354 3222 iam
1364 3175 1493 3225 centurio·

275 3233 356 3280 natus
366 3232 467 3282 honore
478 3235 602 3282 donatum
613 3248 676 3285 esse
686 3239 850 3300 scripsisset,
866 3243 940 3291 nulla
949 3245 1055 3293 omnino
1065 3247 1112 3292 aut
1120 3245 1248 3306 temporis
1258 3240 1305 3292 aot
1319 3245 1415 3307 prioris
1424 3247 1493 3296 rela-

275 3301 355 3350 tionis
370 3303 462 3351 habita
471 3305 583 3353 ratione.
612 3305 720 3356 Accedit
729 3311 797 3372 quod
807 3313 902 3377 reliqui
911 3316 1065 3376 scriptores,
1084 3317 1128 3379 qui
1138 3315 1248 3364 alterius
1259 3315 1323 3364 iacti
1333 3318 1494 3366 mentionem

275 3373 435 3424 iniecerunt.
460 3374 558 3438 liquide
581 3375 638 3424 eius
658 3379 792 3428 auctorem
818 3397 835 3430 a
858 3387 1057 3450 propugnatore
1081 3385 1185 3435 castelli
1209 3387 1279 3449 apud
1296 3385 1493 3450 Dyrrhachium

277 3443 460 3493 distinxerunt.
498 3444 565 3494 Num
589 3445 746 3498 Plutarchus
770 3451 796 3500 in
819 3453 875 3502 uita
899 3456 1025 3505 Caesaris
1050 3452 1139 3506 etti.
1162 3457 1196 3505 de
1218 3457 1359 3505 uirtutibus
1382 3458 1493 3508 militum

276 3513 498 3564 Ceresurianorum
512 3518 690 3579 expositurus,
703 3521 812 3570 laudata
824 3521 948 3575 Scaeuae
959 3525 1029 3574 illius
1040 3526 1189 3576 tortitudine
1201 3529 1293 3576 eontra
1304 3529 1491 3591 Pompeianos,

276 3583 310 3629 de
328 3597 383 3643 que
401 3597 482 3648 supra
501 3587 639 3646 Valerios,
664 3591 711 3638 ita·
725 3593 825 3658 pergit.
848 3590 895 3645 Ἰἰν
918 3593 948 3646 δὲ
970 3599 1130 3668 Romame
1145 3595 1199 3648 teir
1213 3597 1347 3667 πολεμίων
1363 3599 1400 3656 εἷς
1415 3597 1494 3651 τόπον

275 3646 358 3715 ἑλώδη
375 3653 420 3704 καὶ
436 3651 533 3724 μεστὸν
548 3653 642 3715 ὕδατος
658 3657 797 3728 lanterius
810 3665 863 3722 τοῖς
876 3663 988 3736 πρώτοις
995 3663 1148 3738 mesciolum
1159 3667 1331 3737 ἐπιθεμένων,
1344 3669 1495 3738 πραυόης

274 3723 413 3792 Καίσαρος
428 3723 508 3777 αὐτοῦ
523 3723 568 3791 τὴν
607 3727 675 3798 cippo
691 3728 838 3802 ἐφορῶντος
859 3733 997 3806 ὠσάμενος
1011 3737 1048 3795 ele
1065 3739 1162 3808 μέσους
1178 3741 1229 3789 etc.
1266 3739 1300 3787 Et
1317 3741 1429 3790 Cassius
1441 3741 1491 3791 Dio

275 3792 423 3853 (xxxvii,
442 3791 484 3846 53.
503 3811 529 3860 p.
551 3745 606 3847 lig
619 3799 713 3863 Reim.)
738 3804 790 3852 hoc
808 3806 914 3864 uiridem
939 3807 1043 3856 uirtutis
1062 3811 1200 3872 specimen
1222 3825 1240 3858 a
1263 3809 1357 3859 Publio
1375 3813 1491 3873 qrrodam

276 3859 404 3920 Scaeuio,
430 3881 482 3914 non
501 3871 590 3916 tamen
609 3871 635 3918 in
653 3871 806 3922 Britanniae
831 3890 889 3933 ora,
915 3879 963 3926 sed
983 3893 1066 3940 prope
1085 3881 1175 3929 Gades
1198 3881 1297 3930 edittrm
1315 3895 1380 3931 csse
1402 3885 1491 3935 tradit.

274 3931 304 3980 ln
324 3935 398 3982 cuius
417 3937 616 4000 exemplaribus
636 3942 658 3988 si
678 3956 769 3991 uerum
788 3959 890 3994 nemen
904 3954 1040 3996 seruatum
1060 3950 1109 4006 ait,
1133 3965 1184 3999 nec
1208 3953 1252 4000 est
1267 3952 1388 4014 protecto
1407 3969 1492 4004 cause

274 4015 320 4051 cur
339 4005 496 4063 dubitemus,
516 4008 567 4056 hoc
587 4009 645 4058 loeo
663 4013 832 4064 scribendum
850 4017 902 4063 erit
920 4019 1002 4065 taam
1018 4031 1091 4075 aero,
1110 4017 1215 4075 Βοοοιιὸ,
1236 4023 1306 4084 quod
1319 4025 1491 4084 quambene

274 4074 316 4121 uel
336 4075 363 4122 in
382 4077 567 4137 antiquissimo
585 4079 653 4128 libro
671 4083 786 4134 transire
803 4085 919 4146 potuerit
936 4088 963 4134 in
982 4084 1092 4146 &cesa
1113 4102 1172 4140 curn
1190 4095 1349 4156 praesertim
1366 4096 1394 4143 in
1412 4109 1491 4160 prae·

274 4144 428 4193 cedentibus
448 4148 480 4194 de
500 4147 551 4195 hoe
570 4149 674 4198 homine
699 4153 864 4211 disseruerit.
890 4157 969 4205 tacite
993 4156 1163 4227 intellegitur.
1203 4164 1375 4214 Reccntiores
1399 4170 1489 4215 alitem

274 4214 381 4272 librarii,
392 4231 451 4264 cum
460 4218 532 4265 recte
548 4219 580 4266 dc
591 4219 694 4268 duobus
711 4221 883 4275 bellatoribus
896 4228 946 4276 dici
956 4230 1092 4289 sentirent,
1112 4248 1145 4281 ex
1155 4234 1241 4283 altero
1253 4235 1360 4286 Scaeua
1370 4238 1489 4287 iecerunt

273 4283 441 4338 Scaeuolam.
477 4287 638 4350 interpretes
656 4291 717 4341 inde
736 4307 754 4342 a
771 4293 866 4361 Pighio
891 4298 924 4347 dc
942 4301 1037 4350 eodem
1055 4301 1162 4353 Scaena
1179 4307 1319 4368 utrumque
1336 4308 1424 4357 locum
1442 4323 1488 4357 ex·

270 4356 378 4417 plicant,
399 4371 484 4421 neque
503 4360 641 4422 quiequam
662 4361 687 4411 in
706 4378 738 4412 eo
757 4365 847 4415 uident
866 4367 1036 4420 difficultatis.
1500 4391 1507 4400 '

340 4423 437 4476 audam
454 4428 566 4478 transitu
575 4429 673 4496 saeile)
698 4434 801 4483 Vadum
820 4439 889 4486 uirili
906 4454 1006 4506 genere
1031 4444 1153 4494 dixerunt
1170 4447 1256 4497 Varro
1276 4450 1346 4512 apud
1364 4447 1489 4500 Seruium

272 4497 304 4544 ad
324 4496 335 4543 1
353 4497 418 4546 Aen.
441 4493 490 4548 115
508 4503 535 4548 et
552 4499 661 4553 Sallust.
680 4503 691 4552 1
711 4505 772 4557 hist.
791 4510 862 4570 apud
882 4510 948 4563 Non.
966 4513 1012 4571 lll,
1030 4508 1092 4566 265.
1128 4516 1221 4583 Neque
1238 4522 1330 4569 tamen
1348 4521 1409 4570 ideo
1426 4537 1488 4585 pre·

269 4567 361 4614 banda
378 4569 517 4632 archetypi
537 4573 668 4634 scriptura
685 4573 800 4635 sautem,
820 4595 880 4628 cum
899 4585 926 4630 et
949 4584 1009 4646 ipse
1027 4583 1151 4637 Valerios
1169 4589 1220 4646 111,
1240 4585 1308 4648 7,2
1331 4593 1489 4643 neutraliter

268 4638 566 4764 {issniniiiwilquadu'
579 4654 666 4711 neque
676 4647 721 4697 alii
732 4651 907 4701 recentiorum
918 4655 1068 4718 temporum
1077 4659 1222 4722 scriptores
1231 4662 1302 4710 hunc
1314 4663 1489 4719 uchaismon

311 4719 319 4754 1
338 4721 365 4760 ro
385 4723 501 4770 useuu.
