3409 5400
308 490 374 559 372
712 480 774 549 DE
797 475 1128 545 LIBERALITATE.
1227 466 1236 479 ’

308 650 485 739 erogantis,
509 646 598 711 omni
621 644 763 730 pennis
785 642 904 707 maius.
950 641 996 704 Se
1011 640 1107 713 enim
1129 638 1316 724 patrimonii
1346 656 1447 723 qnam
1473 656 1534 721 pa-

308 762 403 825 triam
427 754 504 820 fidei
525 754 657 837 inopem
682 770 758 815 esse
782 747 906 819 maluit,
928 744 1118 831 sequidem
1134 746 1259 809 maiore
1274 765 1350 807 eum
1365 764 1533 807 commen-

308 864 451 938 Mune,
475 860 564 950 quod
586 859 681 947 proni
703 855 803 921 studii
826 854 946 921 eortius
969 850 1124 915 indieium
1147 862 1198 915 est
1227 870 1329 936 supra
1355 851 1445 914 uires
1473 851 1534 913 niti

308 993 409 1061 qnam
435 969 561 1035 uiribus
591 988 630 1029 ex
660 962 751 1029 facili
778 962 834 1025 uti.
886 958 977 1023 Alter
1004 959 1092 1021 enim
1122 956 1211 1043 quod
1238 968 1348 1043 potest
1376 968 1533 1044 praestat,

265 1071 389 1146 salta
412 1076 486 1163 plns
510 1074 609 1137 etiam
633 1092 732 1156 quam
746 1078 864 1154 potest.
909 1064 1022 1150 ltaque
1045 1064 1194 1129 eiusdem
1216 1065 1374 1148 temporis
1397 1065 1558 1139 feminas

306 1185 401 1251 Busa
422 1181 566 1255 nomine,
589 1177 736 1264 regionis
761 1187 870 1239 autem
900 1168 1026 1256 Apulae
1055 1170 1228 1245 ditissima,
1256 1172 1371 1235 merito
1400 1169 1531 1257 quidem

306 1288 509 1355 liberalitatis
532 1284 751 1348 testimonium
774 1278 940 1363 receperit,
964 1274 1026 1337 sed
1049 1274 1242 1340 excellentes
1266 1299 1348 1363 opes
1372 1299 1454 1342 suas
1469 1275 1531 1339 Fa·

307 1394 416 1461 bianis
438 1393 487 1457 rei
509 1388 677 1455 familiaris
702 1386 864 1473 angustiis
888 1403 955 1445 non
978 1383 1217 1465 conparauerit.
1255 1382 1343 1447 Nam
1367 1383 1429 1446 etsi
1445 1384 1533 1446 eirea

307 1486 483 1567 Xeiuium
509 1507 706 1567 nostrorum,
736 1489 922 1555 Cannensis
952 1485 1067 1574 proelii
1097 1487 1265 1574 reliquias,
1291 1489 1531 1575 benignissime

307 1609 393 1671 intra
417 1604 586 1669 Canusina
607 1601 739 1665 moenia
761 1595 923 1662 alimentis
952 1595 1156 1667 sustentauit,
1185 1595 1279 1659 saluo
1306 1606 1417 1658 tanien
1445 1607 1567 1659 statuto

306 1714 510 1779 fortunarum
544 1730 679 1773 suarum
713 1704 902 1769 munificam
938 1721 975 1765 se
1009 1700 1130 1785 populo
1145 1718 1150 1733 ·
1167 1699 1320 1767 Romano
1356 1701 1531 1787 praestitis

306 1816 429 1884 Fabius
451 1819 487 1882 in
508 1815 667 1880 honorem
691 1810 816 1897 patriae
838 1819 1063 1894 paupertatem
1086 1808 1197 1891 inopia
1218 1810 1366 1873 mutauit.

265 1914 297 1983 8.
395 1922 434 1989 ln
462 1921 583 2002 Quinto
615 1940 744 2006 quoque
779 1916 937 1981 Considio
965 1916 1172 1981 saluberrimi
1200 1915 1341 2000 exempli
1367 1933 1429 1980 nee
1459 1917 1531 1980 sine

307 2052 412 2117 paruo
435 2030 539 2116 ipsius
563 2028 669 2093 fructu
691 2022 869 2091 liberalitas
897 2024 1053 2087 adnotata
1082 2034 1143 2087 est.
1189 2020 1255 2101 Qui
1287 2021 1448 2087 Catilinae
1479 2022 1530 2087 fu·

310 2172 334 2226 l.
346 2172 542 2242 'praerogantis
561 2166 682 2221 AGEF.
706 2168 877 2235 protegentis
896 2164 927 2218 Γ.
944 2166 958 2233 Η
973 2166 1113 2230 paenulam
1128 2178 1177 2289 pr.
1196 2162 1228 2216 A.
1244 2162 1259 2230 ll
1275 2164 1373 2230 maius}
1394 2164 1478 2215 marie
1498 2162 1531 2215 F.

321 2243 334 2317 ΙΙ
348 2247 451 2311 patriae
463 2242 500 2297 D.
516 2244 527 2307 ΙΙ
542 2239 568 2293 2.
587 2241 631 2306 eo]
651 2236 937 2306 etlilium-01¹.
950 2253 1000 2289 om.
1015 2236 1118 2305 Torall
1167 2237 1248 2287 stadii
1264 2235 1296 2288 F.
1307 2234 1321 2302 ΙΙ
1332 2232 1358 2290 t.
1373 2233 1520 2301 iadleRll

308 2316 333 2371 ⁵·
353 2319 432 2367 “lm
451 2317 512 2380 ‘’¹¹'‘
531 2310 697 2378 Wl'l'
710 2307 780 2430 Ψ,
795 2306 1110 2430 tristitiis
1125 2302 1531 2445 isttniaziiaia

307 2384 440 2511 limdfllll
449 2388 545 2524 {inibe
559 2380 800 2535 PCl·(ibeelbmbillip
818 2448 846 2501 D
865 2455 891 2500 et
905 2396 983 2503 ‘coin
1001 2448 1031 2535 C,
1054 2416 1130 2501 Torr-
1141 2448 1156 2513 ΙΙ
1167 2395 1355 2518 beniglissimi
1368 2464 1415 2516 pr.
1432 2415 1466 2499 A:
1484 2452 1530 2498 be-

306 2518 1531 2734 iffi&ii'tlzplililiijllffistlssii'iiiiiii¹li¹1il⁰b¹f¹l¹ll⁰il⁰l

307 2684 356 2722 om.
399 2705 407 2720 .
484 2680 694 2732 .eaenaopr.
736 2681 795 2718 .on
845 2680 896 2716 nae
939 2699 946 2714 .

307 2807 407 2860 rogare
430 2791 539 2840 denotat
561 2803 676 2855 erogare
696 2790 835 2852 pecuniam
855 2794 997 2855 antequam
1015 2790 1175 2853 praestitum
1197 2789 1241 2838 sit
1256 2789 1326 2853 quod
1344 2802 1393 2852 pro
1412 2801 1447 2836 ea
1464 2789 1530 2837 <lure

309 2865 399 2912 faeere
420 2863 536 2926 oportet,
555 2860 633 2922 idque
652 2874 721 2908 nune
740 2863 987 2924 ‘praenumerando'
1006 2862 1112 2910 soluere
1132 2862 1220 2910 dicere
1239 2861 1367 2910 solemus.
1409 2859 1448 2910 Cf.
1470 2858 1529 2922 le.

308 2933 373 2983 xix
393 2934 446 3000 dig.
465 2927 491 2988 2,
512 2927 553 2979 itt.
573 2931 631 2978 eod.
651 2930 713 2981 insi.
733 2929 767 2986 Χ,
786 2925 829 2984 31,
849 2929 891 2982 20,
928 2933 1019 2994 inepte
1034 2945 1145 2995 prorsus
1159 2931 1319 2998 Rulgersius
1337 2929 1350 2978 1
1367 2945 1438 2980 uarr.
1459 2930 1530 2979 leett.

310 2999 344 3054 18
360 3003 586 3067 praepositionem
605 3003 690 3050 ortam
710 3001 844 3050 existimat
867 3015 883 3050 e
907 3004 1063 3065 compendio
1081 3001 1111 3052 P.
1130 2999 1177 3060 it,
1202 3004 1220 3050 i.
1238 3017 1263 3054 e.
1282 3001 1381 3065 populo
1399 3001 1529 3050 Romano.

308 3077 342 3126 st
360 3089 393 3133 ne
412 3074 556 3124 'l'orrenlus
576 3073 680 3137 quidem
699 3073 863 3136 probabilius
881 3087 929 3134 pro
952 3089 986 3124 ee
1010 3075 1171 3122 adieetiunm
1191 3071 1239 3141 pio
1263 3074 1424 3123 substituere
1448 3086 1529 3121 nona·

307 3147 393 3196 buittr.
430 3145 490 3194 Non
508 3143 597 3194 dubito
617 3145 678 3208 quin
697 3145 796 3199 nitetur,
819 3143 914 3192 eodem
933 3144 1080 3205 composito
1106 3159 1172 3193 usus
1196 3160 1247 3208 quo
1271 3157 1366 3207 supra,
1390 3143 1530 3206 scripserit

308 3213 455 3282 crepantis:
476 3231 587 3266 eausam
607 3213 773 3276 curruptelae
786 3213 901 3263 nundum
914 3216 1050 3276 perspexi.
1085 3215 1280 3284 Neglegenlius
1293 3217 1382 3264 etitem
1394 3213 1528 3268 Valerius.

309 3303 368 3338 oum
393 3289 552 3338 senientiam
579 3287 724 3348 incepisset
747 3281 772 3334 si
795 3279 831 3332 ad
853 3281 968 3334 calculos
996 3289 1148 3340 reuocetur,
1177 3287 1222 3336 his
1252 3286 1362 3350 opponit
1387 3283 1414 3334 ri
1441 3283 1528 3334 em

308 3357 449 3425 nepertia,
469 3359 514 3408 ubi
533 3355 645 3406 animum
663 3355 813 3419 ponendum
834 3369 898 3405 esse
917 3356 987 3404 falso
1006 3355 1118 3403 coniecit
1135 3355 1251 3419 Lipsius.
1295 3357 1365 3406 Vidit
1381 3355 1527 3406 Turranius

306 3432 334 3481 in
353 3432 438 3481 ultera
456 3428 629 3494 oppositionis
647 3429 724 3490 parte
745 3441 760 3476 e
784 3427 873 3490 priore
896 3428 979 3478 uerbo
1002 3429 1139 3478 reuocetur
1162 3429 1338 3491 strppleudum
1362 3441 1428 3478 esso
1451 3425 1528 3478 nesti·

307 3504 390 3552 meter
408 3502 452 3552 uel
470 3503 613 3552 censeatur.

376 3567 402 3624 2.
422 3573 460 3622 ct.
478 3571 536 3623 Liu.
554 3569 639 3627 xxii,
657 3565 700 3622 52.

377 3639 468 3710 ltaque
485 3638 598 3694 eiusdem
616 3639 749 3708 ternporis)
767 3643 848 3692 Recte
862 3641 1015 3692 Perizonius
1034 3638 1219 3691 animaduertit
1234 3641 1446 3710 coniungendam
1465 3657 1528 3693 esse

306 3715 358 3764 hoe
377 3715 526 3778 exemplum
546 3729 605 3763 enin
624 3714 725 3778 priore,
745 3714 787 3762 eui
804 3715 925 3764 instituta
943 3713 1143 3776 comparatione
1166 3713 1307 3776 opponitur
1328 3716 1429 3776 pariter
1446 3717 1527 3780 atque

305 3784 361 3839 illa,
380 3798 450 3845 quse
469 3785 526 3844 1111,
545 3779 570 3842 li,
593 3781 602 3834 l
625 3787 658 3834 de
677 3785 798 3842 Admeto,
818 3785 874 3840 liti.
894 3783 918 3842 i,
938 3780 955 3832 4
974 3783 1207 3841 duTlieseo,111‚
1226 3780 1252 3839 2,
1270 3779 1306 3834 22
1325 3785 1359 3833 de
1374 3787 1527 3853 Cynaegiro

307 3857 418 3903 externa
440 3855 508 3904 inter
526 3855 647 3904 Romanu
672 3857 795 3920 exemplu
819 3858 966 3906 nturuntur.
1009 3855 1092 3905 Aliter
1117 3855 1187 3904 enim
1211 3855 1306 3904 eodeni
1329 3855 1387 3906 iure
1410 3858 1527 3906 externis

306 3921 357 3970 hoe
375 3923 495 3976 inserere
513 3925 650 3974 debuisset
669 3929 768 3982 ertator,
789 3941 839 3988 quo
858 3926 922 3974 illud
942 3926 975 3972 de
993 3922 1129 3987 Spurinna
1146 3925 1242 3976 iuuene
1260 3920 1363 3984 iiiia,
1382 3930 1436 3978 ext.
1453 3924 1476 3985 Ι,
1494 3929 1528 3976 do

305 3991 416 4040 Iubellio
434 3993 540 4045 Taurea
558 3995 603 4054 111,
622 3993 649 4054 2,
668 3999 719 4048 ext.
742 3993 764 4054 1,
791 3997 824 4044 de
848 3995 957 4044 Blassio
980 3993 1031 4053 111,
1055 3993 1087 4054 8,
1113 3998 1166 4047 ext.
1188 3991 1199 4048 l
1227 3996 1333 4062 alisque
1357 3999 1485 4048 nonnulla
1502 4000 1529 4046 in

306 4062 423 4112 externis
441 4064 589 4124 eolloeauit.

375 4129 491 4197 replente
513 4137 596 4184 aalma
618 4133 730 4201 Apulae)
756 4136 797 4185 Ila
819 4137 898 4199 posui
922 4135 1037 4199 optimos
1062 4139 1169 4188 codices
1194 4141 1358 4189 Beruensem
1382 4141 1410 4190 el
1428 4141 1528 4190 lieroli·

303 4216 415 4255 nensem
439 4207 561 4261 secutus.
586 4221 645 4254 eum
670 4209 753 4274 uulgo
777 4203 890 4272 Apuliae
913 4208 1046 4260 ederetur.
1092 4209 1194 4260 Eodem
1223 4212 1309 4262 modo*
1327 4211 1393 4260 ‹lixtt
1415 4209 1529 4262 Piew

303 4272 419 4340 replente
436 4275 467 4334 V.
486 4269 511 4332 3,
531 4271 556 4334 l.
575 4271 690 4327 Salinae
708 4275 823 4341 espieriis
840 4276 873 4335 ll,
892 4274 918 4336 4,
937 4275 962 4336 5,
980 4277 1086 4331 Atticae
1103 4279 1218 4346 repleuit
1237 4283 1268 4340 V,
1287 4275 1313 4337 3.
1336 4278 1426 4334 extu
1448 4287 1478 4332 et
1495 4283 1526 4340 V,

302 4341 329 4404 6,
349 4349 401 4398 ext.
413 4342 436 4399 1.
455 4346 538 4396 Paulo
557 4349 619 4409 post
637 4361 697 4397 oum
716 4349 741 4396 ln
761 4348 910 4412 archetypo
922 4351 1067 4401 excidisset
1083 4353 1183 4402 lineola
1201 4367 1283 4419 supra
1294 4349 1332 4410 X,
1350 4354 1526 4404 millenarium

302 4431 440 4468 numerum
453 4418 581 4474 indicans,
595 4418 762 4483 gramnratiei
772 4419 930 4470 addiderant
940 4418 1023 4476 milia
1047 4424 1170 4474 Ceterum
1181 4424 1276 4487 Liuius
1288 4427 1412 4487 quattuor
1423 4427 1527 4476 tuutmn

299 4488 501 4608 pulpadmitltum
521 4491 548 4540 et
565 4489 694 4538 ducentos
713 4490 817 4553 equites
835 4495 898 4554 post
910 4493 1079 4545 Cannensem
1091 4496 1195 4546 eludam
1208 4497 1354 4548 Canusium
1371 4497 1528 4564 perfugisse

311 4573 342 4608 ra
360 4559 368 4608 i
388 4559 415 4609 lt.

371 4621 398 4678 3.
419 4625 450 4680 lit
469 4629 564 4687 Quinto
582 4645 680 4698 piloque
698 4627 831 4694 Considio)
853 4635 977 4687 Meminit
998 4638 1078 4687 huius
1102 4639 1134 4697 Q.
1152 4639 1270 4690 Considil
1294 4639 1364 4690 Galli
1382 4641 1475 4691 Cleero
1499 4641 1527 4690 in

298 4697 350 4750 xii
368 4711 430 4764 epp.
448 4691 491 4762 26,
513 4699 536 4754 i.
555 4704 589 4754 ad
607 4703 660 4756 stt
679 4703 698 4764 1,
721 4699 761 4766 12,
784 4700 805 4755 l.
830 4705 864 4768 11,
882 4703 927 4768 24,
946 4705 972 4760 l.
990 4709 1017 4758 ln
1036 4710 1111 4762 Verr.
1129 4709 1150 4769 i,
1170 4705 1195 4770 7,
1216 4705 1258 4763 18.
