3409 5400
188 687 283 766 pam,
299 673 411 762 Pighii
424 663 652 765 neglegentiae
668 679 829 764 imputare
845 699 911 742 non
935 676 1088 742 dubitem.
1135 677 1229 758 Quod
1248 683 1422 767 quominus

188 787 316 851 faciam
340 805 406 850 non
434 785 570 871 impedit
597 784 722 850 codicis
748 785 931 850 Cauchiani
961 785 1180 851 testimenium
1210 786 1262 851 bis
1291 791 1422 854 citatum

189 896 226 958 in
256 891 418 980 particula
445 891 519 956 libri
549 893 661 977 primi,
698 913 796 979 quarn
832 890 981 956 consulto
1016 893 1184 978 praeteriit
1216 893 1423 961 abbreuiator

190 999 479 1086 Guelferbytanus
503 1021 577 1062 cum
601 1000 758 1086 exemplis
782 999 923 1086 probare
947 1000 1074 1084 possim
1090 998 1245 1088 Pighium
1269 1003 1309 1066 de
1333 1003 1422 1067 codi-

190 1109 288 1174 cibus
312 1107 383 1170 suis
406 1128 475 1190 non
498 1105 599 1171 semel
630 1127 690 1171 seu
719 1107 858 1172 consilio
890 1129 951 1171 seu
980 1106 1110 1173 leuitate
1140 1129 1215 1173 esse
1243 1112 1422 1176 mentitum.

189 1215 391 1282 Accuratius
416 1213 619 1278 describetur
643 1213 696 1279 hic
721 1215 825 1278 codex
848 1216 935 1280 infi‘a
957 1214 1019 1278 sub
1043 1214 1080 1280 Γ.
1453 1274 1457 1284 ,

283 1318 515 1395 LlPSlVS,
543 1321 598 1407 qui
621 1320 739 1386 breues
763 1321 821 1386 sed
848 1342 1058 1408 nequaquam
1089 1325 1296 1410 spernendas
1326 1337 1422 1390 notas

191 1431 237 1496 ad
263 1429 399 1494 alteram
421 1427 621 1516 Pighianam
644 1427 771 1494 Valerii
802 1427 979 1493 editionem
1007 1430 1143 1504 adiecit,
1172 1432 1300 1498 duobus
1330 1433 1422 1498 libris

191 1561 276 1604 usus
302 1547 362 1611 est,
386 1547 480 1622 ‘quos
495 1534 673 1602 Vltraiecto
697 1536 841 1623 benigne
859 1537 889 1601 ei
912 1549 1065 1602 curarunt
1086 1539 1149 1602 uiri
1172 1539 1211 1604 cl.
1227 1538 1422 1607 Lambertus

193 1658 226 1711 et
258 1643 447 1710 Hadrianus
476 1642 764 1718 Vanderburchii',
800 1645 936 1710 eosdem
959 1657 993 1708 ut
1023 1655 1101 1730 puto
1132 1645 1375 1723 Vltraiectinos‚
1405 1669 1422 1710 e

193 1752 315 1842 quibus
339 1759 454 1836 postea
479 1749 654 1816 Torrenius
678 1762 865 1837 excerptam
888 1753 1068 1838 scripturae
1083 1754 1275 1818 uarietatem
1299 1756 1426 1841 accepit

193 1885 216 1926 a
238 1855 524 1932 Drakenborchio,
549 1879 750 1945 quorumque
775 1859 857 1924 alter
880 1858 1009 1937 (Vltrai.
1027 1859 1057 1922 1.
1081 1883 1135 1947 ap.
1148 1859 1253 1933 Torret
1276 1864 1323 1927 ita
1344 1885 1422 1927 con·

193 1968 295 2033 sentit
318 1987 392 2030 cum
414 1964 498 2029 libro
521 1985 608 2030 nrmc
633 1965 764 2052 quidem
787 1964 993 2032 Berolinensi
1024 1967 1084 2032 sed
1112 1967 1190 2032 olim
1213 1970 1340 2055 etipse
1364 1966 1422 2034 Vl·

193 2073 367 2140 traiectino
396 2084 431 2135 ut
457 2071 564 2136 nullus
588 2072 730 2138 dubitem
759 2077 836 2162 quin
864 2096 965 2141 unum
993 2076 1146 2164 idemque
1177 2076 1343 2163 exemplar
1370 2079 1421 2140 sit.

194 2181 304 2265 Quem
328 2177 492 2254 codicem,
516 2189 590 2244 ante
616 2201 715 2266 quam
736 2179 926 2246 Berolinum
954 2184 1184 2248 transferretur
1206 2183 1423 2249 bibliothecae

193 2286 379 2354 electoralis
402 2285 726 2373 Brandenburgicae,
751 2285 907 2353 Vorstius
931 2311 1061 2376 quoque
1085 2289 1247 2365 adhibuit,
1272 2291 1423 2377 equidem

193 2399 360 2482 integrum
383 2393 514 2468 contuli,
538 2413 738 2480 quamquam
761 2416 829 2458 non
845 2396 989 2481 optimae
1011 2409 1061 2460 est
1076 2407 1182 2471 notae,
1199 2397 1422 2484 descripsique

193 2504 281 2568 infra
316 2501 378 2566 sub
406 2502 450 2564 D.
507 2499 597 2564 Alter
632 2519 710 2565 uero
742 2499 990 2577 Vltraieetinus,
1027 2514 1183 2589 quantum
1218 2526 1236 2566 e
1267 2504 1423 2568 uarietate

193 2612 377 2697 scripturae
401 2608 488 2695 apud
505 2607 695 2674 Torrenium
720 2609 849 2674 dinosci
872 2619 989 2695 potest,
1011 2610 1130 2674 nullius
1155 2611 1288 2676 omnino
1312 2620 1423 2676 aucto·

193 2720 301 2785 ritatis
325 2726 386 2781 est.

285 2824 577 2891 Praestantissimo
609 2835 641 2887 et
671 2826 901 2911 antiquissimo
931 2828 1076 2891 omnium
1106 2828 1162 2912 qui
1188 2825 1287 2891 hodie
1316 2837 1425 2891 extant

194 2933 326 2999 Valerii
339 2932 433 3007 libro,
457 2931 534 2998 olim
550 2931 639 2996 Petri
654 2930 804 2996 Danielis
821 2931 1080 3008 Aurelianensis,
1105 2954 1191 2997 nunc
1207 2932 1423 2999 bibliothecae

193 3042 387 3113 Beruensis,
399 3062 480 3104 usus
489 3050 540 3105 est
549 3038 803 3129 Christophorus
814 3040 1029 3117 COLllRVS,
1043 3044 1098 3129 qui
1106 3053 1215 3106 tamen
1226 3040 1336 3116 homo,
1350 3063 1424 3105 cum

195 3148 248 3215 nel
260 3150 296 3213 in
307 3147 530 3234 paucissimis
548 3169 634 3233 quae
645 3150 720 3215 inde
734 3159 931 3236 excerperet,
950 3150 1148 3235 saepissime
1165 3150 1353 3213 mentiretur
1370 3161 1425 3215 aut

195 3276 265 3323 non
283 3254 425 3320 discreta
444 3255 601 3339 primaria
616 3258 687 3321 eius
708 3259 872 3343 scriptura
895 3280 917 3321 a
937 3258 1155 3321 recentiorum
1177 3256 1424 3321 emendatorum
1502 3316 1510 3333 ,

195 3360 511 3449 interpolationibus,
527 3374 582 3427 aut
593 3364 682 3449 quod
692 3365 879 3450 frequenter
892 3364 933 3426 de
948 3386 1013 3427 uno
1024 3363 1133 3450 aliquo
1143 3363 1303 3427 uocabulo
1319 3385 1424 3449 agens

194 3470 415 3556 reliquorum,
441 3490 524 3556 quae
548 3468 645 3535 simul
668 3471 794 3540 citauit,
819 3472 979 3535 rationem
1003 3492 1069 3533 non
1092 3468 1222 3543 habuit,
1247 3469 1307 3532 sed
1330 3491 1425 3553 prae·

195 3588 368 3665 posteram
382 3575 551 3663 uolgatam
567 3576 739 3644 lectionem
750 3576 912 3641 Beruensi
929 3596 1058 3662 quoque
1074 3575 1191 3649 tribuit,
1215 3585 1271 3638 aut
1285 3574 1425 3659 denique

195 3688 231 3751 in
256 3682 469 3749 enucleandis
491 3684 669 3750 litterarum
698 3684 847 3747 <luctibus
879 3705 920 3746 eo
950 3680 1080 3745 foedius
1108 3680 1223 3767 lapsus
1255 3702 1320 3767 quo
1351 3692 1426 3745 sunt

197 3792 370 3857 nitidiores
395 3802 427 3853 et
449 3790 532 3855 lectu
554 3792 737 3866 facilioreS,
768 3790 842 3878 plus
871 3789 939 3852 fere
970 3788 1082 3852 nocuit
1111 3809 1213 3873 opera
1242 3809 1304 3852 sua
1327 3810 1426 3875 quam

197 3898 329 3985 proluit.
375 3896 489 3983 ltaque
511 3897 619 3963 denuo
644 3898 815 3983 diligenter
847 3907 878 3960 et
909 3905 1061 3959 accurate
1090 3896 1163 3981 ipse
1193 3894 1280 3959 hunc
1309 3895 1427 3960 librum

198 4007 331 4071 excussi
355 4016 388 4067 et
409 4004 539 4069 contuli.
585 4003 736 4069 Pluribus
754 4004 939 4069 describam
962 4002 1061 4088 paulo
1085 4013 1160 4088 post
1180 4001 1244 4067 sub
1259 4004 1301 4066 A.
1345 4001 1426 4069 Item

198 4112 389 4179 examinant
425 4110 560 4177 alterum
591 4110 859 4199 Bongarsianum
896 4111 933 4173 in
964 4110 1080 4174 eadem
1113 4130 1200 4173 nune
1229 4108 1428 4174 bibliotheca

198 4230 410 4286 asserentum
434 4218 577 4299 (Sinner.
603 4230 664 4285 cat.
688 4240 769 4283 mss.
792 4217 913 4284 Bernn.
938 4216 971 4291 l,
994 4239 1026 4301 p.
1052 4216 1147 4297 620),
1178 4215 1237 4281 sed
1268 4238 1427 4303 perquam

198 4330 356 4416 exigerunt
380 4326 603 4391 tantummodo
631 4326 767 4391 fructum
798 4346 838 4388 ex
869 4346 908 4389 eo
936 4326 1060 4411 percipi
1091 4345 1164 4387 cum
1195 4322 1426 4410 intellegerem,

196 4438 268 4499 iure
290 4434 473 4521 meritoque
498 4436 618 4521 spreui.

287 4540 595 4608 10.VORST1VS
626 4539 759 4605 duobus.
793 4540 923 4605 adiutus
955 4551 1005 4606 est
1039 4539 1277 4625 exemplaribus
1310 4558 1426 4603 manu·

197 4652 333 4737 scriptis
356 4648 574 4713 bibliothecae
592 4648 773 4713 electoralis
788 4648 1114 4736 Brandenburgicae,
1138 4666 1274 4732 quorum
1291 4643 1427 4711 alterum

198 4758 279 4829 ohne
301 4754 564 4833 Vltraiectinum,
588 4776 673 4821 nunc
690 4754 906 4823 Berolinense
930 4757 977 4837 (D
999 4757 1083 4818 inter
1097 4758 1216 4833 meos),
1240 4762 1338 4817 antea
1359 4754 1427 4820 iam
