<?xml version="1.0" encoding="UTF-8"?>
<!DOCTYPE html PUBLIC "-//W3C//DTD XHTML 1.0 Transitional//EN"
    "http://www.w3.org/TR/xhtml1/DTD/xhtml1-transitional.dtd">
<html xmlns="http://www.w3.org/1999/xhtml" xml:lang="en" lang="en">
 <head>
  <title>
</title>
<meta http-equiv="Content-Type" content="text/html;charset=utf-8" />
  <meta name='ocr-system' content='tesseract 3.04.00' />
  <meta name='ocr-capabilities' content='ocr_page ocr_carea ocr_par ocr_line ocrx_word'/>
</head>
<body>
  <div class='ocr_page' id='page_1' title='image "./valerimaximifac00parigoog_0429.png"; bbox 0 0 3409 5400; ppageno 0'>
   <div class='ocr_carea' id='block_1_1' title="bbox 231 432 1026 560">
    <p class='ocr_par' dir='ltr' id='par_1_1' title="bbox 231 432 1026 560">
     <span class='ocr_line' id='line_1_1' title="bbox 231 432 1026 560; baseline -0.018 -1"><span class='ocrx_word' id='word_1_1' title='bbox 231 432 236 442; x_wconf 24' lang='lat'><strong>·</strong></span> <span class='ocrx_word' id='word_1_2' title='bbox 262 491 329 560; x_wconf 81' lang='lat' dir='ltr'>tlt</span> <span class='ocrx_word' id='word_1_3' title='bbox 726 477 1026 550; x_wconf 71' lang='lat' dir='ltr'>uniuersalis.</span> 
     </span>
    </p>
   </div>
   <div class='ocr_carea' id='block_1_2' title="bbox 220 631 1514 1367">
    <p class='ocr_par' dir='ltr' id='par_1_2' title="bbox 262 631 1491 1036">
     <span class='ocr_line' id='line_1_2' title="bbox 264 631 1491 732; baseline -0.014 -17"><span class='ocrx_word' id='word_1_4' title='bbox 264 649 358 716; x_wconf 80' lang='lat' dir='ltr'>ecrsle</span> <span class='ocrx_word' id='word_1_5' title='bbox 382 649 479 712; x_wconf 87' lang='lat' dir='ltr'>etiam</span> <span class='ocrx_word' id='word_1_6' title='bbox 502 647 659 732; x_wconf 86' lang='lat' dir='ltr'>priuatus,</span> <span class='ocrx_word' id='word_1_7' title='bbox 683 641 728 706; x_wconf 89' lang='lat' dir='ltr'>ad</span> <span class='ocrx_word' id='word_1_8' title='bbox 750 641 899 708; x_wconf 87' lang='lat' dir='ltr'>ultimum</span> <span class='ocrx_word' id='word_1_9' title='bbox 919 642 996 726; x_wconf 88' lang='lat' dir='ltr'>ipsa</span> <span class='ocrx_word' id='word_1_10' title='bbox 1017 642 1126 726; x_wconf 80' lang='lat' dir='ltr'>patria</span> <span class='ocrx_word' id='word_1_11' title='bbox 1146 639 1263 725; x_wconf 89' lang='lat' dir='ltr'>pulsus</span> <span class='ocrx_word' id='word_1_12' title='bbox 1290 646 1350 704; x_wconf 88' lang='lat' dir='ltr'>est.</span> <span class='ocrx_word' id='word_1_13' title='bbox 1397 631 1491 716; x_wconf 83' lang='lat' dir='ltr'>Quid</span> 
     </span>
     <span class='ocr_line' id='line_1_3' title="bbox 264 741 1488 833; baseline -0.011 -13"><span class='ocrx_word' id='word_1_14' title='bbox 264 757 347 820; x_wconf 88' lang='lat' dir='ltr'>aliae</span> <span class='ocrx_word' id='word_1_15' title='bbox 370 755 492 818; x_wconf 87' lang='lat' dir='ltr'>faciant</span> <span class='ocrx_word' id='word_1_16' title='bbox 514 751 624 826; x_wconf 84' lang='lat' dir='ltr'>urbes,</span> <span class='ocrx_word' id='word_1_17' title='bbox 648 749 703 814; x_wconf 90' lang='lat' dir='ltr'>ubi</span> <span class='ocrx_word' id='word_1_18' title='bbox 727 749 825 812; x_wconf 88' lang='lat' dir='ltr'>etiam</span> <span class='ocrx_word' id='word_1_19' title='bbox 848 747 921 823; x_wconf 86' lang='lat' dir='ltr'>illa,</span> <span class='ocrx_word' id='word_1_20' title='bbox 945 769 1029 833; x_wconf 87' lang='lat' dir='ltr'>quae</span> <span class='ocrx_word' id='word_1_21' title='bbox 1052 747 1256 812; x_wconf 70' lang='lat' dir='ltr'><strong>constantiae</strong></span> <span class='ocrx_word' id='word_1_22' title='bbox 1280 756 1313 807; x_wconf 91' lang='lat' dir='ltr'>et</span> <span class='ocrx_word' id='word_1_23' title='bbox 1333 741 1488 809; x_wconf 86' lang='lat' dir='ltr'>modera-</span> 
     </span>
     <span class='ocr_line' id='line_1_4' title="bbox 263 851 1488 947; baseline -0.013 -19"><span class='ocrx_word' id='word_1_24' title='bbox 263 863 360 928; x_wconf 88' lang='lat' dir='ltr'>tionis</span> <span class='ocrx_word' id='word_1_25' title='bbox 385 872 416 922; x_wconf 92' lang='lat' dir='ltr'>et</span> <span class='ocrx_word' id='word_1_26' title='bbox 439 859 609 947; x_wconf 82' lang='lat' dir='ltr'>grauitatis</span> <span class='ocrx_word' id='word_1_27' title='bbox 638 855 789 920; x_wconf 81' lang='lat' dir='ltr'>eximiam</span> <span class='ocrx_word' id='word_1_28' title='bbox 819 853 884 916; x_wconf 89' lang='lat' dir='ltr'>sibi</span> <span class='ocrx_word' id='word_1_29' title='bbox 911 851 1043 919; x_wconf 88' lang='lat' dir='ltr'>laudem</span> <span class='ocrx_word' id='word_1_30' title='bbox 1071 853 1230 928; x_wconf 88' lang='lat' dir='ltr'>uindicat,</span> <span class='ocrx_word' id='word_1_31' title='bbox 1259 863 1327 916; x_wconf 85' lang='lat' dir='ltr'>tam</span> <span class='ocrx_word' id='word_1_32' title='bbox 1353 852 1488 934; x_wconf 86' lang='lat' dir='ltr'>ingrata</span> 
     </span>
     <span class='ocr_line' id='line_1_5' title="bbox 262 958 944 1036; baseline -0.021 0"><span class='ocrx_word' id='word_1_33' title='bbox 262 968 424 1036; x_wconf 83' lang='lat' dir='ltr'>aduersus</span> <span class='ocrx_word' id='word_1_34' title='bbox 448 977 515 1030; x_wconf 90' lang='lat' dir='ltr'>iam</span> <span class='ocrx_word' id='word_1_35' title='bbox 537 965 622 1029; x_wconf 89' lang='lat' dir='ltr'>bene</span> <span class='ocrx_word' id='word_1_36' title='bbox 645 963 794 1027; x_wconf 87' lang='lat' dir='ltr'>meritum</span> <span class='ocrx_word' id='word_1_37' title='bbox 819 958 944 1024; x_wconf 74' lang='lat' dir='ltr'>extitit?</span> 
     </span>
    </p>

    <p class='ocr_par' dir='ltr' id='par_1_3' title="bbox 220 1063 1514 1367">
     <span class='ocr_line' id='line_1_6' title="bbox 220 1063 1514 1152; baseline -0.01 -11"><span class='ocrx_word' id='word_1_38' title='bbox 220 1075 251 1144; x_wconf 84' lang='lat'>3.</span> <span class='ocrx_word' id='word_1_39' title='bbox 349 1070 493 1138; x_wconf 88' lang='lat' dir='ltr'>Detrahe</span> <span class='ocrx_word' id='word_1_40' title='bbox 518 1067 774 1134; x_wconf 80' lang='lat' dir='ltr'>Atheniensibus</span> <span class='ocrx_word' id='word_1_41' title='bbox 800 1065 946 1142; x_wconf 79' lang='lat' dir='ltr'>Theseu,</span> <span class='ocrx_word' id='word_1_42' title='bbox 973 1066 1082 1152; x_wconf 87' lang='lat' dir='ltr'>nullae</span> <span class='ocrx_word' id='word_1_43' title='bbox 1112 1077 1169 1132; x_wconf 89' lang='lat' dir='ltr'>aut</span> <span class='ocrx_word' id='word_1_44' title='bbox 1195 1087 1262 1130; x_wconf 89' lang='lat' dir='ltr'>nen</span> <span class='ocrx_word' id='word_1_45' title='bbox 1285 1076 1351 1130; x_wconf 89' lang='lat' dir='ltr'>tam</span> <span class='ocrx_word' id='word_1_46' title='bbox 1375 1063 1514 1129; x_wconf 68' lang='lat' dir='ltr'>claruet</span> 
     </span>
     <span class='ocr_line' id='line_1_7' title="bbox 261 1170 1486 1261; baseline -0.01 -15"><span class='ocrx_word' id='word_1_47' title='bbox 261 1180 411 1246; x_wconf 87' lang='lat' dir='ltr'>Athenae</span> <span class='ocrx_word' id='word_1_48' title='bbox 435 1187 537 1244; x_wconf 87' lang='lat' dir='ltr'>erunt.</span> <span class='ocrx_word' id='word_1_49' title='bbox 590 1173 759 1261; x_wconf 86' lang='lat' dir='ltr'>Siquidem</span> <span class='ocrx_word' id='word_1_50' title='bbox 788 1171 840 1236; x_wconf 89' lang='lat' dir='ltr'>ille</span> <span class='ocrx_word' id='word_1_51' title='bbox 868 1174 1001 1238; x_wconf 87' lang='lat' dir='ltr'>uicatim</span> <span class='ocrx_word' id='word_1_52' title='bbox 1025 1174 1195 1258; x_wconf 87' lang='lat' dir='ltr'>dispersos</span> <span class='ocrx_word' id='word_1_53' title='bbox 1227 1173 1317 1237; x_wconf 86' lang='lat' dir='ltr'>ciues</span> <span class='ocrx_word' id='word_1_54' title='bbox 1346 1193 1427 1236; x_wconf 90' lang='lat' dir='ltr'>suos</span> <span class='ocrx_word' id='word_1_55' title='bbox 1451 1170 1486 1234; x_wconf 88' lang='lat' dir='ltr'>in</span> 
     </span>
     <span class='ocr_line' id='line_1_8' title="bbox 262 1279 1486 1367; baseline -0.01 -15"><span class='ocrx_word' id='word_1_56' title='bbox 262 1292 384 1367; x_wconf 87' lang='lat' dir='ltr'>[suam]</span> <span class='ocrx_word' id='word_1_57' title='bbox 413 1305 513 1348; x_wconf 87' lang='lat' dir='ltr'>unam</span> <span class='ocrx_word' id='word_1_58' title='bbox 541 1282 655 1350; x_wconf 90' lang='lat' dir='ltr'>urbem</span> <span class='ocrx_word' id='word_1_59' title='bbox 684 1280 857 1353; x_wconf 78' lang='lat' dir='ltr'>contraxit,</span> <span class='ocrx_word' id='word_1_60' title='bbox 892 1282 1135 1365; x_wconf 76' lang='lat' dir='ltr'>separatimque</span> <span class='ocrx_word' id='word_1_61' title='bbox 1169 1291 1201 1344; x_wconf 87' lang='lat' dir='ltr'>ct</span> <span class='ocrx_word' id='word_1_62' title='bbox 1236 1279 1362 1364; x_wconf 82' lang='lat' dir='ltr'>agresti</span> <span class='ocrx_word' id='word_1_63' title='bbox 1392 1297 1486 1342; x_wconf 90' lang='lat' dir='ltr'>mere</span> 
     </span>
    </p>
   </div>
   <div class='ocr_carea' id='block_1_3' title="bbox 265 1403 1486 1494">
    <p class='ocr_par' dir='ltr' id='par_1_4' title="bbox 265 1403 1486 1494">
     <span class='ocr_line' id='line_1_9' title="bbox 265 1403 1486 1494; baseline -0.008 -15"><span class='ocrx_word' id='word_1_64' title='bbox 265 1427 289 1483; x_wconf 92' lang='grc'>1.</span> <span class='ocrx_word' id='word_1_65' title='bbox 307 1427 440 1494; x_wconf 85' lang='lat' dir='ltr'>priuatus]</span> <span class='ocrx_word' id='word_1_66' title='bbox 461 1423 523 1477; x_wconf 77' lang='lat' dir='ltr'>sciti.</span> <span class='ocrx_word' id='word_1_67' title='bbox 542 1425 619 1476; x_wconf 91' lang='lat' dir='ltr'>ocule</span> <span class='ocrx_word' id='word_1_68' title='bbox 637 1435 727 1487; x_wconf 79' lang='lat' dir='ltr'>marpo</span> <span class='ocrx_word' id='word_1_69' title='bbox 745 1419 778 1478; x_wconf 77' lang='lat' dir='ltr'>A.</span> <span class='ocrx_word' id='word_1_70' title='bbox 797 1403 888 1487; x_wconf 62' lang='lat' dir='ltr'>marvo</span> <span class='ocrx_word' id='word_1_71' title='bbox 906 1419 945 1476; x_wconf 82' lang='grc' dir='ltr'>Ε,</span> <span class='ocrx_word' id='word_1_72' title='bbox 964 1419 1078 1474; x_wconf 83' lang='lat' dir='ltr'>DTerr.</span> <span class='ocrx_word' id='word_1_73' title='bbox 1097 1423 1202 1486; x_wconf 82' lang='lat' dir='ltr'>priuato</span> <span class='ocrx_word' id='word_1_74' title='bbox 1220 1419 1251 1473; x_wconf 79' lang='lat' dir='ltr'>F.</span> <span class='ocrx_word' id='word_1_75' title='bbox 1266 1417 1319 1485; x_wconf 67' lang='grc'>112</span> <span class='ocrx_word' id='word_1_76' title='bbox 1339 1421 1439 1469; x_wconf 85' lang='lat' dir='ltr'>iaciant</span> <span class='ocrx_word' id='word_1_77' title='bbox 1452 1415 1486 1469; x_wconf 76' lang='lat' dir='ltr'>F.</span> 
     </span>
    </p>
   </div>
   <div class='ocr_carea' id='block_1_4' title="bbox 262 1487 1485 1633">
    <p class='ocr_par' dir='ltr' id='par_1_5' title="bbox 262 1487 1485 1633">
     <span class='ocr_line' id='line_1_10' title="bbox 273 1487 1485 1568; baseline -0.012 -16"><span class='ocrx_word' id='word_1_78' title='bbox 273 1495 324 1568; x_wconf 76' lang='grc'><strong>113.</strong></span> <span class='ocrx_word' id='word_1_79' title='bbox 342 1501 458 1550; x_wconf 86' lang='lat' dir='ltr'>uindicat</span> <span class='ocrx_word' id='word_1_80' title='bbox 474 1495 541 1562; x_wconf 86' lang='lat' dir='ltr'>tam]</span> <span class='ocrx_word' id='word_1_81' title='bbox 562 1497 722 1546; x_wconf 85' lang='lat' dir='ltr'>uindicatum</span> <span class='ocrx_word' id='word_1_82' title='bbox 740 1489 772 1544; x_wconf 79' lang='lat' dir='ltr'>A.</span> <span class='ocrx_word' id='word_1_83' title='bbox 787 1489 799 1562; x_wconf 84' lang='grc' dir='ltr'>ΙΙ</span> <span class='ocrx_word' id='word_1_84' title='bbox 813 1489 839 1545; x_wconf 89' lang='grc'>5.</span> <span class='ocrx_word' id='word_1_85' title='bbox 858 1495 981 1542; x_wconf 84' lang='lat' dir='ltr'>theseum</span> <span class='ocrx_word' id='word_1_86' title='bbox 999 1490 1037 1545; x_wconf 90' lang='lat' dir='ltr'>D.</span> <span class='ocrx_word' id='word_1_87' title='bbox 1049 1493 1063 1561; x_wconf 79' lang='grc' dir='ltr'>Ι)</span> <span class='ocrx_word' id='word_1_88' title='bbox 1074 1489 1100 1546; x_wconf 81' lang='lat' dir='ltr'>t.</span> <span class='ocrx_word' id='word_1_89' title='bbox 1118 1495 1163 1544; x_wconf 89' lang='lat' dir='ltr'>iiic</span> <span class='ocrx_word' id='word_1_90' title='bbox 1182 1491 1300 1558; x_wconf 88' lang='lat' dir='ltr'>uicatim]</span> <span class='ocrx_word' id='word_1_91' title='bbox 1325 1490 1365 1542; x_wconf 84' lang='lat' dir='ltr'>sic</span> <span class='ocrx_word' id='word_1_92' title='bbox 1383 1487 1416 1541; x_wconf 82' lang='grc' dir='ltr'>Γ.</span> <span class='ocrx_word' id='word_1_93' title='bbox 1439 1491 1485 1538; x_wconf 88' lang='lat' dir='ltr'>iiie</span> 
     </span>
     <span class='ocr_line' id='line_1_11' title="bbox 262 1559 1483 1633; baseline -0.012 -10"><span class='ocrx_word' id='word_1_94' title='bbox 262 1572 422 1623; x_wconf 77' lang='lat' dir='ltr'>..uicatim</span> <span class='ocrx_word' id='word_1_95' title='bbox 441 1565 472 1620; x_wconf 82' lang='grc' dir='ltr'>Α.</span> <span class='ocrx_word' id='word_1_96' title='bbox 492 1568 536 1617; x_wconf 88' lang='lat' dir='ltr'>ille</span> <span class='ocrx_word' id='word_1_97' title='bbox 554 1567 652 1616; x_wconf 84' lang='lat' dir='ltr'>locanti</span> <span class='ocrx_word' id='word_1_98' title='bbox 671 1561 703 1615; x_wconf 85' lang='lat' dir='ltr'>F.</span> <span class='ocrx_word' id='word_1_99' title='bbox 729 1564 773 1612; x_wconf 87' lang='lat' dir='ltr'>ilie</span> <span class='ocrx_word' id='word_1_100' title='bbox 799 1564 904 1615; x_wconf 80' lang='lat' dir='ltr'>locatim</span> <span class='ocrx_word' id='word_1_101' title='bbox 924 1560 1017 1615; x_wconf 82' lang='lat' dir='ltr'><strong><em>cDE.</em></strong></span> <span class='ocrx_word' id='word_1_102' title='bbox 1035 1563 1048 1633; x_wconf 88' lang='grc' dir='ltr'>ΙΙ</span> <span class='ocrx_word' id='word_1_103' title='bbox 1065 1562 1090 1616; x_wconf 85' lang='lat' dir='ltr'>i.</span> <span class='ocrx_word' id='word_1_104' title='bbox 1110 1579 1187 1613; x_wconf 82' lang='lat' dir='ltr'>sirum</span> <span class='ocrx_word' id='word_1_105' title='bbox 1206 1577 1255 1615; x_wconf 83' lang='lat' dir='ltr'>ors.</span> <span class='ocrx_word' id='word_1_106' title='bbox 1276 1559 1353 1612; x_wconf 76' lang='lat' dir='ltr'>Terr.</span> <span class='ocrx_word' id='word_1_107' title='bbox 1371 1559 1385 1628; x_wconf 80' lang='grc' dir='ltr'>Ι)</span> <span class='ocrx_word' id='word_1_108' title='bbox 1402 1575 1483 1610; x_wconf 79' lang='lat' dir='ltr'>iream</span> 
     </span>
    </p>
   </div>
   <div class='ocr_carea' id='block_1_5' title="bbox 260 1628 1448 1706">
    <p class='ocr_par' dir='ltr' id='par_1_6' title="bbox 260 1628 1448 1706">
     <span class='ocr_line' id='line_1_12' title="bbox 260 1628 1448 1706; baseline -0.008 -13"><span class='ocrx_word' id='word_1_109' title='bbox 260 1655 309 1694; x_wconf 78' lang='lat' dir='ltr'>err.</span> <span class='ocrx_word' id='word_1_110' title='bbox 329 1639 363 1692; x_wconf 80' lang='lat' dir='ltr'>it.</span> <span class='ocrx_word' id='word_1_111' title='bbox 375 1637 388 1706; x_wconf 89' lang='grc' dir='ltr'>ΙΙ</span> <span class='ocrx_word' id='word_1_112' title='bbox 400 1636 611 1704; x_wconf 72' lang='lat' dir='ltr'>separatimque]</span> <span class='ocrx_word' id='word_1_113' title='bbox 632 1636 787 1699; x_wconf 74' lang='lat' dir='ltr'>passimque</span> <span class='ocrx_word' id='word_1_114' title='bbox 804 1635 866 1694; x_wconf 81' lang='lat' dir='ltr'>(liti.</span> <span class='ocrx_word' id='word_1_115' title='bbox 884 1636 989 1698; x_wconf 85' lang='lat' dir='ltr'>passim</span> <span class='ocrx_word' id='word_1_116' title='bbox 1007 1634 1037 1685; x_wconf 81' lang='lat' dir='ltr'>s‘a</span> <span class='ocrx_word' id='word_1_117' title='bbox 1053 1641 1162 1690; x_wconf 74' lang='lat' dir='ltr'>raam)</span> <span class='ocrx_word' id='word_1_118' title='bbox 1178 1633 1210 1687; x_wconf 77' lang='grc' dir='ltr'>Δ.</span> <span class='ocrx_word' id='word_1_119' title='bbox 1229 1634 1404 1698; x_wconf 68' lang='lat' dir='ltr'>separmique</span> <span class='ocrx_word' id='word_1_120' title='bbox 1415 1628 1448 1684; x_wconf 75' lang='lat' dir='ltr'>F.</span> 
     </span>
    </p>
   </div>
   <div class='ocr_carea' id='block_1_6' title="bbox 171 1755 1486 4799">
    <p class='ocr_par' dir='ltr' id='par_1_7' title="bbox 246 1755 1485 2327">
     <span class='ocr_line' id='line_1_13' title="bbox 261 1755 1484 1831; baseline -0.011 -15"><span class='ocrx_word' id='word_1_121' title='bbox 261 1763 339 1816; x_wconf 80' lang='lat' dir='ltr'>eiiam</span> <span class='ocrx_word' id='word_1_122' title='bbox 354 1761 486 1831; x_wconf 64' lang='lat' dir='ltr'>priscus.</span> <span class='ocrx_word' id='word_1_123' title='bbox 522 1760 575 1810; x_wconf 80' lang='lat' dir='ltr'>Seri</span> <span class='ocrx_word' id='word_1_124' title='bbox 596 1761 664 1808; x_wconf 89' lang='lat' dir='ltr'>inter</span> <span class='ocrx_word' id='word_1_125' title='bbox 682 1759 791 1808; x_wconf 86' lang='lat' dir='ltr'>iniurius</span> <span class='ocrx_word' id='word_1_126' title='bbox 814 1761 840 1808; x_wconf 90' lang='lat' dir='ltr'>in</span> <span class='ocrx_word' id='word_1_127' title='bbox 859 1759 1014 1827; x_wconf 77' lang='lat' dir='ltr'>Lycurgum</span> <span class='ocrx_word' id='word_1_128' title='bbox 1038 1761 1185 1826; x_wconf 84' lang='lat' dir='ltr'>congestas</span> <span class='ocrx_word' id='word_1_129' title='bbox 1205 1759 1378 1823; x_wconf 74' lang='lat' dir='ltr'>praeeipuam</span> <span class='ocrx_word' id='word_1_130' title='bbox 1398 1755 1484 1804; x_wconf 84' lang='lat' dir='ltr'>tuisse</span> 
     </span>
     <span class='ocr_line' id='line_1_14' title="bbox 261 1828 1485 1902; baseline -0.008 -16"><span class='ocrx_word' id='word_1_131' title='bbox 261 1837 332 1902; x_wconf 84' lang='lat' dir='ltr'>qued</span> <span class='ocrx_word' id='word_1_132' title='bbox 350 1835 427 1885; x_wconf 92' lang='lat' dir='ltr'>eeule</span> <span class='ocrx_word' id='word_1_133' title='bbox 446 1833 597 1898; x_wconf 86' lang='lat' dir='ltr'>prieurslur</span> <span class='ocrx_word' id='word_1_134' title='bbox 620 1843 714 1880; x_wconf 88' lang='lat' dir='ltr'>omues</span> <span class='ocrx_word' id='word_1_135' title='bbox 737 1833 870 1888; x_wconf 80' lang='lat' dir='ltr'>testantur</span> <span class='ocrx_word' id='word_1_136' title='bbox 887 1845 956 1890; x_wconf 88' lang='lat' dir='ltr'>quos</span> <span class='ocrx_word' id='word_1_137' title='bbox 980 1844 1065 1894; x_wconf 82' lang='lat' dir='ltr'>supra</span> <span class='ocrx_word' id='word_1_138' title='bbox 1085 1832 1166 1880; x_wconf 88' lang='lat' dir='ltr'>citsui</span> <span class='ocrx_word' id='word_1_139' title='bbox 1183 1831 1342 1894; x_wconf 82' lang='lat' dir='ltr'>scriptores.</span> <span class='ocrx_word' id='word_1_140' title='bbox 1365 1828 1436 1878; x_wconf 76' lang='lat' dir='ltr'>adeo</span> <span class='ocrx_word' id='word_1_141' title='bbox 1455 1830 1485 1876; x_wconf 87' lang='lat' dir='ltr'>ut</span> 
     </span>
     <span class='ocr_line' id='line_1_15' title="bbox 262 1896 1484 1969; baseline -0.01 -12"><span class='ocrx_word' id='word_1_142' title='bbox 262 1911 333 1958; x_wconf 90' lang='lat' dir='ltr'>reete</span> <span class='ocrx_word' id='word_1_143' title='bbox 352 1907 386 1954; x_wconf 82' lang='lat' dir='ltr'>ad</span> <span class='ocrx_word' id='word_1_144' title='bbox 402 1902 526 1969; x_wconf 83' lang='lat' dir='ltr'>priuatas</span> <span class='ocrx_word' id='word_1_145' title='bbox 544 1901 700 1953; x_wconf 86' lang='lat' dir='ltr'>emendator</span> <span class='ocrx_word' id='word_1_146' title='bbox 717 1901 744 1950; x_wconf 86' lang='lat' dir='ltr'>iu</span> <span class='ocrx_word' id='word_1_147' title='bbox 763 1902 885 1968; x_wconf 82' lang='lat' dir='ltr'>margine</span> <span class='ocrx_word' id='word_1_148' title='bbox 904 1902 961 1950; x_wconf 89' lang='lat' dir='ltr'>iibri</span> <span class='ocrx_word' id='word_1_149' title='bbox 980 1902 1124 1951; x_wconf 86' lang='lat' dir='ltr'>Bemcnsis</span> <span class='ocrx_word' id='word_1_150' title='bbox 1143 1900 1309 1966; x_wconf 87' lang='lat' dir='ltr'>suppleuerii</span> <span class='ocrx_word' id='word_1_151' title='bbox 1326 1896 1415 1952; x_wconf 79' lang='lat' dir='ltr'>ocule.</span> <span class='ocrx_word' id='word_1_152' title='bbox 1437 1899 1484 1946; x_wconf 75' lang='lat' dir='ltr'>aci·</span> 
     </span>
     <span class='ocr_line' id='line_1_16' title="bbox 261 1965 1484 2036; baseline -0.007 -10"><span class='ocrx_word' id='word_1_153' title='bbox 261 1977 333 2026; x_wconf 90' lang='lat' dir='ltr'>lutus</span> <span class='ocrx_word' id='word_1_154' title='bbox 356 1977 480 2024; x_wconf 89' lang='lat' dir='ltr'>nimirum</span> <span class='ocrx_word' id='word_1_155' title='bbox 503 1973 562 2023; x_wconf 89' lang='lat' dir='ltr'>iulii</span> <span class='ocrx_word' id='word_1_156' title='bbox 585 1971 689 2021; x_wconf 82' lang='lat' dir='ltr'>Paridis</span> <span class='ocrx_word' id='word_1_157' title='bbox 713 1971 882 2035; x_wconf 79' lang='lat' dir='ltr'>compendio.</span> <span class='ocrx_word' id='word_1_158' title='bbox 908 1973 984 2021; x_wconf 86' lang='lat' dir='ltr'>cuius</span> <span class='ocrx_word' id='word_1_159' title='bbox 1007 1974 1092 2023; x_wconf 88' lang='lat' dir='ltr'>uerba</span> <span class='ocrx_word' id='word_1_160' title='bbox 1117 1973 1185 2022; x_wconf 88' lang='lat' dir='ltr'>haec</span> <span class='ocrx_word' id='word_1_161' title='bbox 1209 1973 1285 2024; x_wconf 79' lang='lat' dir='ltr'>sunt.</span> <span class='ocrx_word' id='word_1_162' title='bbox 1308 1965 1445 2036; x_wconf 67' lang='lat' dir='ltr'>lapidibus</span> <span class='ocrx_word' id='word_1_163' title='bbox 1466 1981 1484 2017; x_wconf 82' lang='lat' dir='ltr'>a</span> 
     </span>
     <span class='ocr_line' id='line_1_17' title="bbox 246 2039 1484 2113; baseline -0.006 -16"><span class='ocrx_word' id='word_1_164' title='bbox 246 2041 365 2098; x_wconf 60' lang='lat' dir='ltr'>Mlier</span> <span class='ocrx_word' id='word_1_165' title='bbox 378 2043 487 2113; x_wconf 79' lang='lat' dir='ltr'>petitas.</span> <span class='ocrx_word' id='word_1_166' title='bbox 507 2041 601 2111; x_wconf 82' lang='lat' dir='ltr'>paleas</span> <span class='ocrx_word' id='word_1_167' title='bbox 617 2040 679 2103; x_wconf 78' lang='lat' dir='ltr'>sero</span> <span class='ocrx_word' id='word_1_168' title='bbox 701 2039 741 2092; x_wconf 84' lang='lat' dir='ltr'>s&#39;ia</span> <span class='ocrx_word' id='word_1_169' title='bbox 764 2047 793 2094; x_wconf 83' lang='lat' dir='ltr'>at</span> <span class='ocrx_word' id='word_1_170' title='bbox 815 2041 917 2094; x_wconf 74' lang='lat' dir='ltr'>emtam</span> <span class='ocrx_word' id='word_1_171' title='bbox 935 2040 1081 2097; x_wconf 69' lang='lat' dir='ltr'>mitteret.</span> <span class='ocrx_word' id='word_1_172' title='bbox 1106 2041 1247 2094; x_wconf 70' lang='lat' dir='ltr'>waioeiu</span> <span class='ocrx_word' id='word_1_173' title='bbox 1268 2039 1391 2095; x_wconf 70' lang='lat' dir='ltr'>munit.</span> <span class='ocrx_word' id='word_1_174' title='bbox 1426 2041 1484 2090; x_wconf 78' lang='lat' dir='ltr'>iam</span> 
     </span>
     <span class='ocr_line' id='line_1_18' title="bbox 262 2112 1483 2182; baseline -0.008 -14"><span class='ocrx_word' id='word_1_175' title='bbox 262 2133 326 2168; x_wconf 92' lang='lat' dir='ltr'>uere</span> <span class='ocrx_word' id='word_1_176' title='bbox 344 2117 489 2166; x_wconf 88' lang='lat' dir='ltr'>Terrenlus</span> <span class='ocrx_word' id='word_1_177' title='bbox 507 2117 534 2164; x_wconf 90' lang='lat' dir='ltr'>ln</span> <span class='ocrx_word' id='word_1_178' title='bbox 553 2113 703 2165; x_wconf 73' lang='lat' dir='ltr'>Valerianis</span> <span class='ocrx_word' id='word_1_179' title='bbox 723 2115 812 2163; x_wconf 82' lang='lat' dir='ltr'>uerbis</span> <span class='ocrx_word' id='word_1_180' title='bbox 831 2115 924 2164; x_wconf 88' lang='lat' dir='ltr'>merito</span> <span class='ocrx_word' id='word_1_181' title='bbox 943 2115 995 2163; x_wconf 89' lang='lat' dir='ltr'>leci</span> <span class='ocrx_word' id='word_1_182' title='bbox 1013 2113 1232 2182; x_wconf 79' lang='lat' dir='ltr'>significationem</span> <span class='ocrx_word' id='word_1_183' title='bbox 1251 2113 1394 2168; x_wconf 78' lang='lat' dir='ltr'>desiderat,</span> <span class='ocrx_word' id='word_1_184' title='bbox 1414 2112 1483 2159; x_wconf 81' lang='lat' dir='ltr'>unde</span> 
     </span>
     <span class='ocr_line' id='line_1_19' title="bbox 262 2179 1485 2252; baseline -0.005 -14"><span class='ocrx_word' id='word_1_185' title='bbox 262 2189 363 2239; x_wconf 88' lang='lat' dir='ltr'>electus</span> <span class='ocrx_word' id='word_1_186' title='bbox 382 2187 417 2236; x_wconf 89' lang='lat' dir='ltr'>sit</span> <span class='ocrx_word' id='word_1_187' title='bbox 434 2186 586 2252; x_wconf 80' lang='lat' dir='ltr'>Lycurgus.</span> <span class='ocrx_word' id='word_1_188' title='bbox 630 2183 729 2241; x_wconf 81' lang='lat' dir='ltr'>‘Nam’.</span> <span class='ocrx_word' id='word_1_189' title='bbox 753 2183 848 2250; x_wconf 86' lang='lat' dir='ltr'>inquil,</span> <span class='ocrx_word' id='word_1_190' title='bbox 877 2191 946 2233; x_wconf 75' lang='lat' dir='ltr'>‘cum</span> <span class='ocrx_word' id='word_1_191' title='bbox 971 2184 1126 2248; x_wconf 87' lang='lat' dir='ltr'>simpliciter</span> <span class='ocrx_word' id='word_1_192' title='bbox 1148 2185 1250 2234; x_wconf 82' lang='lat' dir='ltr'>(licetur</span> <span class='ocrx_word' id='word_1_193' title='bbox 1263 2181 1363 2248; x_wconf 67' lang='grc' dir='ltr'><em>[πονε</em></span> <span class='ocrx_word' id='word_1_194' title='bbox 1387 2179 1485 2232; x_wconf 74' lang='lat' dir='ltr'>eiectas</span> 
     </span>
     <span class='ocr_line' id='line_1_20' title="bbox 256 2253 1485 2327; baseline -0.006 -17"><span class='ocrx_word' id='word_1_195' title='bbox 256 2256 379 2327; x_wconf 80' lang='lat' dir='ltr'>publice,</span> <span class='ocrx_word' id='word_1_196' title='bbox 401 2259 484 2314; x_wconf 82' lang='lat' dir='ltr'>unde,</span> <span class='ocrx_word' id='word_1_197' title='bbox 504 2269 620 2322; x_wconf 76' lang='lat' dir='ltr'>quaese,</span> <span class='ocrx_word' id='word_1_198' title='bbox 644 2269 677 2305; x_wconf 86' lang='lat' dir='ltr'>ex</span> <span class='ocrx_word' id='word_1_199' title='bbox 696 2256 828 2306; x_wconf 89' lang='lat' dir='ltr'>communi</span> <span class='ocrx_word' id='word_1_200' title='bbox 846 2255 970 2321; x_wconf 84' lang='lat' dir='ltr'>loquendi</span> <span class='ocrx_word' id='word_1_201' title='bbox 988 2257 1180 2307; x_wconf 82' lang='lat' dir='ltr'>cousuetudine</span> <span class='ocrx_word' id='word_1_202' title='bbox 1202 2257 1304 2308; x_wconf 89' lang='lat' dir='ltr'>eiectus</span> <span class='ocrx_word' id='word_1_203' title='bbox 1322 2253 1485 2320; x_wconf 78' lang='lat' dir='ltr'>intelligetur</span> 
     </span>
    </p>

    <p class='ocr_par' dir='ltr' id='par_1_8' title="bbox 171 2320 1486 3300">
     <span class='ocr_line' id='line_1_21' title="bbox 171 2320 1484 2393; baseline -0.004 -12"><span class='ocrx_word' id='word_1_204' title='bbox 171 2330 175 2343; x_wconf 94' lang='lat'>&#39;</span> <span class='ocrx_word' id='word_1_205' title='bbox 261 2331 312 2381; x_wconf 88' lang='lat' dir='ltr'>nisi</span> <span class='ocrx_word' id='word_1_206' title='bbox 336 2344 370 2381; x_wconf 81' lang='lat' dir='ltr'>ex</span> <span class='ocrx_word' id='word_1_207' title='bbox 394 2327 520 2378; x_wconf 82' lang='lat' dir='ltr'>ciuitatel</span> <span class='ocrx_word' id='word_1_208' title='bbox 551 2325 605 2381; x_wconf 80' lang='lat' dir='ltr'>see</span> <span class='ocrx_word' id='word_1_209' title='bbox 618 2328 690 2375; x_wconf 57' lang='lat' dir='ltr'>&gt;tuuc</span> <span class='ocrx_word' id='word_1_210' title='bbox 714 2327 776 2375; x_wconf 78' lang='lat' dir='ltr'>eddi</span> <span class='ocrx_word' id='word_1_211' title='bbox 800 2341 853 2374; x_wconf 91' lang='lat' dir='ltr'>nen</span> <span class='ocrx_word' id='word_1_212' title='bbox 876 2328 982 2388; x_wconf 87' lang='lat' dir='ltr'>poterat</span> <span class='ocrx_word' id='word_1_213' title='bbox 1005 2321 1042 2375; x_wconf 82' lang='lat' dir='ltr'>ad</span> <span class='ocrx_word' id='word_1_214' title='bbox 1058 2323 1174 2376; x_wconf 66' lang='lat' dir='ltr'>ahimam</span> <span class='ocrx_word' id='word_1_215' title='bbox 1197 2325 1258 2393; x_wconf 77' lang='lat' dir='ltr'>ipss</span> <span class='ocrx_word' id='word_1_216' title='bbox 1348 2323 1353 2332; x_wconf 85' lang='lat'>&#39;</span> <span class='ocrx_word' id='word_1_217' title='bbox 1389 2320 1484 2390; x_wconf 67' lang='lat' dir='ltr'>pulm</span> 
     </span>
     <span class='ocr_line' id='line_1_22' title="bbox 262 2391 1482 2466; baseline -0.007 -14"><span class='ocrx_word' id='word_1_218' title='bbox 262 2401 317 2454; x_wconf 80' lang='lat' dir='ltr'>eri&#39;.</span> <span class='ocrx_word' id='word_1_219' title='bbox 358 2401 451 2462; x_wconf 82' lang='lat' dir='ltr'>ltaque</span> <span class='ocrx_word' id='word_1_220' title='bbox 473 2399 586 2466; x_wconf 68' lang='lat' dir='ltr'>egregie</span> <span class='ocrx_word' id='word_1_221' title='bbox 610 2397 704 2446; x_wconf 90' lang='lat' dir='ltr'>conicit</span> <span class='ocrx_word' id='word_1_222' title='bbox 734 2397 775 2444; x_wconf 91' lang='lat' dir='ltr'>uir</span> <span class='ocrx_word' id='word_1_223' title='bbox 797 2397 969 2446; x_wconf 83' lang='lat' dir='ltr'>doctissimus</span> <span class='ocrx_word' id='word_1_224' title='bbox 999 2397 1142 2463; x_wconf 84' lang='lat' dir='ltr'>legendum</span> <span class='ocrx_word' id='word_1_225' title='bbox 1170 2411 1234 2448; x_wconf 88' lang='lat' dir='ltr'>esse</span> <span class='ocrx_word' id='word_1_226' title='bbox 1289 2391 1398 2446; x_wconf 68' lang='lat' dir='ltr'>&#39;ando</span> <span class='ocrx_word' id='word_1_227' title='bbox 1414 2393 1482 2460; x_wconf 84' lang='lat' dir='ltr'>sere</span> 
     </span>
     <span class='ocr_line' id='line_1_23' title="bbox 260 2453 1486 2548; baseline -0.005 -25"><span class='ocrx_word' id='word_1_228' title='bbox 260 2471 358 2524; x_wconf 80' lang='lat' dir='ltr'>eiectas</span> <span class='ocrx_word' id='word_1_229' title='bbox 367 2469 467 2537; x_wconf 83' lang='lat' dir='ltr'>sarcre</span> <span class='ocrx_word' id='word_1_230' title='bbox 480 2453 598 2536; x_wconf 69' lang='lat' dir='ltr'>petitu,</span> <span class='ocrx_word' id='word_1_231' title='bbox 617 2467 695 2518; x_wconf 72' lang='lat' dir='ltr'>eham</span> <span class='ocrx_word' id='word_1_232' title='bbox 713 2465 787 2518; x_wconf 88' lang='lat' dir='ltr'>ecale</span> <span class='ocrx_word' id='word_1_233' title='bbox 803 2465 946 2548; x_wconf 69' lang='lat' dir='ltr'>priuatas,</span> <span class='ocrx_word' id='word_1_234' title='bbox 970 2467 1105 2519; x_wconf 76' lang='lat' dir='ltr'>Plutarchi</span> <span class='ocrx_word' id='word_1_235' title='bbox 1129 2481 1291 2534; x_wconf 84' lang='lat' dir='ltr'>comparans</span> <span class='ocrx_word' id='word_1_236' title='bbox 1315 2469 1400 2518; x_wconf 84' lang='lat' dir='ltr'>uerba</span> <span class='ocrx_word' id='word_1_237' title='bbox 1416 2465 1486 2524; x_wconf 73' lang='grc' dir='ltr'><strong><em>τέλος</em></strong></span> 
     </span>
     <span class='ocr_line' id='line_1_24' title="bbox 261 2533 1483 2612; baseline -0.007 -18"><span class='ocrx_word' id='word_1_238' title='bbox 261 2541 292 2596; x_wconf 75' lang='lat' dir='ltr'>«ti</span> <span class='ocrx_word' id='word_1_239' title='bbox 309 2539 471 2612; x_wconf 69' lang='grc' dir='ltr'><strong><em>βαλλόμενος</em></strong></span> <span class='ocrx_word' id='word_1_240' title='bbox 486 2533 536 2591; x_wconf 78' lang='lat' dir='ltr'>inci</span> <span class='ocrx_word' id='word_1_241' title='bbox 552 2533 655 2591; x_wconf 71' lang='grc' dir='ltr'><em>πολλῶν</em></span> <span class='ocrx_word' id='word_1_242' title='bbox 672 2537 770 2598; x_wconf 70' lang='grc' dir='ltr'><strong><em>Ιξὲπεσε</em></strong></span> <span class='ocrx_word' id='word_1_243' title='bbox 788 2553 830 2601; x_wconf 72' lang='grc' dir='ltr'>της</span> <span class='ocrx_word' id='word_1_244' title='bbox 846 2533 951 2608; x_wconf 78' lang='grc' dir='ltr'><em>ἀγορᾶς</em></span> <span class='ocrx_word' id='word_1_245' title='bbox 967 2534 1071 2609; x_wconf 76' lang='grc' dir='ltr'><em>δρόμῳ,</em></span> <span class='ocrx_word' id='word_1_246' title='bbox 1091 2539 1283 2601; x_wconf 82' lang='lat' dir='ltr'>confirmatque</span> <span class='ocrx_word' id='word_1_247' title='bbox 1301 2538 1352 2588; x_wconf 80' lang='lat' dir='ltr'>t&#39;ori</span> <span class='ocrx_word' id='word_1_248' title='bbox 1366 2551 1483 2588; x_wconf 86' lang='lat' dir='ltr'>cemme-</span> 
     </span>
     <span class='ocr_line' id='line_1_25' title="bbox 260 2609 1482 2664; baseline -0.007 0"><span class='ocrx_word' id='word_1_249' title='bbox 260 2613 434 2664; x_wconf 87' lang='lat' dir='ltr'>morationem</span> <span class='ocrx_word' id='word_1_250' title='bbox 452 2611 535 2661; x_wconf 89' lang='lat' dir='ltr'>lulius</span> <span class='ocrx_word' id='word_1_251' title='bbox 556 2611 640 2658; x_wconf 86' lang='lat' dir='ltr'>Puris.</span> <span class='ocrx_word' id='word_1_252' title='bbox 683 2609 813 2658; x_wconf 79' lang='lat' dir='ltr'>sinemo</span> <span class='ocrx_word' id='word_1_253' title='bbox 831 2623 885 2657; x_wconf 93' lang='lat' dir='ltr'>nen</span> <span class='ocrx_word' id='word_1_254' title='bbox 905 2609 976 2658; x_wconf 86' lang='lat' dir='ltr'>uidet</span> <span class='ocrx_word' id='word_1_255' title='bbox 1004 2612 1072 2658; x_wconf 79' lang='lat' dir='ltr'>sutis</span> <span class='ocrx_word' id='word_1_256' title='bbox 1091 2611 1156 2660; x_wconf 89' lang='lat' dir='ltr'>mire</span> <span class='ocrx_word' id='word_1_257' title='bbox 1174 2609 1200 2660; x_wconf 91' lang='lat' dir='ltr'>ln</span> <span class='ocrx_word' id='word_1_258' title='bbox 1225 2611 1277 2660; x_wconf 85' lang='lat' dir='ltr'>hac</span> <span class='ocrx_word' id='word_1_259' title='bbox 1299 2609 1482 2659; x_wconf 72' lang='lat' dir='ltr'>untirmmoee</span> 
     </span>
     <span class='ocr_line' id='line_1_26' title="bbox 261 2680 1482 2747; baseline -0.005 -12"><span class='ocrx_word' id='word_1_260' title='bbox 261 2685 403 2737; x_wconf 75' lang='lat' dir='ltr'>occulere</span> <span class='ocrx_word' id='word_1_261' title='bbox 422 2680 775 2745; x_wconf 80' lang='lat' dir='ltr'>commemorurtpubltum</span> <span class='ocrx_word' id='word_1_262' title='bbox 795 2681 921 2735; x_wconf 77' lang='lat' dir='ltr'>hrrerem.</span> <span class='ocrx_word' id='word_1_263' title='bbox 939 2695 998 2731; x_wconf 89' lang='lat' dir='ltr'>cem</span> <span class='ocrx_word' id='word_1_264' title='bbox 1017 2681 1088 2731; x_wconf 83' lang='lat' dir='ltr'>idem</span> <span class='ocrx_word' id='word_1_265' title='bbox 1106 2682 1151 2733; x_wconf 86' lang='lat' dir='ltr'>tiis</span> <span class='ocrx_word' id='word_1_266' title='bbox 1163 2682 1283 2733; x_wconf 75' lang='lat' dir='ltr'>effecerit</span> <span class='ocrx_word' id='word_1_267' title='bbox 1300 2683 1330 2731; x_wconf 89' lang='lat' dir='ltr'>ui</span> <span class='ocrx_word' id='word_1_268' title='bbox 1346 2681 1482 2747; x_wconf 71' lang='lat' dir='ltr'>lapidibus</span> 
     </span>
     <span class='ocr_line' id='line_1_27' title="bbox 259 2750 1482 2821; baseline -0.006 -15"><span class='ocrx_word' id='word_1_269' title='bbox 259 2757 394 2821; x_wconf 83' lang='lat' dir='ltr'>peteretur</span> <span class='ocrx_word' id='word_1_270' title='bbox 413 2755 568 2820; x_wconf 77' lang='lat' dir='ltr'>Lycurgus,</span> <span class='ocrx_word' id='word_1_271' title='bbox 594 2753 688 2818; x_wconf 89' lang='lat' dir='ltr'>estque</span> <span class='ocrx_word' id='word_1_272' title='bbox 713 2752 796 2801; x_wconf 92' lang='lat' dir='ltr'>mulie</span> <span class='ocrx_word' id='word_1_273' title='bbox 822 2752 1009 2801; x_wconf 89' lang='lat' dir='ltr'>uerisimilius</span> <span class='ocrx_word' id='word_1_274' title='bbox 1033 2753 1118 2802; x_wconf 86' lang='lat' dir='ltr'>lutere</span> <span class='ocrx_word' id='word_1_275' title='bbox 1141 2753 1190 2803; x_wconf 83' lang='lat' dir='ltr'>tori</span> <span class='ocrx_word' id='word_1_276' title='bbox 1213 2752 1371 2803; x_wconf 90' lang='lat' dir='ltr'>uocabulum</span> <span class='ocrx_word' id='word_1_277' title='bbox 1391 2754 1419 2801; x_wconf 91' lang='lat' dir='ltr'>in</span> <span class='ocrx_word' id='word_1_278' title='bbox 1437 2750 1482 2799; x_wconf 90' lang='lat' dir='ltr'>iile</span> 
     </span>
     <span class='ocr_line' id='line_1_28' title="bbox 252 2818 1483 2891; baseline -0.002 -16"><span class='ocrx_word' id='word_1_279' title='bbox 252 2824 352 2891; x_wconf 85' lang='lat' dir='ltr'>surore</span> <span class='ocrx_word' id='word_1_280' title='bbox 371 2839 450 2889; x_wconf 87' lang='lat' dir='ltr'>quam</span> <span class='ocrx_word' id='word_1_281' title='bbox 469 2822 574 2873; x_wconf 90' lang='lat' dir='ltr'>omnine</span> <span class='ocrx_word' id='word_1_282' title='bbox 588 2823 729 2875; x_wconf 78' lang='lat' dir='ltr'>excidisse.</span> <span class='ocrx_word' id='word_1_283' title='bbox 766 2822 941 2873; x_wconf 74' lang='lat' dir='ltr'>scribendum</span> <span class='ocrx_word' id='word_1_284' title='bbox 952 2823 1033 2888; x_wconf 79' lang='lat' dir='ltr'>igliur</span> <span class='ocrx_word' id='word_1_285' title='bbox 1045 2826 1095 2879; x_wconf 83' lang='lat' dir='ltr'>ost.</span> <span class='ocrx_word' id='word_1_286' title='bbox 1114 2824 1138 2874; x_wconf 87' lang='lat' dir='ltr'>si</span> <span class='ocrx_word' id='word_1_287' title='bbox 1151 2824 1211 2889; x_wconf 78' lang='lat' dir='ltr'>qulil</span> <span class='ocrx_word' id='word_1_288' title='bbox 1224 2824 1319 2881; x_wconf 79' lang='lat' dir='ltr'>iudice.</span> <span class='ocrx_word' id='word_1_289' title='bbox 1339 2818 1483 2889; x_wconf 65' lang='lat' dir='ltr'>cuquam</span> 
     </span>
     <span class='ocr_line' id='line_1_29' title="bbox 252 2891 1482 2962; baseline -0.001 -16"><span class='ocrx_word' id='word_1_290' title='bbox 252 2895 321 2962; x_wconf 88' lang='lat' dir='ltr'>sere</span> <span class='ocrx_word' id='word_1_291' title='bbox 340 2892 443 2947; x_wconf 66' lang='lat' dir='ltr'>cicens.</span> <span class='ocrx_word' id='word_1_292' title='bbox 484 2895 559 2953; x_wconf 85' lang='lat' dir='ltr'>Quod</span> <span class='ocrx_word' id='word_1_293' title='bbox 585 2894 609 2943; x_wconf 88' lang='lat' dir='ltr'>sl</span> <span class='ocrx_word' id='word_1_294' title='bbox 633 2908 724 2944; x_wconf 76' lang='lat' dir='ltr'>iterum</span> <span class='ocrx_word' id='word_1_295' title='bbox 748 2898 805 2949; x_wconf 85' lang='lat' dir='ltr'>est.</span> <span class='ocrx_word' id='word_1_296' title='bbox 830 2895 916 2943; x_wconf 85' lang='lat' dir='ltr'>restat</span> <span class='ocrx_word' id='word_1_297' title='bbox 933 2908 1130 2957; x_wconf 88' lang='lat' dir='ltr'>superuacuum</span> <span class='ocrx_word' id='word_1_298' title='bbox 1153 2898 1182 2945; x_wconf 87' lang='lat' dir='ltr'>et</span> <span class='ocrx_word' id='word_1_299' title='bbox 1203 2897 1344 2946; x_wconf 88' lang='lat' dir='ltr'>molestum</span> <span class='ocrx_word' id='word_1_300' title='bbox 1364 2891 1482 2962; x_wconf 76' lang='lat' dir='ltr'>publice</span> 
     </span>
     <span class='ocr_line' id='line_1_30' title="bbox 260 2964 1480 3029; baseline -0.004 -13"><span class='ocrx_word' id='word_1_301' title='bbox 260 2968 354 3028; x_wconf 88' lang='lat' dir='ltr'>Neque</span> <span class='ocrx_word' id='word_1_302' title='bbox 373 2966 441 3015; x_wconf 87' lang='lat' dir='ltr'>onim</span> <span class='ocrx_word' id='word_1_303' title='bbox 462 2965 601 3029; x_wconf 89' lang='lat' dir='ltr'>quisquam</span> <span class='ocrx_word' id='word_1_304' title='bbox 619 2965 751 3027; x_wconf 87' lang='lat' dir='ltr'>priuatum</span> <span class='ocrx_word' id='word_1_305' title='bbox 771 2965 875 3013; x_wconf 87' lang='lat' dir='ltr'>nouerit</span> <span class='ocrx_word' id='word_1_306' title='bbox 893 2965 994 3021; x_wconf 77' lang='lat' dir='ltr'>lerum.</span> <span class='ocrx_word' id='word_1_307' title='bbox 1017 2967 1058 3015; x_wconf 92' lang='lat' dir='ltr'>cui</span> <span class='ocrx_word' id='word_1_308' title='bbox 1080 2970 1230 3029; x_wconf 89' lang='lat' dir='ltr'>opponatur</span> <span class='ocrx_word' id='word_1_309' title='bbox 1247 2966 1390 3029; x_wconf 87' lang='lat' dir='ltr'>publicum.</span> <span class='ocrx_word' id='word_1_310' title='bbox 1427 2964 1480 3016; x_wconf 81' lang='lat' dir='ltr'>Sei</span> 
     </span>
     <span class='ocr_line' id='line_1_31' title="bbox 259 3034 1483 3102; baseline -0.002 -14"><span class='ocrx_word' id='word_1_311' title='bbox 259 3038 348 3088; x_wconf 90' lang='lat' dir='ltr'>nulius</span> <span class='ocrx_word' id='word_1_312' title='bbox 367 3036 488 3101; x_wconf 82' lang='lat' dir='ltr'>equidem</span> <span class='ocrx_word' id='word_1_313' title='bbox 507 3035 596 3083; x_wconf 72' lang='lat' dir='ltr'>«lubitu</span> <span class='ocrx_word' id='word_1_314' title='bbox 615 3034 677 3095; x_wconf 87' lang='lat' dir='ltr'>quin</span> <span class='ocrx_word' id='word_1_315' title='bbox 695 3050 743 3099; x_wconf 91' lang='lat' dir='ltr'>pre</span> <span class='ocrx_word' id='word_1_316' title='bbox 763 3049 795 3085; x_wconf 87' lang='lat' dir='ltr'>ee</span> <span class='ocrx_word' id='word_1_317' title='bbox 814 3036 1027 3085; x_wconf 82' lang='lat' dir='ltr'>substituendum</span> <span class='ocrx_word' id='word_1_318' title='bbox 1051 3036 1087 3086; x_wconf 89' lang='lat' dir='ltr'>sit</span> <span class='ocrx_word' id='word_1_319' title='bbox 1104 3034 1193 3091; x_wconf 70' lang='lat' dir='ltr'>occu,</span> <span class='ocrx_word' id='word_1_320' title='bbox 1220 3039 1289 3102; x_wconf 78' lang='lat' dir='ltr'>quoi</span> <span class='ocrx_word' id='word_1_321' title='bbox 1315 3039 1385 3087; x_wconf 88' lang='lat' dir='ltr'>hunc</span> <span class='ocrx_word' id='word_1_322' title='bbox 1409 3038 1483 3086; x_wconf 85' lang='lat' dir='ltr'>certe</span> 
     </span>
     <span class='ocr_line' id='line_1_32' title="bbox 259 3106 1481 3173; baseline -0.002 -14"><span class='ocrx_word' id='word_1_323' title='bbox 259 3109 346 3159; x_wconf 88' lang='lat' dir='ltr'>locum</span> <span class='ocrx_word' id='word_1_324' title='bbox 365 3106 483 3157; x_wconf 88' lang='lat' dir='ltr'>obtinere</span> <span class='ocrx_word' id='word_1_325' title='bbox 502 3106 583 3155; x_wconf 81' lang='lat' dir='ltr'>debet</span> <span class='ocrx_word' id='word_1_326' title='bbox 600 3110 627 3155; x_wconf 89' lang='lat' dir='ltr'>et</span> <span class='ocrx_word' id='word_1_327' title='bbox 644 3108 707 3169; x_wconf 89' lang='lat' dir='ltr'>post</span> <span class='ocrx_word' id='word_1_328' title='bbox 724 3106 836 3155; x_wconf 89' lang='lat' dir='ltr'>aitemm</span> <span class='ocrx_word' id='word_1_329' title='bbox 848 3106 913 3156; x_wconf 87' lang='lat' dir='ltr'>iilud</span> <span class='ocrx_word' id='word_1_330' title='bbox 925 3113 1064 3169; x_wconf 73' lang='lat' dir='ltr'>peccatum</span> <span class='ocrx_word' id='word_1_331' title='bbox 1083 3106 1209 3173; x_wconf 65' lang='lat' dir='ltr'>(farere)</span> <span class='ocrx_word' id='word_1_332' title='bbox 1228 3109 1353 3159; x_wconf 72' lang='lat' dir='ltr'>facillime</span> <span class='ocrx_word' id='word_1_333' title='bbox 1365 3108 1481 3157; x_wconf 83' lang='lat' dir='ltr'>transire</span> 
     </span>
     <span class='ocr_line' id='line_1_33' title="bbox 258 3173 1481 3243; baseline -0.001 -16"><span class='ocrx_word' id='word_1_334' title='bbox 258 3179 363 3243; x_wconf 86' lang='lat' dir='ltr'>peteret</span> <span class='ocrx_word' id='word_1_335' title='bbox 386 3178 412 3227; x_wconf 90' lang='lat' dir='ltr'>in</span> <span class='ocrx_word' id='word_1_336' title='bbox 433 3173 547 3243; x_wconf 79' lang='lat' dir='ltr'>publice.</span> <span class='ocrx_word' id='word_1_337' title='bbox 592 3176 632 3225; x_wconf 85' lang='lat' dir='ltr'>lta</span> <span class='ocrx_word' id='word_1_338' title='bbox 656 3177 762 3226; x_wconf 86' lang='lat' dir='ltr'>demum</span> <span class='ocrx_word' id='word_1_339' title='bbox 787 3178 856 3227; x_wconf 84' lang='lat' dir='ltr'>haec</span> <span class='ocrx_word' id='word_1_340' title='bbox 882 3178 965 3227; x_wconf 82' lang='lat' dir='ltr'>uerba</span> <span class='ocrx_word' id='word_1_341' title='bbox 987 3178 1016 3228; x_wconf 90' lang='lat' dir='ltr'>et</span> <span class='ocrx_word' id='word_1_342' title='bbox 1039 3178 1142 3229; x_wconf 80' lang='lat' dir='ltr'>Paridis</span> <span class='ocrx_word' id='word_1_343' title='bbox 1166 3180 1320 3229; x_wconf 85' lang='lat' dir='ltr'>testimonio</span> <span class='ocrx_word' id='word_1_344' title='bbox 1342 3179 1371 3228; x_wconf 88' lang='lat' dir='ltr'>et</span> <span class='ocrx_word' id='word_1_345' title='bbox 1392 3180 1481 3228; x_wconf 88' lang='lat' dir='ltr'>iustae</span> 
     </span>
     <span class='ocr_line' id='line_1_34' title="bbox 258 3247 1128 3300; baseline -0.007 0"><span class='ocrx_word' id='word_1_346' title='bbox 258 3250 385 3300; x_wconf 86' lang='lat' dir='ltr'>erationis</span> <span class='ocrx_word' id='word_1_347' title='bbox 403 3262 513 3298; x_wconf 90' lang='lat' dir='ltr'>normae</span> <span class='ocrx_word' id='word_1_348' title='bbox 531 3247 696 3297; x_wconf 80' lang='lat' dir='ltr'>conirenlunt.</span> <span class='ocrx_word' id='word_1_349' title='bbox 1125 3248 1128 3253; x_wconf 86' lang='lat'>&#39;</span> 
     </span>
    </p>

    <p class='ocr_par' dir='ltr' id='par_1_9' title="bbox 252 3316 1480 3596">
     <span class='ocr_line' id='line_1_35' title="bbox 324 3316 1480 3388; baseline -0.001 -18"><span class='ocrx_word' id='word_1_350' title='bbox 324 3316 417 3387; x_wconf 83' lang='lat' dir='ltr'>putria</span> <span class='ocrx_word' id='word_1_351' title='bbox 432 3316 525 3386; x_wconf 71' lang='lat' dir='ltr'>pulsu</span> <span class='ocrx_word' id='word_1_352' title='bbox 542 3318 591 3377; x_wconf 81' lang='lat' dir='ltr'>esi)</span> <span class='ocrx_word' id='word_1_353' title='bbox 610 3317 792 3368; x_wconf 77' lang='lat' dir='ltr'>voluntarium</span> <span class='ocrx_word' id='word_1_354' title='bbox 805 3319 911 3368; x_wconf 85' lang='lat' dir='ltr'>exilium</span> <span class='ocrx_word' id='word_1_355' title='bbox 929 3320 1018 3383; x_wconf 89' lang='lat' dir='ltr'>ipsum</span> <span class='ocrx_word' id='word_1_356' title='bbox 1030 3322 1138 3371; x_wconf 89' lang='lat' dir='ltr'>sibimet</span> <span class='ocrx_word' id='word_1_357' title='bbox 1148 3320 1312 3386; x_wconf 75' lang='lat' dir='ltr'>imposuisse</span> <span class='ocrx_word' id='word_1_358' title='bbox 1323 3320 1480 3388; x_wconf 76' lang='lat' dir='ltr'>Lycurgum</span> 
     </span>
     <span class='ocr_line' id='line_1_36' title="bbox 258 3388 1479 3460; baseline -0.001 -18"><span class='ocrx_word' id='word_1_359' title='bbox 258 3392 326 3443; x_wconf 86' lang='lat' dir='ltr'>satis</span> <span class='ocrx_word' id='word_1_360' title='bbox 344 3393 436 3441; x_wconf 88' lang='lat' dir='ltr'>netum</span> <span class='ocrx_word' id='word_1_361' title='bbox 455 3392 505 3441; x_wconf 87' lang='lat' dir='ltr'>est.</span> <span class='ocrx_word' id='word_1_362' title='bbox 543 3388 667 3440; x_wconf 86' lang='lat' dir='ltr'>Valerius</span> <span class='ocrx_word' id='word_1_363' title='bbox 687 3390 858 3439; x_wconf 88' lang='lat' dir='ltr'>haeccenlra</span> <span class='ocrx_word' id='word_1_364' title='bbox 877 3390 1004 3441; x_wconf 78' lang='lat' dir='ltr'>historice</span> <span class='ocrx_word' id='word_1_365' title='bbox 1022 3392 1102 3441; x_wconf 76' lang='lat' dir='ltr'>iiilem</span> <span class='ocrx_word' id='word_1_366' title='bbox 1115 3406 1234 3451; x_wconf 82' lang='lat' dir='ltr'>narrare,</span> <span class='ocrx_word' id='word_1_367' title='bbox 1253 3406 1307 3459; x_wconf 87' lang='lat' dir='ltr'>que</span> <span class='ocrx_word' id='word_1_368' title='bbox 1317 3394 1407 3460; x_wconf 77' lang='lat' dir='ltr'>magis</span> <span class='ocrx_word' id='word_1_369' title='bbox 1420 3406 1479 3441; x_wconf 87' lang='lat' dir='ltr'>eum</span> 
     </span>
     <span class='ocr_line' id='line_1_37' title="bbox 257 3462 1479 3530; baseline -0.001 -17"><span class='ocrx_word' id='word_1_370' title='bbox 257 3463 395 3529; x_wconf 83' lang='lat' dir='ltr'>preposite</span> <span class='ocrx_word' id='word_1_371' title='bbox 416 3463 594 3529; x_wconf 79' lang='lat' dir='ltr'>congruerent</span> <span class='ocrx_word' id='word_1_372' title='bbox 618 3474 723 3525; x_wconf 90' lang='lat' dir='ltr'>queque</span> <span class='ocrx_word' id='word_1_373' title='bbox 746 3462 871 3510; x_wconf 78' lang='lat' dir='ltr'>acerbius</span> <span class='ocrx_word' id='word_1_374' title='bbox 894 3464 1038 3512; x_wconf 83' lang='lat' dir='ltr'>sentiretur</span> <span class='ocrx_word' id='word_1_375' title='bbox 1059 3463 1180 3530; x_wconf 77' lang='lat' dir='ltr'>ingratus</span> <span class='ocrx_word' id='word_1_376' title='bbox 1204 3464 1479 3514; x_wconf 63' lang='lat' dir='ltr'>lacedaemoniorum</span> 
     </span>
     <span class='ocr_line' id='line_1_38' title="bbox 252 3528 1024 3596; baseline -0.003 -12"><span class='ocrx_word' id='word_1_377' title='bbox 252 3536 373 3596; x_wconf 79' lang='lat' dir='ltr'>animus,</span> <span class='ocrx_word' id='word_1_378' title='bbox 393 3546 446 3583; x_wconf 90' lang='lat' dir='ltr'>non</span> <span class='ocrx_word' id='word_1_379' title='bbox 464 3533 538 3582; x_wconf 81' lang='lat' dir='ltr'>(luxit</span> <span class='ocrx_word' id='word_1_380' title='bbox 556 3532 643 3581; x_wconf 83' lang='lat' dir='ltr'>helas.</span> <span class='ocrx_word' id='word_1_381' title='bbox 680 3532 718 3583; x_wconf 75' lang='lat' dir='ltr'>Cf.</span> <span class='ocrx_word' id='word_1_382' title='bbox 737 3533 822 3596; x_wconf 78' lang='lat' dir='ltr'>praei.</span> <span class='ocrx_word' id='word_1_383' title='bbox 840 3548 866 3596; x_wconf 82' lang='lat' dir='ltr'>p.</span> <span class='ocrx_word' id='word_1_384' title='bbox 884 3528 928 3586; x_wconf 71' lang='lat' dir='ltr'>ei.</span> <span class='ocrx_word' id='word_1_385' title='bbox 1020 3562 1024 3567; x_wconf 87' lang='lat'>-</span> 
     </span>
    </p>

    <p class='ocr_par' dir='ltr' id='par_1_10' title="bbox 326 3596 660 3657">
     <span class='ocr_line' id='line_1_39' title="bbox 326 3596 660 3657; baseline -0.003 -3"><span class='ocrx_word' id='word_1_386' title='bbox 326 3598 352 3657; x_wconf 82' lang='lat'>³.</span> <span class='ocrx_word' id='word_1_387' title='bbox 371 3604 411 3655; x_wconf 86' lang='lat' dir='ltr'>Cl.</span> <span class='ocrx_word' id='word_1_388' title='bbox 430 3602 497 3655; x_wconf 72' lang='lat' dir='ltr'>riui</span> <span class='ocrx_word' id='word_1_389' title='bbox 516 3602 597 3653; x_wconf 87' lang='lat' dir='ltr'>Thes.</span> <span class='ocrx_word' id='word_1_390' title='bbox 616 3596 660 3653; x_wconf 75' lang='lat' dir='ltr'>ab.</span> 
     </span>
    </p>

    <p class='ocr_par' dir='ltr' id='par_1_11' title="bbox 253 3668 1480 4731">
     <span class='ocr_line' id='line_1_40' title="bbox 327 3668 1480 3753; baseline 0 -28"><span class='ocrx_word' id='word_1_391' title='bbox 327 3670 461 3741; x_wconf 75' lang='lat' dir='ltr'>Siquidem</span> <span class='ocrx_word' id='word_1_392' title='bbox 476 3671 520 3724; x_wconf 82' lang='lat' dir='ltr'>ille</span> <span class='ocrx_word' id='word_1_393' title='bbox 537 3671 646 3724; x_wconf 79' lang='lat' dir='ltr'>uicatim</span> <span class='ocrx_word' id='word_1_394' title='bbox 663 3668 808 3753; x_wconf 77' lang='lat' dir='ltr'>disperses)</span> <span class='ocrx_word' id='word_1_395' title='bbox 826 3675 939 3725; x_wconf 80' lang='lat' dir='ltr'>Codices</span> <span class='ocrx_word' id='word_1_396' title='bbox 951 3678 1003 3725; x_wconf 88' lang='lat' dir='ltr'>mel</span> <span class='ocrx_word' id='word_1_397' title='bbox 1016 3678 1117 3726; x_wconf 83' lang='lat' dir='ltr'>tantum</span> <span class='ocrx_word' id='word_1_398' title='bbox 1130 3690 1183 3725; x_wconf 89' lang='lat' dir='ltr'>nen</span> <span class='ocrx_word' id='word_1_399' title='bbox 1202 3690 1296 3726; x_wconf 82' lang='lat' dir='ltr'>earnes</span> <span class='ocrx_word' id='word_1_400' title='bbox 1314 3679 1342 3725; x_wconf 88' lang='lat' dir='ltr'>et</span> <span class='ocrx_word' id='word_1_401' title='bbox 1359 3676 1480 3742; x_wconf 74' lang='lat' dir='ltr'>plerique</span> 
     </span>
     <span class='ocr_line' id='line_1_41' title="bbox 256 3740 1479 3812; baseline 0.001 -17"><span class='ocrx_word' id='word_1_402' title='bbox 256 3744 413 3796; x_wconf 80' lang='lat' dir='ltr'>&#39;l&#39;erreuisnl</span> <span class='ocrx_word' id='word_1_403' title='bbox 431 3746 539 3795; x_wconf 84' lang='lat' dir='ltr'>tradunt</span> <span class='ocrx_word' id='word_1_404' title='bbox 557 3741 662 3795; x_wconf 77' lang='lat' dir='ltr'>locatim</span> <span class='ocrx_word' id='word_1_405' title='bbox 680 3740 825 3811; x_wconf 68' lang='lat' dir='ltr'>eropum.</span> <span class='ocrx_word' id='word_1_406' title='bbox 852 3748 920 3811; x_wconf 81' lang='lat' dir='ltr'>quoti</span> <span class='ocrx_word' id='word_1_407' title='bbox 941 3748 1110 3803; x_wconf 78' lang='lat' dir='ltr'>airrerbium.</span> <span class='ocrx_word' id='word_1_408' title='bbox 1133 3749 1255 3812; x_wconf 85' lang='lat' dir='ltr'>quamuis</span> <span class='ocrx_word' id='word_1_409' title='bbox 1274 3748 1344 3796; x_wconf 86' lang='lat' dir='ltr'>alias</span> <span class='ocrx_word' id='word_1_410' title='bbox 1362 3749 1479 3797; x_wconf 77' lang='lat' dir='ltr'>aeneum</span> 
     </span>
     <span class='ocr_line' id='line_1_42' title="bbox 255 3812 1478 3881; baseline 0.002 -18"><span class='ocrx_word' id='word_1_411' title='bbox 255 3816 391 3865; x_wconf 89' lang='lat' dir='ltr'>inuentum</span> <span class='ocrx_word' id='word_1_412' title='bbox 411 3816 453 3873; x_wconf 75' lang='lat' dir='ltr'>sit.</span> <span class='ocrx_word' id='word_1_413' title='bbox 471 3816 618 3878; x_wconf 86' lang='lat' dir='ltr'>probarunt</span> <span class='ocrx_word' id='word_1_414' title='bbox 635 3814 786 3865; x_wconf 80' lang='lat' dir='ltr'>Salmasius</span> <span class='ocrx_word' id='word_1_415' title='bbox 805 3816 926 3879; x_wconf 85' lang='lat' dir='ltr'>(exercit.</span> <span class='ocrx_word' id='word_1_416' title='bbox 946 3817 1012 3867; x_wconf 84' lang='lat' dir='ltr'>Pila.</span> <span class='ocrx_word' id='word_1_417' title='bbox 1031 3834 1058 3881; x_wconf 87' lang='lat' dir='ltr'>p.</span> <span class='ocrx_word' id='word_1_418' title='bbox 1079 3812 1150 3881; x_wconf 76' lang='grc'><strong>139.)</strong></span> <span class='ocrx_word' id='word_1_419' title='bbox 1173 3819 1304 3874; x_wconf 77' lang='lat' dir='ltr'>vorstius.</span> <span class='ocrx_word' id='word_1_420' title='bbox 1324 3817 1478 3875; x_wconf 75' lang='lat' dir='ltr'>remeius,</span> 
     </span>
     <span class='ocr_line' id='line_1_43' title="bbox 256 3886 1478 3953; baseline 0.003 -20"><span class='ocrx_word' id='word_1_421' title='bbox 256 3886 415 3947; x_wconf 86' lang='lat' dir='ltr'>receperunt</span> <span class='ocrx_word' id='word_1_422' title='bbox 432 3886 560 3948; x_wconf 81' lang='lat' dir='ltr'>Ksppius,</span> <span class='ocrx_word' id='word_1_423' title='bbox 581 3886 759 3942; x_wconf 82' lang='lat' dir='ltr'>lleilrechtus‚</span> <span class='ocrx_word' id='word_1_424' title='bbox 774 3886 882 3945; x_wconf 81' lang='lat' dir='ltr'>ilarius,</span> <span class='ocrx_word' id='word_1_425' title='bbox 901 3889 1088 3951; x_wconf 82' lang='lat' dir='ltr'>explicantque</span> <span class='ocrx_word' id='word_1_426' title='bbox 1101 3896 1159 3953; x_wconf 79' lang='lat' dir='ltr'>‘per</span> <span class='ocrx_word' id='word_1_427' title='bbox 1170 3890 1231 3938; x_wconf 84' lang='lat' dir='ltr'>ioca</span> <span class='ocrx_word' id='word_1_428' title='bbox 1243 3890 1400 3951; x_wconf 81' lang='lat' dir='ltr'>disperses&#39;,</span> <span class='ocrx_word' id='word_1_429' title='bbox 1419 3904 1478 3937; x_wconf 80' lang='lat' dir='ltr'>mm</span> 
     </span>
     <span class='ocr_line' id='line_1_44' title="bbox 256 3954 1479 4021; baseline 0.003 -17"><span class='ocrx_word' id='word_1_430' title='bbox 256 3954 360 4004; x_wconf 86' lang='lat' dir='ltr'>interim</span> <span class='ocrx_word' id='word_1_431' title='bbox 379 3954 488 4017; x_wconf 88' lang='lat' dir='ltr'>Lipsius</span> <span class='ocrx_word' id='word_1_432' title='bbox 504 3954 622 4020; x_wconf 77' lang='lat' dir='ltr'>pcyuir&#39;m</span> <span class='ocrx_word' id='word_1_433' title='bbox 640 3956 782 4021; x_wconf 69' lang='lat' dir='ltr'>legentium</span> <span class='ocrx_word' id='word_1_434' title='bbox 802 3968 866 4007; x_wconf 89' lang='lat' dir='ltr'>esse</span> <span class='ocrx_word' id='word_1_435' title='bbox 885 3958 1004 4008; x_wconf 84' lang='lat' dir='ltr'>coniecit.</span> <span class='ocrx_word' id='word_1_436' title='bbox 1040 3960 1097 4008; x_wconf 88' lang='lat' dir='ltr'>ism</span> <span class='ocrx_word' id='word_1_437' title='bbox 1119 3974 1184 4010; x_wconf 78' lang='lat' dir='ltr'>itero</span> <span class='ocrx_word' id='word_1_438' title='bbox 1202 3960 1270 4009; x_wconf 90' lang='lat' dir='ltr'>iiber</span> <span class='ocrx_word' id='word_1_439' title='bbox 1288 3961 1434 4009; x_wconf 70' lang='lat' dir='ltr'>bernensis</span> <span class='ocrx_word' id='word_1_440' title='bbox 1452 3966 1479 4008; x_wconf 86' lang='lat' dir='ltr'>ct</span> 
     </span>
     <span class='ocr_line' id='line_1_45' title="bbox 257 4024 1477 4094; baseline 0.004 -21"><span class='ocrx_word' id='word_1_441' title='bbox 257 4026 345 4088; x_wconf 86' lang='lat' dir='ltr'>ipsum</span> <span class='ocrx_word' id='word_1_442' title='bbox 363 4024 506 4091; x_wconf 78' lang='lat' dir='ltr'>genuinam</span> <span class='ocrx_word' id='word_1_443' title='bbox 529 4026 686 4088; x_wconf 88' lang='lat' dir='ltr'>scripturum</span> <span class='ocrx_word' id='word_1_444' title='bbox 712 4028 866 4089; x_wconf 84' lang='lat' dir='ltr'>suppeditat</span> <span class='ocrx_word' id='word_1_445' title='bbox 888 4032 916 4076; x_wconf 86' lang='lat' dir='ltr'>et</span> <span class='ocrx_word' id='word_1_446' title='bbox 938 4032 1105 4093; x_wconf 80' lang='lat' dir='ltr'>corruptelae</span> <span class='ocrx_word' id='word_1_447' title='bbox 1129 4042 1240 4079; x_wconf 86' lang='lat' dir='ltr'>causam</span> <span class='ocrx_word' id='word_1_448' title='bbox 1264 4031 1401 4094; x_wconf 76' lang='lat' dir='ltr'>patefacit.</span> <span class='ocrx_word' id='word_1_449' title='bbox 1437 4029 1477 4079; x_wconf 78' lang='lat' dir='ltr'>Si·</span> 
     </span>
     <span class='ocr_line' id='line_1_46' title="bbox 257 4094 1478 4168; baseline 0.003 -25"><span class='ocrx_word' id='word_1_450' title='bbox 257 4096 363 4161; x_wconf 87' lang='lat' dir='ltr'>quidem</span> <span class='ocrx_word' id='word_1_451' title='bbox 381 4096 407 4143; x_wconf 89' lang='lat' dir='ltr'>lu</span> <span class='ocrx_word' id='word_1_452' title='bbox 427 4108 459 4143; x_wconf 89' lang='lat' dir='ltr'>ee</span> <span class='ocrx_word' id='word_1_453' title='bbox 479 4094 582 4145; x_wconf 87' lang='lat' dir='ltr'>litterae</span> <span class='ocrx_word' id='word_1_454' title='bbox 601 4098 670 4145; x_wconf 78' lang='lat' dir='ltr'>dirae</span> <span class='ocrx_word' id='word_1_455' title='bbox 689 4097 785 4146; x_wconf 83' lang='lat' dir='ltr'>finales</span> <span class='ocrx_word' id='word_1_456' title='bbox 804 4112 828 4148; x_wconf 91' lang='lat' dir='ltr'>u.</span> <span class='ocrx_word' id='word_1_457' title='bbox 848 4095 894 4148; x_wconf 83' lang='lat' dir='ltr'>ille</span> <span class='ocrx_word' id='word_1_458' title='bbox 910 4102 1167 4168; x_wconf 79' lang='lat' dir='ltr'>perdittegraphlan</span> <span class='ocrx_word' id='word_1_459' title='bbox 1181 4116 1262 4161; x_wconf 91' lang='lat' dir='ltr'>quam</span> <span class='ocrx_word' id='word_1_460' title='bbox 1276 4114 1374 4149; x_wconf 86' lang='lat' dir='ltr'>uocare</span> <span class='ocrx_word' id='word_1_461' title='bbox 1390 4100 1478 4151; x_wconf 91' lang='lat' dir='ltr'>solent</span> 
     </span>
     <span class='ocr_line' id='line_1_47' title="bbox 256 4164 1477 4239; baseline 0.004 -23"><span class='ocrx_word' id='word_1_462' title='bbox 256 4166 387 4229; x_wconf 87' lang='lat' dir='ltr'>repetitae</span> <span class='ocrx_word' id='word_1_463' title='bbox 406 4180 464 4213; x_wconf 92' lang='lat' dir='ltr'>cum</span> <span class='ocrx_word' id='word_1_464' title='bbox 484 4167 606 4226; x_wconf 84' lang='lat' dir='ltr'>sequenti</span> <span class='ocrx_word' id='word_1_465' title='bbox 624 4164 733 4217; x_wconf 75' lang='lat' dir='ltr'>uicatim</span> <span class='ocrx_word' id='word_1_466' title='bbox 744 4168 908 4227; x_wconf 83' lang='lat' dir='ltr'>coaluerunt,</span> <span class='ocrx_word' id='word_1_467' title='bbox 928 4172 956 4218; x_wconf 91' lang='lat' dir='ltr'>ut</span> <span class='ocrx_word' id='word_1_468' title='bbox 968 4170 1043 4221; x_wconf 88' lang='lat' dir='ltr'>tieret</span> <span class='ocrx_word' id='word_1_469' title='bbox 1055 4168 1195 4222; x_wconf 66' lang='lat' dir='ltr'>mecum.</span> <span class='ocrx_word' id='word_1_470' title='bbox 1232 4170 1397 4239; x_wconf 77' lang='lat' dir='ltr'>colliguntur</span> <span class='ocrx_word' id='word_1_471' title='bbox 1409 4173 1477 4221; x_wconf 89' lang='lat' dir='ltr'>haec</span> 
     </span>
     <span class='ocr_line' id='line_1_48' title="bbox 255 4236 1476 4305; baseline 0.003 -18"><span class='ocrx_word' id='word_1_472' title='bbox 255 4238 403 4287; x_wconf 78' lang='lat' dir='ltr'>editarum</span> <span class='ocrx_word' id='word_1_473' title='bbox 421 4236 576 4295; x_wconf 78' lang='lat' dir='ltr'>litterarum.</span> <span class='ocrx_word' id='word_1_474' title='bbox 595 4250 676 4297; x_wconf 83' lang='lat' dir='ltr'>quam</span> <span class='ocrx_word' id='word_1_475' title='bbox 695 4250 778 4301; x_wconf 85' lang='lat' dir='ltr'>supra</span> <span class='ocrx_word' id='word_1_476' title='bbox 795 4238 985 4299; x_wconf 82' lang='lat' dir='ltr'>iudicauimus,</span> <span class='ocrx_word' id='word_1_477' title='bbox 1005 4256 1115 4301; x_wconf 77' lang='lat' dir='ltr'>rasura,</span> <span class='ocrx_word' id='word_1_478' title='bbox 1140 4246 1297 4305; x_wconf 85' lang='lat' dir='ltr'>comparata</span> <span class='ocrx_word' id='word_1_479' title='bbox 1314 4256 1375 4291; x_wconf 87' lang='lat' dir='ltr'>eum</span> <span class='ocrx_word' id='word_1_480' title='bbox 1394 4243 1476 4305; x_wconf 85' lang='lat' dir='ltr'>scrip·</span> 
     </span>
     <span class='ocr_line' id='line_1_49' title="bbox 254 4305 1476 4377; baseline 0.002 -18"><span class='ocrx_word' id='word_1_481' title='bbox 254 4310 316 4359; x_wconf 84' lang='lat' dir='ltr'>turs</span> <span class='ocrx_word' id='word_1_482' title='bbox 334 4306 456 4358; x_wconf 83' lang='lat' dir='ltr'>editionis</span> <span class='ocrx_word' id='word_1_483' title='bbox 475 4305 658 4374; x_wconf 76' lang='lat' dir='ltr'>Mogontiaco.</span> <span class='ocrx_word' id='word_1_484' title='bbox 678 4309 752 4358; x_wconf 88' lang='lat' dir='ltr'>cuius</span> <span class='ocrx_word' id='word_1_485' title='bbox 771 4308 921 4377; x_wconf 79' lang='lat' dir='ltr'>singularis</span> <span class='ocrx_word' id='word_1_486' title='bbox 930 4312 1085 4362; x_wconf 86' lang='lat' dir='ltr'>iestlmenia</span> <span class='ocrx_word' id='word_1_487' title='bbox 1101 4322 1296 4377; x_wconf 81' lang='lat' dir='ltr'>saepenumero</span> <span class='ocrx_word' id='word_1_488' title='bbox 1309 4313 1344 4362; x_wconf 81' lang='lat' dir='ltr'>ari</span> <span class='ocrx_word' id='word_1_489' title='bbox 1356 4312 1476 4362; x_wconf 77' lang='lat' dir='ltr'>codicem</span> 
     </span>
     <span class='ocr_line' id='line_1_50' title="bbox 254 4378 1475 4445; baseline 0.003 -16"><span class='ocrx_word' id='word_1_490' title='bbox 254 4380 420 4431; x_wconf 72' lang='lat' dir='ltr'>nereensem</span> <span class='ocrx_word' id='word_1_491' title='bbox 438 4378 579 4429; x_wconf 87' lang='lat' dir='ltr'>relerends</span> <span class='ocrx_word' id='word_1_492' title='bbox 597 4380 665 4429; x_wconf 78' lang='lat' dir='ltr'>sunt</span> <span class='ocrx_word' id='word_1_493' title='bbox 706 4378 822 4429; x_wconf 76' lang='lat' dir='ltr'>Exhibet</span> <span class='ocrx_word' id='word_1_494' title='bbox 845 4382 915 4431; x_wconf 91' lang='lat' dir='ltr'>enim</span> <span class='ocrx_word' id='word_1_495' title='bbox 938 4384 985 4433; x_wconf 82' lang='lat' dir='ltr'>liis</span> <span class='ocrx_word' id='word_1_496' title='bbox 1008 4398 1068 4433; x_wconf 87' lang='lat' dir='ltr'>eum</span> <span class='ocrx_word' id='word_1_497' title='bbox 1087 4382 1260 4434; x_wconf 84' lang='lat' dir='ltr'>Terrenianis</span> <span class='ocrx_word' id='word_1_498' title='bbox 1281 4384 1383 4445; x_wconf 89' lang='lat' dir='ltr'>aliquot</span> <span class='ocrx_word' id='word_1_499' title='bbox 1400 4383 1475 4433; x_wconf 88' lang='lat' dir='ltr'>libris</span> 
     </span>
     <span class='ocr_line' id='line_1_51' title="bbox 253 4445 1475 4517; baseline 0.002 -16"><span class='ocrx_word' id='word_1_500' title='bbox 253 4446 383 4501; x_wconf 68' lang='lat' dir='ltr'>ieremias.</span> <span class='ocrx_word' id='word_1_501' title='bbox 419 4448 511 4512; x_wconf 82' lang='lat' dir='ltr'>itaque</span> <span class='ocrx_word' id='word_1_502' title='bbox 528 4445 660 4499; x_wconf 71' lang='lat' dir='ltr'>kuicotim</span> <span class='ocrx_word' id='word_1_503' title='bbox 678 4448 704 4499; x_wconf 91' lang='lat' dir='ltr'>in</span> <span class='ocrx_word' id='word_1_504' title='bbox 723 4453 872 4517; x_wconf 86' lang='lat' dir='ltr'>archetype</span> <span class='ocrx_word' id='word_1_505' title='bbox 889 4454 976 4505; x_wconf 79' lang='lat' dir='ltr'>tuisse</span> <span class='ocrx_word' id='word_1_506' title='bbox 987 4456 1195 4504; x_wconf 86' lang='lat' dir='ltr'>consentaneum</span> <span class='ocrx_word' id='word_1_507' title='bbox 1208 4458 1260 4513; x_wconf 80' lang='lat' dir='ltr'>est,</span> <span class='ocrx_word' id='word_1_508' title='bbox 1279 4455 1475 4504; x_wconf 68' lang='lat' dir='ltr'>mindoortum</span> 
     </span>
     <span class='ocr_line' id='line_1_52' title="bbox 253 4518 1475 4589; baseline 0.002 -20"><span class='ocrx_word' id='word_1_509' title='bbox 253 4520 317 4571; x_wconf 85' lang='lat' dir='ltr'>illud</span> <span class='ocrx_word' id='word_1_510' title='bbox 335 4518 449 4572; x_wconf 72' lang='lat' dir='ltr'>beelim</span> <span class='ocrx_word' id='word_1_511' title='bbox 485 4520 624 4587; x_wconf 79' lang='lat' dir='ltr'>Significat</span> <span class='ocrx_word' id='word_1_512' title='bbox 642 4522 730 4570; x_wconf 85' lang='lat' dir='ltr'>autem</span> <span class='ocrx_word' id='word_1_513' title='bbox 749 4519 858 4572; x_wconf 78' lang='lat' dir='ltr'>uicatim</span> <span class='ocrx_word' id='word_1_514' title='bbox 877 4520 1012 4589; x_wconf 71' lang='lat' dir='ltr'>dispersu</span> <span class='ocrx_word' id='word_1_515' title='bbox 1028 4526 1098 4575; x_wconf 85' lang='lat' dir='ltr'>idem</span> <span class='ocrx_word' id='word_1_516' title='bbox 1116 4527 1188 4587; x_wconf 84' lang='lat' dir='ltr'>qued</span> <span class='ocrx_word' id='word_1_517' title='bbox 1207 4527 1241 4575; x_wconf 84' lang='lat' dir='ltr'>de</span> <span class='ocrx_word' id='word_1_518' title='bbox 1258 4527 1354 4576; x_wconf 79' lang='lat' dir='ltr'>eadem</span> <span class='ocrx_word' id='word_1_519' title='bbox 1372 4538 1404 4573; x_wconf 89' lang='lat' dir='ltr'>re</span> <span class='ocrx_word' id='word_1_520' title='bbox 1421 4525 1475 4573; x_wconf 77' lang='lat' dir='ltr'>‹lis-</span> 
     </span>
     <span class='ocr_line' id='line_1_53' title="bbox 253 4588 1476 4666; baseline 0.003 -25"><span class='ocrx_word' id='word_1_521' title='bbox 253 4602 348 4641; x_wconf 76' lang='lat' dir='ltr'>serem</span> <span class='ocrx_word' id='word_1_522' title='bbox 362 4591 497 4643; x_wconf 86' lang='lat' dir='ltr'>lsecraies</span> <span class='ocrx_word' id='word_1_523' title='bbox 507 4592 590 4659; x_wconf 81' lang='lat' dir='ltr'>(laud.</span> <span class='ocrx_word' id='word_1_524' title='bbox 600 4591 660 4645; x_wconf 85' lang='lat' dir='ltr'>llel.</span> <span class='ocrx_word' id='word_1_525' title='bbox 671 4588 716 4657; x_wconf 85' lang='lat' dir='ltr'>ll)</span> <span class='ocrx_word' id='word_1_526' title='bbox 728 4588 864 4665; x_wconf 62' lang='lat' dir='ltr'>auspiciu</span> <span class='ocrx_word' id='word_1_527' title='bbox 880 4592 927 4645; x_wconf 72' lang='lat' dir='ltr'>eat</span> <span class='ocrx_word' id='word_1_528' title='bbox 941 4590 1006 4646; x_wconf 72' lang='lat' dir='ltr'>smel</span> <span class='ocrx_word' id='word_1_529' title='bbox 1023 4591 1123 4666; x_wconf 70' lang='grc' dir='ltr'><strong><em>κώμας,</em></strong></span> <span class='ocrx_word' id='word_1_530' title='bbox 1142 4595 1301 4645; x_wconf 82' lang='lat' dir='ltr'>Plutarchus</span> <span class='ocrx_word' id='word_1_531' title='bbox 1320 4594 1416 4658; x_wconf 81' lang='lat' dir='ltr'>(Thes.</span> <span class='ocrx_word' id='word_1_532' title='bbox 1427 4590 1476 4659; x_wconf 72' lang='lat'>24)</span> 
     </span>
     <span class='ocr_line' id='line_1_54' title="bbox 253 4656 1351 4731; baseline 0.004 -19"><span class='ocrx_word' id='word_1_533' title='bbox 253 4656 390 4731; x_wconf 67' lang='grc' dir='ltr'>σποράδας</span> <span class='ocrx_word' id='word_1_534' title='bbox 404 4656 481 4721; x_wconf 75' lang='grc' dir='ltr'><strong><em>ὄντας</em></strong></span> <span class='ocrx_word' id='word_1_535' title='bbox 496 4664 584 4713; x_wconf 75' lang='lat' dir='ltr'>uocat.</span> <span class='ocrx_word' id='word_1_536' title='bbox 612 4662 653 4715; x_wconf 76' lang='lat' dir='ltr'>Cf.</span> <span class='ocrx_word' id='word_1_537' title='bbox 670 4662 730 4712; x_wconf 88' lang='lat' dir='ltr'>Liu.</span> <span class='ocrx_word' id='word_1_538' title='bbox 748 4665 794 4723; x_wconf 83' lang='lat' dir='ltr'>IX,</span> <span class='ocrx_word' id='word_1_539' title='bbox 815 4660 858 4725; x_wconf 82' lang='lat'>13,</span> <span class='ocrx_word' id='word_1_540' title='bbox 877 4662 902 4716; x_wconf 83' lang='grc'>’1.</span> <span class='ocrx_word' id='word_1_541' title='bbox 926 4664 992 4718; x_wconf 86' lang='lat' dir='ltr'>Plin.</span> <span class='ocrx_word' id='word_1_542' title='bbox 1011 4668 1038 4717; x_wconf 87' lang='lat' dir='ltr'>b.</span> <span class='ocrx_word' id='word_1_543' title='bbox 1056 4680 1083 4716; x_wconf 86' lang='lat' dir='ltr'>n.</span> <span class='ocrx_word' id='word_1_544' title='bbox 1102 4664 1145 4723; x_wconf 80' lang='lat' dir='ltr'>Vi.</span> <span class='ocrx_word' id='word_1_545' title='bbox 1163 4660 1208 4725; x_wconf 72' lang='grc'>211,</span> <span class='ocrx_word' id='word_1_546' title='bbox 1226 4662 1270 4725; x_wconf 72' lang='grc'>31),</span> <span class='ocrx_word' id='word_1_547' title='bbox 1292 4662 1351 4717; x_wconf 88' lang='grc'><strong>117.</strong></span> 
     </span>
    </p>

    <p class='ocr_par' dir='ltr' id='par_1_12' title="bbox 322 4728 1476 4799">
     <span class='ocr_line' id='line_1_55' title="bbox 322 4728 1476 4799; baseline 0.006 -18"><span class='ocrx_word' id='word_1_548' title='bbox 322 4728 352 4781; x_wconf 79' lang='lat' dir='ltr'>is</span> <span class='ocrx_word' id='word_1_549' title='bbox 370 4730 465 4798; x_wconf 75' lang='lat' dir='ltr'>[maa]</span> <span class='ocrx_word' id='word_1_550' title='bbox 484 4746 561 4783; x_wconf 82' lang='lat' dir='ltr'>saara</span> <span class='ocrx_word' id='word_1_551' title='bbox 578 4728 681 4799; x_wconf 77' lang='lat' dir='ltr'>arbem)</span> <span class='ocrx_word' id='word_1_552' title='bbox 704 4734 752 4797; x_wconf 85' lang='lat' dir='ltr'>lta,</span> <span class='ocrx_word' id='word_1_553' title='bbox 772 4737 796 4785; x_wconf 93' lang='lat' dir='ltr'>si</span> <span class='ocrx_word' id='word_1_554' title='bbox 814 4748 900 4786; x_wconf 87' lang='lat' dir='ltr'>uncos</span> <span class='ocrx_word' id='word_1_555' title='bbox 912 4736 1055 4796; x_wconf 74' lang='lat' dir='ltr'>ademeris,</span> <span class='ocrx_word' id='word_1_556' title='bbox 1073 4749 1169 4787; x_wconf 82' lang='lat' dir='ltr'>omncs</span> <span class='ocrx_word' id='word_1_557' title='bbox 1185 4737 1240 4788; x_wconf 89' lang='lat' dir='ltr'>mei</span> <span class='ocrx_word' id='word_1_558' title='bbox 1249 4737 1357 4787; x_wconf 72' lang='lat' dir='ltr'>cedices</span> <span class='ocrx_word' id='word_1_559' title='bbox 1375 4736 1404 4786; x_wconf 88' lang='lat' dir='ltr'>et</span> <span class='ocrx_word' id='word_1_560' title='bbox 1420 4736 1476 4788; x_wconf 80' lang='lat' dir='ltr'>eii-</span> 
     </span>
    </p>
   </div>
   <div class='ocr_carea' id='block_1_7' title="bbox 0 0 1710 5400">
    <p class='ocr_par' dir='ltr' id='par_1_13' title="bbox 0 0 1710 5400">
     <span class='ocr_line' id='line_1_56' title="bbox 0 0 1710 5400; baseline 0 3"><span class='ocrx_word' id='word_1_561' title='bbox 0 0 1710 5400; x_wconf 95' lang='lat' dir='ltr'> </span> 
     </span>
    </p>
   </div>
  </div>
 </body>
</html>
