3409 5400
97 126 1623 218 Ἣ

521 531 605 597 LlB.
629 530 688 609 Vl,
713 531 750 597 G.
774 532 805 609 3,
829 541 860 610 9.
886 534 1044 600 lit-c.
1068 535 1100 601 4.
1356 537 1421 603 tttl

203 692 330 777 repudii
353 703 430 759 nota
452 691 583 767 adfecit,
605 691 686 757 nihil
708 690 796 757 aliud
821 714 920 781 quam
943 714 981 758 se
1004 696 1177 781 ignorante
1199 696 1425 763 ludosausam

203 810 363 885 spectare.
416 800 506 887 Ergo
537 798 615 863 dum
639 800 687 863 sie
717 799 794 865 olim
817 802 949 866 leminis
972 802 1166 878 occurritur,
1194 824 1288 867 mens
1312 826 1423 869 earum

203 929 224 970 a
247 906 373 970 delictis
400 906 521 972 aberat.
1330 914 1334 920 ⁴

293 1012 444 1077 Ceterum
468 1012 529 1075 etsi
551 1012 723 1077 Romanae
752 1015 939 1079 seueritatis
967 1016 1127 1102 exernplis
1156 1025 1242 1082 totus
1265 1027 1425 1083 terrarum
1434 1014 1505 1081 Eut.
1529 1019 1556 1081 1.

179 1120 293 1183 sorbis
317 1120 433 1184 instrui
454 1128 575 1205 potest,
600 1128 710 1183 tamen
734 1131 868 1185 externa
890 1124 1078 1189 summatim
1101 1146 1270 1213 cognosse
1294 1125 1425 1190 fastidio
1470 1180 1480 1189 ,

203 1248 270 1289 non
293 1226 345 1289 sit.
390 1225 644 1290 Lacedaemonii
667 1225 768 1291 libros
785 1227 975 1293 Archilochi
998 1232 1162 1296 eciuitatc
1185 1256 1248 1299 sua
1263 1234 1426 1320 exportari

202 1333 378 1407 iusserunt,
403 1332 491 1417 quod
514 1353 627 1396 eorum
650 1354 765 1420 parum
781 1336 1005 1403 uerecundam
1021 1359 1060 1401 ac
1077 1339 1232 1425 pudicam
1254 1339 1425 1406 lectionem

204 1438 453 1503 arbitrabantur.
504 1437 685 1503 Noluerunt
721 1443 808 1507 enim
845 1464 887 1507 ca
918 1442 1096 1509 liberorum
1129 1468 1263 1511 suorum
1297 1447 1425 1512 animos
1514 1516 1523 1531 ⁶

203 1546 315 1620 imbui,
338 1568 379 1609 ne
403 1545 475 1631 plus
499 1546 645 1610 moribus
661 1558 795 1612 noceret
811 1568 911 1636 quam
925 1550 1069 1635 ingeniis
1086 1554 1268 1638 prodesset.
1313 1531 1438 1639 ltaque

77 1712 80 1735 Ι
169 1653 381 1718 tumaximnm
404 1662 535 1736 poetam
559 1660 616 1716 aut
638 1664 724 1717 certe
747 1676 877 1720 summo
900 1657 1094 1745 proximum,
1119 1660 1196 1746 quia
1211 1658 1344 1724 domum
1364 1658 1427 1722 sibi

204 1760 346 1823 inuisam
370 1756 522 1824 obscenis
549 1758 734 1827 maledictis
762 1760 983 1839 lacerauerat‚
1012 1767 1193 1831 carminum
1222 1766 1318 1831 exilio
1344 1764 1427 1829 mul·

206 1876 323 1934 tarunt.

294 1972 514 2039 Athenienses
544 1986 654 2041 autem
682 1976 885 2063 Timagoran
920 1980 1002 2043 inter
1039 1980 1183 2045 officium
1220 1978 1427 2045 salutationis
1437 1973 1469 2036 2.

77 2154 78 2167 χ
205 2087 350 2155 Dareum
366 2103 480 2172 regem
495 2104 587 2146 more
604 2084 711 2169 gentis
736 2082 822 2147 illius
846 2084 1013 2148 adulatum
1038 2086 1169 2173 capitali
1185 2086 1345 2173 supplicio
1369 2084 1427 2147 ad·

77 2176 78 2183 2
169 2194 362 2269 refecerunt,
384 2194 480 2257 unius
504 2192 586 2254 ciuis
610 2188 787 2255 humilibus
805 2190 970 2255 blanditiis
996 2193 1091 2255 totius
1114 2191 1205 2256 urbis
1220 2213 1302 2256 suae
1326 2192 1428 2275 docus

206 2298 362 2365 Persicae
386 2298 601 2363 dominationi
625 2296 839 2363 summissum
863 2298 1008 2383 grauiter
1030 2300 1184 2381 ferentes.

295 2404 364 2471 lam
397 2403 580 2489 Cambyses
614 2403 788 2466 inusitatae
822 2405 1025 2477 seueritatis,
1058 2406 1114 2489 qui
1147 2402 1225 2468 mali
1258 2399 1428 2465 cuiusdam
1439 2404 1469 2469 3.

206 2512 323 2575 iudicis
349 2532 366 2572 c
391 2531 529 2596 corpore
551 2507 671 2595 pellem
687 2507 868 2573 detractam
885 2508 985 2574 sellae
1009 2509 1133 2573 intendi
1149 2509 1183 2571 in
1199 2529 1303 2594 eaque
1328 2506 1429 2571 hlium

207 2619 279 2683 eius
302 2618 520 2683 iudicaturum
543 2613 717 2679 considere
740 2616 845 2680 iussit.
899 2615 1050 2680 Ceterum
1082 2628 1114 2679 et
1135 2637 1192 2679 rex
1216 2627 1248 2678 et
1270 2594 1429 2678 barbarus

168 2727 310 2792 aoauoci
339 2747 378 2788 ae
407 2745 495 2788 noua
526 2721 773 2810 poenaiudicis
803 2743 844 2786 nc
882 2724 955 2812 quis
990 2735 1108 2811 postea
1141 2723 1305 2809 corrumpi
1332 2719 1430 2786 iudex

208 2841 321 2918 posset
344 2831 495 2917 prouidit.

713 3009 926 3022 m

396 3293 399 3298 ’
482 3290 708 3357 GRAVITER
731 3293 863 3358 DICTA
888 3294 977 3358 AVT
1001 3294 1153 3359 FACTA.

300 3469 457 3554 Magnam
482 3479 514 3530 ot
536 3467 656 3532 bonam
681 3470 787 3533 laudis
817 3481 943 3554 partem
973 3471 1006 3533 in
1027 3468 1125 3532 claris
1151 3470 1230 3531 uiris
1254 3466 1351 3528 etiam
1375 3465 1432 3528 illa
1442 3466 1509 3533 llll.

211 3575 396 3650 uindicaui,
431 3595 515 3660 quae
551 3586 607 3637 ant
635 3574 676 3636 ah
707 3574 760 3638 his
789 3573 876 3637 dicta
904 3576 1049 3658 grauiter
1079 3585 1136 3636 aut
1166 3573 1253 3636 sacta
1285 3571 1431 3656 pertinax

714 3679 927 3692 —

215 3717 237 3770 l.
258 3731 326 3766 ause
340 3713 367 3766 F.
379 3709 428 3782 114.
441 3717 522 3766 totius
541 3713 577 3768 E.
596 3717 677 3765 totum
691 3712 722 3766 F.
734 3713 748 3781 ΙΙ
760 3712 784 3768 5.
796 3730 960 3784 cognoscere
979 3712 1150 3766 DEFTorr.
1162 3713 1175 3781 ΙΙ
1187 3709 1212 3766 t.
1226 3714 1431 3763 lacedaemones

211 3788 248 3841 D.
268 3789 406 3838 macedoni
424 3785 459 3840 Ε.
474 3783 486 3855 ΙΙ
502 3789 584 3838 libros
603 3801 651 3837 orn.
668 3800 710 3854 pr.
732 3783 762 3838 A.
776 3785 816 3854 ΙΙυ
836 3801 884 3838 om.
904 3785 966 3838 Par.
982 3787 996 3853 ΙΙ
1014 3783 1037 3838 7.
1057 3785 1201 3850 iusserunt}
1226 3787 1344 3834 iecerunt
1360 3781 1420 3848 1111

212 3863 239 3910 et
257 3860 379 3924 pudicam
399 3860 555 3909 locutionem
575 3855 602 3910 F.
615 3856 665 3922 118.
684 3859 809 3908 librorum
828 3855 864 3908 E.
881 3857 894 3924 ΙΙ
911 3854 936 3908 tt.
960 3859 1086 3907 nocerent
1104 3854 1132 3906 F.
1153 3854 1165 3926 ΙΙ
1185 3858 1345 3920 prodessent
1364 3851 1394 3906 F.
1406 3853 1420 3921 ΙΙ

214 3929 255 3982 10.
274 3930 429 3996 maximum]
450 3943 581 3979 summum
600 3927 631 3981 Γ.
644 3928 658 3995 ΙΙ
670 3933 741 3979 certe
759 3943 808 3980 oar.
827 3927 862 3980 Ε.
874 3926 888 3995 ΙΙ
900 3929 1015 3994 summo]
1036 3955 1048 3979 ο
1063 3954 1075 3981 ι
1090 3943 1194 3978 summo
1212 3926 1243 3979 A.
1262 3929 1308 3975 aad
1327 3939 1432 3974 summo

213 3999 241 4055 G.
258 4003 272 4068 ΙΙ
288 4002 338 4050 sibi
357 4002 470 4050 inuisam
494 4003 600 4050 domum
624 3998 656 4052 F.
673 4001 686 4068 Η
705 3997 744 4052 ll.
770 4001 913 4050 obscoenis
937 4013 1007 4051 corr.
1029 3997 1060 4050 A.
1078 3998 1093 4064 li
1110 4000 1268 4049 mulctarunt
1289 3993 1432 4063 0111113.

214 4076 395 4140 thymagoran
414 4069 445 4123 Γ.
468 4073 629 4140 timagoram
648 4069 804 4122 DEFPer.
832 4069 909 4123 Τοῦτ.
928 4070 941 4137 ΙΙ
962 4067 1001 4122 tt.
1021 4071 1123 4120 darium
1147 4067 1240 4120 ΒΕΓ
1243 4065 1269 4119 Γ
1272 4066 1334 4119 Por.
1356 4064 1433 4118 Torr.

226 4142 296 4208 1111.
315 4144 370 4193 lam
391 4143 553 4210 Cambyses]
574 4139 635 4194 add.
654 4144 674 4194 1.
694 4143 723 4195 Ρ.
743 4143 785 4192 hic
802 4143 886 4193 babet
903 4143 1004 4191 titulum
1025 4156 1081 4207 seq.
1094 4155 1184 4207 merpo
1197 4137 1228 4190 A.
1248 4137 1307 4190 Non
1319 4137 1358 4188 ite
1371 4137 1432 4188 Par.

214 4228 256 4280 op.
275 4212 339 4279 Any.
359 4211 468 4265 Metam.
480 4214 493 4282 ΙΙ
505 4214 656 4263 cambisses
673 4210 709 4265 E.
729 4215 874 4264 cambisics
892 4207 946 4279 ΕΗ
965 4210 1005 4263 ts.
1029 4213 1056 4276 e]
1082 4226 1131 4262 om.
1150 4210 1181 4263 F.
1205 4227 1238 4260 ex
1259 4206 1391 4271 (EtTorr.
1414 4207 1419 4273 Ι

213 4287 324 4336 intendit
342 4282 403 4336 Per.
423 4289 449 4335 et
465 4299 535 4336 corr.
553 4282 584 4336 A.
597 4281 611 4348 ΙΙ
625 4279 664 4335 rs.
684 4286 831 4335 consedere
849 4281 881 4335 F.
903 4285 999 4334 sedere
1018 4281 1080 4334 Par.
1091 4283 1104 4350 ΙΙ
1124 4290 1151 4333 et
1168 4281 1227 4347 rex]
1253 4285 1279 4330 et
1297 4295 1346 4329 om.
1366 4275 1396 4328 F.
1417 4276 1421 4339 Ι

213 4351 257 4407 20.
277 4357 355 4406 indici
370 4369 414 4422 pr.
432 4353 465 4408 A.
484 4355 570 4405 ludicii
590 4351 655 4406 Dl'.
666 4353 679 4421 ΙΙ
692 4357 769 4405 iarden
788 4355 920 4418 corrumpi
939 4351 969 4408 Γ.
980 4353 993 4422 Η
1005 4348 1049 4406 22.
1063 4355 1108 4404 DE
1128 4351 1302 4403 onnvt'rnn
1320 4347 1432 4398 ntc'rts

215 4427 284 4476 AV'l'
304 4425 425 4476 miens
448 4424 524 4481 Τοῦτ.
536 4421 604 4494 1121.
624 4427 742 4494 grauiter
760 4427 830 4476 dieta
850 4423 928 4476 Torr.

285 4553 344 4603 lixt.
367 4549 388 4602 Ι.
408 4551 446 4604 Ct'.
466 4553 534 4605 Plnt.
552 4551 612 4603 inst.
633 4551 732 4604 liaeon.
750 4545 793 4602 33.

285 4619 311 4675 2.
331 4623 489 4673 Plutarchus
512 4624 539 4674 in
559 4623 613 4672 uita
636 4623 727 4672 Artax.
749 4616 793 4674 22.
817 4619 980 4687 Timagoran
1003 4621 1111 4684 propter
1132 4619 1204 4668 dorin
1227 4633 1245 4666 a
1269 4629 1335 4682 rege
1360 4613 1434 4665 Arta·

214 4709 297 4762 xerse
316 4697 428 4756 accepta
446 4697 601 4744 demnatum
620 4694 719 4746 scribit.
824 4739 829 4750 ,
917 4743 921 4748 ,

285 4762 343 4818 1111.
361 4769 408 4816 eet
426 4762 460 4816 ab
478 4763 520 4817 his
539 4763 612 4816 dieta
626 4761 758 4831 praviter)
775 4760 809 4814 ab
826 4761 870 4817 tte
886 4764 921 4813 sd
940 4765 1081 4830 utrumque
1092 4759 1269 4827 oppositionis
1287 4761 1435 4809 membrum
