3409 5400
391 492 456 563 216
716 482 776 547 DI}
798 475 1050 545 DISCIPLINA
1073 470 1281 541 MILITARI.

392 648 533 713 eandem
555 648 769 711 stationeme
798 641 938 727 uestigio
966 639 1077 707 iussit,
1106 659 1172 701 non
1202 635 1291 721 quod
1320 640 1453 719 speraret
1480 654 1496 697 a

394 757 554 819 amissum
587 753 696 814 locum
725 747 912 832 recuperari
939 766 1058 831 posse,
1093 742 1155 807 sed
1188 752 1223 807 ut
1257 742 1439 827 praeteritae
1471 760 1496 801 er

393 880 525 946 pugnae
540 856 743 942 insequentis
760 854 947 919 certaminis
970 851 1144 915 manifesto
1169 846 1314 933 periculo
1337 847 1461 931 puniret.
1491 842 1497 907 l

395 968 491 1029 etiam
514 972 559 1039 ut,
582 965 612 1027 si
636 962 709 1047 quis
733 983 774 1024 cx
794 960 847 1025 his
872 962 1004 1047 fugiens
1027 966 1136 1021 castra
1150 956 1296 1041 petisset,
1320 974 1376 1039 pro
1396 952 1482 1015 hoste

395 1073 553 1134 ficeretur.
601 1068 676 1148 Qua
704 1066 877 1131 seueritate
907 1064 1080 1148 conpressi
1105 1060 1239 1135 milites,
1268 1070 1300 1123 et
1328 1057 1498 1145 corporibus

395 1177 482 1263 gatis
506 1186 538 1237 et
560 1175 678 1237 animis
702 1171 932 1257 desperatione
956 1171 1044 1234 uitae
1067 1167 1244 1253 inplicatis,
1272 1167 1337 1230 loci
1365 1164 1495 1229 tament

396 1292 494 1345 tatem
529 1279 831 1363 multitudinemque
865 1276 1010 1339 bostium
1050 1284 1256 1360 superarunt.
1312 1272 1474 1339 Humanae

394 1386 613 1477 inbecillitatis
637 1385 906 1449 efficacissimum
930 1382 1157 1445 duramentum
1181 1391 1231 1445 est
1254 1380 1440 1445 necessitas

332 1497 383 1563 11.
482 1490 521 1555 In
544 1492 662 1556 eadem
683 1489 856 1575 prouincia
879 1488 919 1567 Q.
937 1488 1059 1551 Fabius
1080 1489 1243 1553 Maximus
1266 1486 1500 1563 ferocissimae}

397 1599 526 1663 animos
540 1597 740 1662 contundere
756 1608 787 1659 et
803 1596 971 1663 debilitare
988 1596 1124 1681 cupiens
1137 1593 1433 1657 mansuetissimum
1443 1592 1500 1676 ing¹

397 1726 494 1769 suum
517 1702 561 1767 ad
583 1713 711 1790 tempus
728 1703 880 1788 deposita
895 1704 1066 1768 clementia
1082 1701 1233 1765 saeuiore
1251 1699 1296 1762 uti
1312 1699 1476 1761 seueritate
1491 1718 1501 1757 ‹

398 1809 554 1879 Omnium
577 1810 693 1883 enim(
711 1811 767 1895 qui
796 1833 836 1873 cx
862 1810 1038 1897 praesidiis
1062 1806 1288 1872 Romanorum
1313 1804 1356 1867 ad
1377 1802 1484 1867 hostes

396 1917 549 2000 sugerent
560 1915 711 1999 captique
728 1925 829 1988 erant,
853 1938 972 1979 marrus
990 1914 1140 1987 abscidit,
1158 1923 1192 1976 ut
1207 1924 1322 1975 trunca
1338 1932 1413 1995 prae
1429 1931 1463 1973 se
1477 1909 1502 1971 br

398 2030 566 2107 gestantes
593 2030 714 2083 metum
743 2020 936 2085 desectionis
966 2021 1100 2106 reliquis
1122 2020 1289 2083 inicerent.
1335 2016 1481 2081 Rebelles

398 2146 516 2189 manus
540 2147 561 2187 a
583 2127 774 2211 corporibus
799 2130 868 2191 suis
886 2127 1061 2191 distractae
1076 2128 1175 2211 inque
1199 2134 1367 2187 cruentato
1385 2122 1454 2185 solo
1478 2144 1503 2205 sl

399 2229 515 2295 ceteris
538 2254 580 2294 ne
603 2231 690 2295 idem
715 2234 915 2296 committere
939 2232 1099 2296 auderent
1121 2232 1319 2297 documento
1343 2232 1478 2295 suerunt.

334 2334 388 2401 12.
486 2335 576 2401 Nihil
603 2339 711 2401 mitius
743 2340 911 2424 superiore
936 2338 1103 2403 Africano,
1150 2338 1183 2403 ls
1214 2350 1322 2402 tamen
1351 2336 1393 2401 ad
1425 2338 1504 2397 firma

399 2442 605 2527 disciplinam
644 2442 817 2508 militarem
857 2444 979 2531 aliquid
1014 2444 1055 2509 ab
1096 2445 1302 2509 alienissima
1336 2443 1399 2508 sibi
1433 2440 1505 2505 crue

399 2550 623 2615 amaritudiuis
646 2550 861 2615 mutuandum
885 2552 1090 2615 existimauit.
1137 2550 1306 2637 Siquidem
1330 2549 1461 2613 deuicta
1483 2546 1505 2609 lt

399 2656 490 2742 gine,
520 2677 595 2719 cum
623 2678 748 2731 omnes,
773 2658 829 2744 qui
859 2678 897 2720 ex
926 2657 1045 2720 nostris
1077 2657 1269 2722 exercitibus
1299 2656 1343 2722 ad
1359 2655 1492 2720 Poenos

398 2765 518 2837 ierant,
557 2765 591 2826 in
625 2785 721 2827 suam
754 2773 948 2849 potestatem
976 2762 1178 2847 redegisset,
1214 2765 1350 2851 grauius
1386 2765 1420 2828 in
1452 2761 1504 2826 Ro

401 2885 503 2956 quam'
529 2870 563 2933 in
585 2868 722 2933 Latinos
745 2870 936 2956 transfugas
961 2869 1197 2934 animaduertit.
1244 2871 1315 2936 IIos
1347 2872 1435 2934 enim
1461 2879 1506 2931 tar

399 2975 525 3060 patriae
547 2977 704 3062 fugitiuos
728 2975 880 3039 crucibus
905 2973 1034 3048 adfixit,
1057 2976 1132 3042 illos
1156 2989 1322 3064 tamquam
1346 2975 1494 3061 perfidos

335 3166 342 3184 ὅ
401 3082 510 3144 securi
539 3083 711 3166 percussit.
756 3081 832 3145 Non
861 3102 1043 3168 prosequar
1065 3080 1129 3146 hoe
1152 3084 1275 3148 factum
1305 3083 1463 3158 ulteriuS‚
1493 3104 1506 3144 e

332 3183 335 3189 ’
401 3187 565 3270 Scipionis
590 3200 641 3251 est
656 3201 687 3251 ct
702 3189 780 3274 quia
792 3187 943 3252 Romano
961 3190 1127 3273 sanguini,
1151 3191 1302 3276 quamuis
1317 3190 1436 3254 merito
1459 3211 1506 3273 pc:

401 3291 521 3356 seruile
543 3293 738 3380 supplicium
768 3293 924 3359 insultare
953 3315 1019 3356 non
1044 3295 1181 3372 adtinet,
1205 3319 1279 3361 curn
1303 3296 1503 3383 praesertim

343 3526 348 3530 -
402 3484 426 3539 1.
445 3490 525 3540 iussit
550 3507 566 3540 e
583 3492 700 3558 uestigio
724 3488 760 3540 E.
778 3490 791 3558 ΙΙ
809 3493 844 3540 ab
868 3491 901 3540 iis
920 3487 1033 3540 D'I'orr.
1046 3488 1060 3556 11
1077 3489 1103 3543 2.
1121 3493 1267 3556 praeterita
1285 3489 1316 3545 Γ.
1328 3492 1342 3560 tt
1359 3487 1386 3544 3.
1407 3507 1506 3556 soqucr

397 3569 442 3624 pr.
461 3557 498 3610 D.
510 3560 523 3627 ΙΙ
535 3561 649 3626 puniret]
670 3563 768 3624 periret
786 3559 819 3612 Β.
833 3559 845 3630 ΙΙ
861 3563 894 3610 nt
912 3562 977 3610 ‹tixit
992 3575 1035 3628 pr.
1054 3559 1087 3612 A.
1102 3559 1114 3630 ΙΙ
1135 3561 1159 3612 1.
1177 3563 1441 3629 multitudinemque]
1464 3580 1506 3626 qun

411 3625 465 3694 119.
484 3632 513 3694 s.
533 3627 573 3682 ll.
591 3646 639 3682 om.
659 3630 690 3684 Γ.
705 3630 717 3702 ll
732 3636 879 3698 eademque
898 3646 968 3682 corr.
987 3629 1024 3682 D.
1036 3632 1050 3699 ΙΙ
1067 3635 1205 3696 prouincia
1228 3651 1252 3700 q.
1273 3634 1373 3700 fabius]
1396 3632 1426 3684 iu
1452 3647 1506 3683 ruer

405 3696 446 3749 11.
466 3701 600 3767 accolere]
620 3707 757 3755 seueriore
775 3701 894 3755 ABCD
903 3701 935 3754 Ε.
950 3700 962 3772 ΙΙ
980 3701 1019 3756 12.
1040 3705 1166 3754 llomunis
1188 3703 1412 3770 romanensem
1433 3703 1500 3755 Par.

404 3768 538 3835 fregerant]
564 3773 688 3838 tugerent
710 3773 831 3826 BCDE
850 3780 875 3825 et
893 3787 938 3840 pr.
957 3773 987 3826 A.
1022 3772 1055 3825 Vt
1078 3789 1126 3824 uos
1144 3775 1221 3826 edum
1240 3774 1302 3827 Pur.
1315 3777 1328 3843 ΙΙ
1345 3771 1384 3827 13.
1407 3778 1505 3840 capttq

404 3837 741 3960 ffiffiagcqtrprqqeaqa
754 3844 794 3965 g
813 3844 827 3912 ΙΙ
847 3841 1040 3966 liliiemneit
1052 3844 1147 3966 Perdat}
1168 3847 1325 3930 delectionis
1344 3851 1452 3898 metum
1474 3844 1506 3929 Τ

415 3971 428 4038 ΙΙ
443 3970 483 4026 Π.
504 3977 529 4039 S.
551 3974 591 4028 12·
610 3944 660 4031 aia·
679 3913 1506 4057 Τ.118Μο11ιιῗιιαιιᾶέωῆνιι11ὶτιῖαηὰἕιῖΤιῇἷξῗκζὲεὲὧέὲίῗ

404 4043 629 4166 preplthppgezsstt
645 4046 689 4102 23.
714 4051 786 4119 illos]
812 4053 875 4106 odd.
900 4059 990 4108 autem
1009 4071 1079 4108 corr.
1097 4056 1134 4110 D.
1151 4056 1224 4125 1126.
1250 4061 1353 4110 ser-utre
1376 4071 1454 4112 corr.
1477 4055 1506 4110 0.

478 4251 519 4306 11.
537 4256 576 4307 Cf.
595 4257 684 4310 Frent.
704 4261 779 4313 strat.
797 4265 854 4321 1111.
876 4266 899 4328 l,
918 4267 962 4323 42.

474 4323 595 4377 saniore
605 4326 644 4378 uu
654 4330 803 4393 seueritate)
821 4336 907 4387 NimIs
924 4345 1043 4402 protecto
1057 4345 1146 4408 inepta
1165 4345 1218 4400 ills.
1233 4359 1313 4408 quam
1332 4358 1436 4394 ornnes
1452 4345 1506 4393 libr

405 4397 528 4446 sarrertor
546 4401 679 4449 senentes
696 4416 730 4450 nc
749 4403 856 4455 Valerio
876 4411 992 4471 quidem,
1017 4430 1096 4475 quem
1121 4416 1251 4464 eiusmodi
1270 4416 1376 4464 lusibus
1397 4419 1428 4464 et
1451 4417 1506 4464 rest

404 4465 484 4514 ualde
503 4469 628 4532 gauleum
646 4485 710 4520 esse
729 4474 836 4532 seimus,
856 4481 928 4528 recte
946 4482 1068 4545 imputari
1087 4501 1170 4549 posse
1189 4487 1336 4545 uidebatur,
1356 4502 1422 4536 eum
1441 4487 1503 4535 inte

405 4536 663 4604 rrogtogensattquis
679 4543 802 4593 librarius
814 4546 842 4593 in
860 4548 912 4596 hoe
927 4555 1051 4603 mendum
1063 4559 1178 4610 Incidere
1191 4559 1312 4622 potuerit
1341 4559 1425 4618 Quod
1445 4571 1504 4608 nos

406 4607 484 4657 rrtdoo
503 4609 557 4658 tam
576 4611 668 4660 extare
687 4612 714 4660 tn
732 4615 774 4664 ed.
794 4615 899 4668 Veneta
920 4635 944 4673 s.
966 4617 1042 4676 1478.

480 4671 520 4734 12.
540 4680 578 4734 Cf.
596 4681 655 4736 Liu.
674 4682 762 4744 XXX,
781 4679 824 4740 43.
