3409 5400
316 483 385 550 tio
464 476 589 560 QVAE
612 475 781 559 ovlove
803 473 1047 542 MAGNIFICA
1070 467 1399 542 CONTIGERVNT.

318 640 474 714 fecerunt,
496 645 517 714 i
540 657 671 724 quaque
690 636 747 702 ilia
768 635 847 700 urbs
870 635 990 722 uiguit,
1013 643 1046 698 et
1067 634 1131 700 dea
1151 637 1188 700 in
1209 632 1359 700 hominis
1383 633 1559 698 memoria

318 756 351 806 et
372 743 471 808 horno
493 746 528 808 in
551 743 634 807 deae
655 743 816 830 religione
839 743 945 806 cultus
969 751 1028 808 est.

274 850 307 917 2.
407 850 552 936 Gorgiae
574 870 654 912 uero
670 847 830 913 Leontino
845 848 963 912 studiis
978 848 1155 912 litterarum
1172 847 1290 912 aetatis
1303 866 1391 910 suae
1408 857 1555 908 cunctos

318 957 508 1042 praestanti.
531 955 616 1020 adeo
638 965 674 1017 ut
694 955 819 1038 primus
841 955 876 1018 in
899 963 1063 1018 conuentu
1084 972 1223 1038 poscere
1247 973 1315 1038 qna
1337 951 1383 1014 de
1400 971 1443 1012 re
1464 951 1554 1034 quis·

317 1083 381 1146 que
403 1061 518 1126 audire
541 1059 638 1124 uellet
660 1080 761 1124 ansus
784 1061 837 1132 sit,
860 1060 1017 1124 uniuersa
1031 1058 1171 1124 Graecia
1192 1059 1226 1122 in
1249 1055 1375 1142 templo
1391 1053 1572 1139 Delphieil

317 1167 481 1251 Apollinis
504 1175 647 1230 stowam
668 1165 775 1230 solido
798 1187 839 1228 ex
861 1185 939 1230 auro
963 1165 1088 1250 posuit,
1117 1185 1192 1228 cum
1219 1173 1409 1228 ceterorum
1443 1161 1494 1226 ad
1521 1160 1553 1224 id

318 1283 446 1357 tempus
470 1282 601 1336 auratas
625 1272 829 1336 collocasset.

275 1378 306 1443 e.
404 1376 532 1442 Eadem
555 1399 638 1465 gens
662 1396 790 1442 summo
809 1395 976 1440 consensu
993 1375 1036 1439 ad
1052 1372 1288 1458 Amphiaraum
1313 1371 1551 1438 decorandum

317 1483 477 1560 incubuit,
505 1484 632 1558 locum,
660 1505 726 1569 quo
748 1481 902 1546 humatus
926 1491 995 1555 est,
1024 1481 1058 1544 iu
1080 1481 1220 1546 formam
1242 1477 1550 1562 condicionemque

317 1589 429 1674 templi
456 1589 637 1678 redigendo
666 1601 762 1674 atque
790 1587 867 1652 inde
897 1586 1032 1651 oracula
1058 1585 1132 1671 oapi
1165 1584 1378 1650 instituendo.
1444 1583 1577 1648 cuium

317 1696 445 1760 cineres
468 1695 556 1760 idem
578 1693 715 1784 honoria
738 1693 925 1778 possident,
957 1690 1045 1779 quod
1067 1689 1224 1777 Pythicae
1253 1691 1421 1758 cortinae.
1457 1688 1550 1774 quod

316 1799 426 1866 aheno
447 1799 619 1876 Dodonae,
642 1799 731 1887 quod
751 1797 947 1864 Hammonis
969 1798 1053 1862 fonti
1075 1795 1178 1864 datur.

818 1995 1029 2004 -“““··
1592 1975 1593 2036 1

319 2114 343 2170 1.
361 2116 489 2182 iecerunt]
508 2130 558 2168 oss.
579 2113 607 2167 C.
626 2116 688 2165 iecit
708 2111 784 2167 Torr.
795 2115 809 2182 ΙΙ
820 2129 954 2182 quamque
967 2113 999 2168 F.
1018 2115 1196 2180 quantumque
1211 2111 1286 2164 lorr.
1298 2111 1312 2180 ΙΙ
1324 2113 1392 2162 urbs
1411 2113 1466 2163 illu
1477 2110 1508 2164 F.
1522 2111 1533 2175 ξ,

317 2183 342 2240 3.
361 2188 470 2239 leontini
487 2184 519 2239 A.
530 2184 581 2254 114.
599 2187 762 2250 praestantis
779 2185 882 2246 (ultimo
900 2183 989 2236 Mero
1007 2199 1024 2235 a
1042 2197 1111 2236 eurr.
1131 2179 1432 2246 surripiendus
1452 2182 1544 2234 osuii

356 2254 383 2310 8.
399 2259 537 2323 posuit-
554 2253 606 2323 (8.)
624 2257 726 2307 Eadem
744 2271 814 2325 gens
831 2269 881 2308 otu
899 2253 930 2308 Γ.
942 2254 956 2321 ΙΙ
967 2253 993 2307 8.
1011 2253 1124 2320 Eadem]
1143 2251 1205 2305 aad.
1223 2255 1303 2304 etium
1321 2251 1350 2305 n
1369 2257 1399 2303 el
1415 2267 1493 2304 corr.
1511 2251 1545 2304 D.

336 2327 466 2396 isnmmol
485 2324 548 2380 add.
565 2344 600 2380 ex
617 2324 676 2396 1211
690 2329 867 2392 amphiarium
884 2323 920 2378 Ε.
939 2326 1161 2390 amphitheatrum
1179 2323 1211 2376 F.
1222 2321 1236 2390 ΙΙ
1247 2319 1273 2378 9.
1292 2325 1382 2374 locum
1403 2338 1458 2377 on.
1478 2322 1511 2376 F.
1521 2325 1534 2388 ΙΙ

317 2399 380 2520 ppp]
406 2393 1077 2538 110111111ῒῖ111ηο11ΕΑῈοΤι1Ἒιμνιαηάἱοῃᾶο
1096 2410 1140 2463 pr.
1158 2393 1188 2448 Α
1209 2391 1221 2464 ss
1244 2393 1284 2446 11.
1303 2395 1398 2445 enoris
1417 2391 1453 2446 A.
1473 2391 1543 2463 1112.
1592 2431 1593 2442 .

365 2485 416 2522 ena
579 2507 587 2522 .
638 2485 685 2520 ron
895 2503 903 2520 .
1592 2489 1593 2498 .

382 2765 520 2834 [κεναί.
540 2770 557 2831 †
575 2782 676 2835 qunque
693 2766 740 2818 illa
758 2765 822 2819 urbs
838 2764 933 2831 uipuit)
958 2766 1071 2833 PIghius
1093 2766 1193 2828 primus
1216 2764 1391 2832 singulariter
1400 2763 1481 2830 jecit
1496 2781 1537 2828 po·

317 2841 417 2896 suerat,
435 2840 566 2903 probante
580 2839 694 2896 voratio,
713 2838 755 2887 cui
772 2839 923 2902 pluratiuua
941 2849 1067 2886 numerus
1087 2838 1121 2885 ab
1139 2837 1174 2886 iis
1186 2837 1322 2899 proiectus
1340 2848 1408 2885 esse
1428 2837 1536 2889 uidetur.

317 2909 363 2969 qui
379 2905 499 2958 meruti
515 2908 578 2957 item
596 2908 726 2970 pluralem
745 2908 903 2971 putauerini.
941 2910 1016 2968 Quae
1040 2907 1158 2969 suspicio
1179 2921 1233 2956 non
1257 2906 1294 2955 itu
1316 2906 1451 2956 abhorret
1470 2924 1489 2955 a
1506 2908 1535 2955 si

316 2977 463 3027 militudins
481 2977 546 3034 ucri.
565 2980 660 3042 estque
677 2992 746 3027 sane
763 2980 907 3029 admodum
926 2978 993 3027 durs
1011 2978 1171 3028 constructio
1188 2973 1384 3043 opulentissimo
1397 2975 1535 3027 Man-

309 3044 442 3111 seeeruat.
484 3046 538 3097 Sed
561 3062 622 3097 curn
641 3048 774 3098 Valerium
798 3048 917 3098 nonnihit
940 3048 992 3097 sibi
1015 3048 1159 3097 indulsisse
1183 3048 1421 3097 animaduerterim
1442 3049 1471 3097 in
1489 3049 1536 3097 hoc

317 3130 427 3183 genere,
451 3132 503 3181 quo
521 3118 699 3167 substantiuia
716 3118 899 3185 singularibus
923 3118 1113 3168 multitudinem
1140 3118 1273 3167 hominnm
1298 3116 1535 3180 complectentibus

314 3187 427 3252 pluralia
445 3188 521 3239 uerbi
539 3202 665 3239 numerus
683 3189 859 3256 subiungitur.
880 3188 945 3252 (nid.
963 3202 1034 3249 quse
1052 3188 1239 3239 adnotauimus
1257 3188 1293 3237 ad
1311 3188 1386 3245 vill,
1412 3183 1454 3245 ll.
1474 3185 1536 3249 ils

316 3258 466 3308 certissimo
488 3259 614 3309 librorum
636 3259 788 3310 testimonio
810 3261 884 3310 notul
907 3260 1053 3309 ‹incedere-
1094 3259 1184 3327 Magis
1208 3258 1287 3309 etlam
1316 3258 1389 3319 quoti
1418 3261 1534 3320 sequitur

316 3329 424 3379 dubium
443 3331 494 3388 est,
513 3330 558 3379 ubi
575 3330 695 3379 codicum
714 3330 872 3394 scripturum
895 3335 1016 3395 (quoque)
1039 3332 1131 3393 aperta
1154 3330 1311 3379 mendosum
1333 3328 1454 3377 noudum
1480 3344 1533 3392 pro·

314 3400 439 3451 habiliter
460 3400 605 3451 emendare
629 3400 750 3468 contigit,
778 3400 840 3451 licet
863 3402 897 3451 de
921 3400 1054 3450 sententia
1080 3414 1133 3449 non
1163 3399 1322 3466 ambigatur.
1368 3397 1442 3447 Num
1468 3399 1533 3461 quoi

314 3470 411 3539 Pigblo
429 3474 538 3522 auctore
555 3471 637 3539 uulgo
657 3472 750 3529 editur.
768 3474 940 3537 quarumque
957 3484 1040 3521 sensu
1060 3470 1166 3519 omnino
1185 3472 1266 3525 curet.
1284 3482 1372 3532 neque
1390 3468 1476 3519 etium
1490 3470 1534 3518 Pe·

315 3541 407 3591 rlaonll
424 3542 577 3592 conlectura
594 3555 719 3607 musque
736 3542 877 3591 satisfacit.
904 3538 1047 3604 scripserit
1066 3544 1159 3590 auctor
1173 3542 1219 3590 aut
1236 3534 1372 3606 quoadque
1388 3542 1448 3600 aut,
1469 3540 1533 3606 quoi

313 3613 446 3675 probante
463 3612 601 3663 Perizonio
621 3612 742 3663 vorstius
760 3613 957 3675 suspicabatur,
976 3607 1156 3677 quandiuque.

384 3678 468 3733 201.
486 3683 539 3733 cie.
558 3682 592 3731 ‹le
611 3698 649 3731 or.
666 3682 711 3740 111,
730 3676 773 3741 32,
794 3678 853 3733 129.
875 3673 1457 3745 riman.ffl111.t.2t.(8³).eoh
1478 3697 1532 3731 eun

314 3749 382 3804 Plut.
401 3752 483 3819 Gorg.
503 3749 527 3811 1,
545 3766 572 3815 p.
590 3748 641 3802 441
661 3754 689 3801 G.
708 3753 762 3803 cle.
780 3752 814 3803 de
832 3767 871 3803 or.
889 3752 910 3810 l,
928 3748 972 3810 22,
994 3744 1044 3803 103
1062 3754 1090 3802 et
1107 3752 1141 3802 de
1159 3752 1202 3802 lin.
1221 3751 1254 3810 11,
1275 3748 1298 3809 1,
1319 3749 1342 3803 1.

384 3816 467 3873 act
485 3822 539 3872 Cic.
558 3824 592 3871 de
610 3822 662 3873 diu.
680 3822 701 3880 1,
719 3818 763 3882 40,
782 3818 826 3874 88.
844 3820 934 3874 Strab.
952 3822 999 3881 lx.
1020 3820 1044 3881 1,
1062 3818 1098 3873 22
1116 3838 1141 3885 p.
1159 3816 1221 3873 399.
1238 3820 1320 3871 Paos.
1337 3820 1358 3879 1,
1377 3816 1424 3879 91,
1442 3820 1470 3873 2.

384 3888 537 3942 Hammonis
546 3890 633 3957 sosts')
653 3892 766 3943 euntem
789 3893 875 3943 nostri
893 3906 986 3942 omnes
997 3890 1103 3958 fronti,
1128 3894 1197 3957 quod
1215 3892 1305 3941 multis
1322 3892 1433 3957 plaeere
1450 3906 1532 3954 posse

313 3962 406 4009 censet
423 3960 576 4020 Turranius,
595 3975 629 4011 eo
648 3964 716 4027 quod
736 3963 853 4028 luppiter
871 3962 1003 4013 Hammon
1021 3964 1146 4013 cornibus
1163 3964 1294 4027 inprimis
1314 3962 1391 4013 inerit
1408 3964 1531 4031 insignis.

313 4030 442 4092 Equidem
460 4032 547 4081 fateor
564 4044 608 4081 me
625 4032 707 4083 istam
724 4034 983 4084 circumlocutionem
1001 4046 1055 4083 non
1072 4045 1155 4098 posse
1171 4046 1349 4095 concoquere.
1376 4048 1436 4082 eum
1454 4050 1530 4097 prae·

313 4100 406 4151 sertim
424 4116 537 4158 cornua,
561 4102 693 4167 siquidem
718 4119 765 4164 aa,
789 4105 861 4167 quod
880 4104 924 4153 uix
942 4104 1030 4161 eredo,
1050 4104 1135 4155 fronte
1159 4104 1305 4171 significari
1326 4106 1453 4167 possunt,
1472 4121 1528 4154 cum

311 4172 373 4239 ipso
391 4172 499 4223 oraculo
517 4172 625 4223 minime
643 4175 814 4227 cohaereant.
857 4174 922 4225 Erat
945 4174 1033 4224 sutem
1052 4176 1080 4225 tn
1099 4188 1209 4225 nemore
1228 4175 1385 4225 Hammonis
1402 4173 1473 4233 iens,
1495 4177 1527 4224 ai

312 4258 392 4311 quem
410 4243 500 4293 sanum
519 4244 652 4294 conditum
670 4248 729 4296 erut
746 4261 764 4295 a
775 4246 884 4304 Libero,
903 4259 962 4293 oum
977 4245 1021 4295 siti
1036 4258 1169 4309 oppresso
1182 4245 1253 4295 aries
1265 4260 1362 4310 squam
1376 4244 1526 4298 indicasset

312 4316 352 4369 Cf.
374 4316 475 4384 Hygia.
494 4329 521 4378 p.
552 4329 578 4365 a.
602 4310 646 4366 29.
673 4315 751 4366 Seru.
773 4318 809 4365 uti
829 4315 897 4366 Aen.
918 4315 980 4375 1111,
1010 4308 1069 4367 1911.
1103 4316 1208 4381 Aquam
1235 4315 1321 4375 iilam,
1349 4314 1421 4365 Solis
1449 4332 1524 4379 quam

312 4390 422 4446 uocant,
445 4387 594 4446 mirumque
612 4387 670 4436 aius
688 4386 880 4450 proprietatem
903 4387 966 4449 post
983 4384 1146 4436 Herodotum
1165 4386 1225 4443 1111.
1252 4383 1300 4436 181
1321 4387 1395 4437 multi
1411 4386 1525 4452 ossenp-

310 4461 411 4511 sarunt.
447 4451 845 4521 occumbentium
868 4454 975 4508 Plinii.
994 4470 1020 4509 n.
1038 4456 1071 4513 11.
1092 4452 1151 4514 108,
1173 4449 1325 4521 10111228).
1361 4457 1452 4521 Pomp.
1462 4458 1523 4509 blei

309 4528 331 4589 1,
350 4524 377 4587 8.
397 4525 420 4579 1.
444 4527 521 4581 Diod.
539 4526 592 4579 sie
611 4526 696 4585 xvii.
714 4522 757 4579 50.
785 4526 865 4577 Lucr.
885 4526 934 4584 vi,
958 4524 1020 4579 818.
1061 4526 1100 4575 lbi
1119 4542 1178 4577 eum
1197 4540 1358 4590 responsum
1380 4529 1522 4591 potabatur,

311 4601 406 4649 aurato
425 4598 533 4667 nauigio
552 4599 709 4649 sacerdotes
728 4596 770 4647 det
791 4596 964 4649 simulacrum
985 4598 1140 4665 gestibant.
1181 4597 1275 4663 ltaque
1298 4612 1358 4649 cum
1381 4600 1440 4661 ipso
1460 4596 1520 4649 Tor·

311 4670 393 4727 renio.
413 4669 525 4733 Ksppio‚
544 4668 605 4733 aliis
622 4668 746 4731 praefero
755 4664 841 4732 sostt
