3409 5400
635 506 811 590 1.1B.1111‚
835 510 874 576 G.
897 513 930 589 3,
952 521 984 589 t.
1007 512 1040 580 6.
1064 516 1095 579 7.
1399 516 1467 585 337

243 676 307 742 est,
336 670 525 755 occupauit,
556 680 587 733 et
614 670 670 735 illa
692 671 872 738 libertatem
901 675 982 737 tucri
1013 696 1080 739 non
1112 674 1227 749 ualuit,
1254 674 1340 741 haec
1369 679 1468 743 etiam

243 774 366 837 donare
390 779 503 861 potuit.

332 882 409 947 Curi
433 894 463 945 et
484 882 612 947 Fabrici
633 883 672 965 Q.
691 884 896 950 Tuberonem
917 889 1118 974 cognomine
1135 889 1251 953 Catum
1273 886 1470 973 discipulum
1480 890 1511 956 7.

242 990 345 1053 luisse
368 992 484 1053 merito
513 991 587 1075 quis
617 993 860 1058 existimauerit.
908 992 969 1057 Cui
1002 994 1210 1059 consulatum
1240 995 1368 1082 gerenti
1395 1014 1470 1061 cum

212 1096 432 1162 sAetolorum
457 1118 539 1183 gens
563 1099 670 1161 omnis
694 1121 775 1163 usus
805 1120 888 1163 uasa
918 1111 1078 1186 argentea
1106 1122 1232 1189 magno
1259 1099 1408 1185 pondere
1438 1111 1470 1163 et

242 1204 405 1288 exquisita
428 1216 496 1267 arte
520 1202 679 1267 fabricata
702 1228 761 1289 per
784 1205 914 1293 legatos
935 1208 1093 1280 misisset,
1119 1210 1174 1294 qni
1198 1209 1367 1293 superiore
1386 1218 1468 1271 tem

136 1372 140 1381 ,
190 1344 192 1351 ‹
241 1332 320 1393 pore
345 1310 530 1397 gratulandi
562 1332 665 1373 causa
693 1312 736 1373 ad
765 1334 839 1375 eum
863 1313 1001 1397 profecti
1030 1314 1207 1379 tenderent
1234 1313 1345 1377 flctlba
1372 1333 1410 1377 se
1433 1314 1469 1377 in

242 1416 312 1479 eius
337 1437 454 1479 mensa
477 1439 562 1481 uasa
583 1417 721 1489 uidisse,
745 1420 889 1481 monitos
912 1440 955 1482 ne
979 1422 1198 1494 continentiae
1214 1422 1309 1507 quasi
1326 1440 1467 1507 pauper·

241 1523 298 1584 teti
315 1522 572 1587 succurrendum
589 1535 749 1608 putarent,
774 1546 848 1588 cum
863 1526 935 1590 suis
953 1528 1093 1590 sarcinis
1110 1527 1201 1591 abire
1216 1528 1322 1591 iussit.
1358 1524 1468 1605 Quam

205 1627 324 1691 lobene
350 1628 505 1692 Aetolicis
530 1629 712 1693 domestica
734 1629 941 1715 praetulerat.
971 1633 1001 1695 si
1030 1632 1228 1717 frugalitatis
1259 1634 1330 1695 eius
1359 1652 1468 1697 exem·

243 1735 331 1823 plum
354 1736 516 1821 posterior
547 1747 639 1799 aetas
669 1738 762 1821 sequi
790 1736 962 1801 uoluisset!
1008 1737 1104 1800 Nunc
1133 1758 1198 1822 qno
1226 1748 1360 1801 uentum
1391 1734 1468 1801 esti

242 1891 268 1945 3.
288 1894 349 1945 Curi
368 1924 403 1933 —-
422 1892 470 1960 (A.)
490 1896 546 1961 Cui}
567 1900 597 1957 Q.
617 1897 737 1945 tuberoni
756 1892 925 1963 cognomine
933 1897 1026 1965 galilio
1044 1894 1076 1949 Γ.
1091 1892 1104 1967 ΙΙ
1118 1898 1180 1947 Curi
1199 1903 1226 1948 et
1242 1895 1361 1963 Fabrici]
1381 1898 1409 1948 C.
1428 1896 1467 1946 fu·

243 1968 312 2015 britii
330 1964 362 2018 B.
377 1966 389 2029 11
404 1966 446 2031 Q]
467 1962 529 2017 add.
549 1967 651 2016 Aelium
673 1964 750 2016 Torr.
765 1972 776 2029 ΙΙ
792 1968 897 2034 Catum]
939 1970 1056 2018 entilium
1072 1984 1117 2037 pr.
1129 1967 1160 2021 A.
1180 1972 1301 2037 galitiam
1319 1964 1470 2019 Renes

244 2042 268 2087 et
286 2052 356 2089 corr.
374 2036 405 2089 Α.
417 2036 431 2103 Η
442 2034 468 2087 5.
487 2038 525 2103 et]
546 2040 626 2087 etiam
645 2034 676 2088 F.
688 2035 701 2103 ΙΙ
714 2034 739 2087 li.
758 2040 890 2101 superiori
907 1984 1045 2091 lgFTorr.
1063 2037 1076 2104 ΙΙ
1094 2040 1120 2092 8.
1138 2055 1234 2091 mensa
1255 2054 1305 2093 ora.
1323 2034 1355 2090 Β.
1373 2038 1387 2105 ll
1399 2052 1469 2089 riusa

243 2124 291 2161 ora.
310 2106 402 2160 FPar.
427 2104 499 2160 Viae.
519 2106 586 2159 Bell.
604 2123 643 2174 sp.
663 2107 688 2158 A.
711 2103 757 2160 Vl.
776 2106 834 2165 (V.)
851 2104 1174 2177 suessoniensem]
1195 2111 1385 2161 consulendum
1398 2107 1431 2161 F.
1443 2108 1457 2177 ΙΙ

246 2174 286 2231 10.
305 2181 487 2243 praetulerant
506 2176 539 2229 Β.
553 2180 565 2239 ΙΙ
581 2180 639 2229 eins
658 2180 821 2245 exemplum]
842 2181 1017 2243 eiusemplum
1033 2178 1064 2230 Α.
1084 2183 1236 2245 exemplum
1248 2180 1281 2234 Β.
1296 2177 1309 2249 ΙΙ
1326 2177 1365 2234 ll.
1377 2184 1468 2244 poste·

242 2252 341 2301 riorum
358 2247 394 2302 D.
409 2247 421 2317 ΙΙ
437 2250 512 2299 Nunc
525 2249 588 2316 que]
608 2248 662 2299 Sed
682 2264 750 2299 nunc
763 2264 795 2301 eo
808 2248 839 2303 Γ.
855 2248 867 2314 ΙΙ
881 2250 935 2316 est]
949 2248 1011 2304 add.
1025 2253 1053 2301 ut
1064 2249 1095 2304 Γ.

243 2394 300 2443 sius
320 2392 450 2457 Pyrrhum
471 2392 607 2459 designari
621 2392 826 2451 arbitrabantur.
845 2408 899 2443 non
912 2394 1154 2443 animaduertentes
1168 2395 1327 2444 sententiam
1339 2393 1378 2443 ita
1389 2408 1467 2444 enar·

243 2468 329 2515 rutam
347 2478 434 2527 neque
453 2479 512 2512 cum
532 2462 754 2526 praecedentibus
778 2462 867 2523 (Iacet
882 2462 998 2513 Menae
1022 2466 1085 2524 etc.)
1109 2479 1195 2528 neque
1214 2480 1274 2514 cum
1293 2466 1467 2531 sequentibus

242 2530 331 2593 (Quod
354 2538 459 2584 casatus
482 2548 581 2601 qaoque
605 2530 748 2594 indicauit)
773 2536 928 2585 cohaerere.
969 2534 1137 2585 Generaliter
1161 2550 1222 2585 eam
1243 2536 1467 2599 pronuntiandam

242 2606 328 2655 fuisse
352 2620 420 2654 unus
443 2606 574 2655 intellexit
599 2604 760 2663 Perizonius,
786 2608 829 2671 qui
853 2607 1023 2656 scribendum
1048 2619 1112 2655 esse
1135 2607 1248 2656 coniecit
1270 2604 1407 2660 maluerit.
1440 2607 1468 2655 et

244 2676 367 2741 explicet,
382 2677 476 2726 'omnis
491 2677 530 2727 uir
543 2678 660 2740 prudens
672 2677 826 2740 praetulerit
836 2678 942 2740 Epicuri
955 2678 1107 2741 praeceptis
1117 2677 1231 2728 Fabricii
1244 2677 1468 2729 detestationem’.

242 2749 327 2798 Paulo
345 2753 406 2812 post
425 2749 496 2810 quod
515 2749 541 2796 in
560 2749 666 2810 optimis
686 2751 833 2813 quibusque
852 2750 929 2798 libris
947 2750 1008 2798 ante
1026 2746 1155 2816 uoluptati
1171 2749 1296 2799 inseritur
1314 2763 1386 2803 cam,
1409 2764 1467 2800 rna·

243 2820 343 2870 nitesta
362 2819 531 2883 interpolatio
551 2821 593 2868 est
613 2819 647 2868 ad
659 2819 849 2870 restituendam
863 2821 1022 2870 sententiam
1035 2821 1115 2878 tacta,
1134 2821 1277 2883 postquam
1293 2837 1311 2871 a
1327 2835 1389 2870 aem
1400 2833 1468 2887 quae

243 2891 321 2940 solito
339 2892 436 2940 mendo
456 2892 609 2941 oberratum
628 2893 686 2939 erat
704 2892 729 2942 in
748 2905 866 2958 namque
1420 2891 1426 2914 ’

314 2958 338 3009 7.
352 2961 395 3028 act.
416 2962 481 3011 Piin.
500 2963 527 3012 h.
545 2977 572 3011 n.
590 2961 713 3020 xxxnr,
736 2960 776 3014 il.

316 3031 348 3090 Q.
369 3029 539 3088 Phileronem)
566 3035 641 3091 Quae
666 3034 716 3084 hoe
740 3034 799 3083 loeo
824 3033 858 3084 de
882 3037 914 3094 Q.
932 3032 1073 3084 Tuberone
1096 3035 1287 3098 praedicantur
1309 3033 1410 3083 Plinius
1432 3035 1467 3084 de

244 3103 309 3153 Cato
329 3104 403 3152 Aelio
422 3103 512 3154 refert.
548 3103 582 3152 Et
594 3117 660 3154 sane
680 3119 756 3162 unus,
776 3119 856 3170 quem
874 3119 907 3154 eo
918 3108 1075 3173 cognomine
1093 3119 1171 3155 usum
1191 3120 1254 3155 esse
1270 3106 1383 3160 constat.
1402 3103 1466 3155 Sex.

244 3174 336 3224 Aelius
355 3173 454 3224 Paetus
474 3178 554 3224 Catus
575 3179 639 3230 erut.
659 3175 723 3226 iuris
736 3178 924 3238 peritissimus,
944 3177 1036 3225 consul
1056 3192 1080 3226 a
1092 3191 1118 3224 ιι.
1131 3193 1153 3226 e.
1167 3171 1219 3225 556
1232 3191 1292 3224 cnm
1310 3175 1342 3224 Τ.
1359 3175 1466 3233 Quintio

244 3243 406 3300 Flaminino,
432 3259 528 3296 censor
551 3261 576 3295 a.
600 3241 660 3296 550.
686 3247 724 3296 Gi.
740 3247 815 3296 l'asti
837 3249 902 3310 Gap.
920 3263 947 3310 p.
965 3241 1019 3297 293
1042 3248 1114 3297 Grut.
1136 3247 1195 3296 Liu.
1214 3245 1326 3303 xxxii,
1347 3241 1371 3296 7.
1399 3245 1467 3295 Eun.

245 3331 289 3378 ap.
309 3315 362 3364 Cic.
381 3315 461 3366 Tusc.
480 3317 500 3374 1,
520 3311 545 3374 9,
569 3313 608 3368 te.
633 3317 727 3367 Varro.
747 3319 780 3366 de
798 3319 876 3384 Ling.
895 3318 955 3366 Lat.
974 3319 1018 3375 vl,
1037 3313 1062 3366 3.
1086 3317 1178 3379 Pomp.
1198 3316 1231 3364 de
1249 3317 1318 3380 orig.
1335 3315 1385 3363 iur.
1411 3315 1436 3362 di
1459 3347 1467 3364 .

244 3387 275 3442 11,
296 3381 321 3442 2.
342 3381 366 3435 7.
395 3383 471 3436 Seru.
484 3385 616 3448 Sulpicius
636 3388 662 3436 in
675 3388 847 3450 reprehensis
864 3387 1013 3436 Scaeuolae
1032 3403 1092 3450 cap.
1110 3403 1154 3448 ap.
1167 3385 1198 3437 A.
1217 3385 1284 3434 Gell.
1302 3383 1357 3440 1111,
1380 3380 1402 3439 1.
1421 3329 1466 3433 75.

244 3456 330 3520 Atque
349 3455 374 3503 in
393 3457 451 3504 eius
471 3457 608 3506 historiam
628 3459 725 3520 optime
745 3457 849 3514 eadunt,
869 3461 898 3505 ut
917 3458 1005 3506 docuit
1023 3456 1177 3505 Perizonius
1197 3456 1277 3504 anim.
1300 3453 1363 3502 hist.
1383 3468 1410 3516 p.
1433 3446 1467 3503 73

245 3530 286 3580 ed.
307 3525 389 3582 llari..
408 3539 478 3587 quae
498 3529 531 3576 de
550 3527 648 3589 spretis
668 3525 793 3575 Aetolicis
813 3528 911 3576 diuitiis
929 3528 1075 3576 memoriae
1093 3527 1246 3587 produntur.
1266 3539 1326 3572 eum
1343 3523 1468 3572 illotem·

244 3612 310 3662 pore
334 3597 419 3646 Aetoli
443 3611 496 3646 non
520 3599 599 3646 modo
625 3597 753 3646 societate
773 3599 903 3645 coniuncti
923 3597 1019 3644 hrerint
1036 3609 1095 3642 cnm
1114 3595 1251 3651 Romanis,
1276 3607 1368 3642 uermn
1386 3594 1468 3642 etiam

245 3683 298 3718 una
317 3683 376 3717 cum
395 3670 437 3718 his
457 3669 555 3718 bellum
570 3671 663 3718 contra
676 3668 825 3730 Philippum
840 3667 1016 3714 Macedonem
1036 3665 1179 3732 gesserint.
1216 3665 1317 3728 ltaque.
1336 3664 1467 3728 siquidem

244 3755 292 3802 pro
311 3741 444 3803 scriptura
462 3741 586 3789 librorum
606 3741 713 3802 praeter
732 3739 895 3786 tiernensem
918 3750 1022 3784 stimmo
1045 3747 1179 3784 consensu
1196 3731 1322 3784 Gabbam
1340 3735 1493 3784 exhibeo·-

244 3813 307 3860 tium
328 3814 399 3860 recte
418 3813 475 3860 Ceti
494 3823 643 3876 cognomen
662 3807 832 3855 substitutum
852 3809 908 3862 est,
934 3809 1003 3871 quod
1022 3821 1074 3855 nou
1094 3806 1196 3863 dubito.
1222 3806 1357 3853 Valerium
1374 3805 1403 3854 in
1419 3821 1467 3854 no·

244 3883 314 3930 ruine
334 3883 448 3930 hominis
468 3895 576 3931 errasse
592 3879 769 3927 confitendum
783 3878 839 3927 erit.
876 3877 930 3926 Sed
944 3878 1054 3926 Plinium
1067 3893 1171 3942 quoque
1186 3876 1373 3924 hallucinatum
1393 3890 1465 3935 esse,

245 3954 313 4017 quod
334 3954 427 4002 Catum
445 3953 518 4002 illum
537 3951 567 3998 L.
587 3949 690 3999 Aemilii
709 3961 837 4016 generum
858 3949 964 4007 diceret,
983 3964 1042 3996 cum
1062 3949 1084 3996 is
1104 3947 1181 3996 fuerit
1200 3950 1229 4007 Q.
1249 3947 1341 3994 Aelius
1360 3945 1466 3997 Tubero

245 4023 316 4088 tlial.
336 4023 482 4080 Max.1111,
503 4019 527 4079 4,
547 4016 573 4072 ll.
594 4020 661 4071 Plut.
680 4021 754 4072 Paul.
774 4017 830 4080 28),
856 4023 928 4070 recte
947 4020 1190 4069 animaduerterunt
1208 4017 1312 4066 Merula
1336 4019 1371 4066 ad
1388 4017 1467 4068 Ennii

244 4097 261 4147 l.
282 4109 306 4142 e.
323 4109 350 4158 p.
369 4091 421 4144 507
442 4097 468 4142 et
486 4093 639 4142 Perizonius
658 4093 738 4142 anim.
757 4091 819 4140 hist.
839 4091 855 4138 l.
874 4107 897 4138 c.

308 4161 407 4231 fictilia
425 4179 453 4214 se
471 4163 499 4214 ia
517 4163 573 4214 eius
590 4177 678 4213 mma
695 4169 771 4222 uasa)
789 4161 886 4210 Dubito
900 4177 958 4210 eum
978 4163 1072 4208 eodem
1086 4160 1223 4208 Perizonio
1238 4161 1271 4208 de
1284 4160 1378 4208 ultima
1390 4173 1466 4215 uoce,

245 4251 322 4301 quae,
343 4251 403 4284 eum
421 4237 501 4299 paulo
521 4237 582 4284 ante
602 4235 796 4298 praecesserit,
821 4233 873 4281 hoc
891 4233 950 4281 loco
969 4233 1110 4279 abundans
1134 4230 1230 4280 melius
1249 4231 1385 4295 aliquanto
1404 4233 1467 4278 sub·

244 4308 452 4373 intellegeretur.
501 4306 645 4356 Contirmal
674 4309 763 4354 autem
785 4304 917 4353 Perizonii
945 4303 1124 4366 suspicionem
1152 4316 1204 4350 non
1235 4303 1289 4348 tarn
1314 4299 1467 4349 Vincentius

244 4379 456 4435 llellouacensis.
476 4379 573 4443 qnippe
592 4377 667 4425 euius
686 4375 812 4438 excerpts
831 4388 917 4438 aeque
938 4373 966 4422 ut
990 4375 1074 4421 codex
1094 4372 1320 4435 Guelferbytanus
1345 4369 1415 4417 alter
1432 4383 1467 4416 ex

244 4451 392 4512 archetypo
412 4463 490 4512 quem
510 4450 624 4498 diximus
643 4447 709 4496 libro
731 4447 878 4510 pendeant.
902 4445 929 4492 in
952 4459 1005 4504 qno
1029 4443 1096 4493 lihro
1119 4443 1230 4491 extabat
1254 4441 1382 4501 suspecta
1405 4453 1467 4494 uox.

245 4535 324 4586 quarn
343 4521 399 4569 Iulii
420 4519 522 4568 Paridis
541 4521 669 4582 epitome.
692 4519 717 4566 in
737 4533 789 4582 qua
807 4517 910 4565 omissa
927 4516 974 4563 illa
992 4529 1059 4563 uoce
1077 4513 1201 4562 scribitur
1218 4511 1324 4577 legatos
1343 4509 1469 4557 retulisse

242 4605 272 4640 sc
281 4587 382 4657 fictilia
400 4587 428 4638 ia
447 4587 503 4640 rias
520 4604 607 4640 measa
625 4586 731 4640 uidisse.
768 4587 836 4637 Pieri
849 4588 931 4654 igitur
941 4588 1033 4648 potest
1050 4585 1078 4632 ut
1094 4595 1172 4636 aera.
1192 4582 1218 4630 in
1233 4581 1356 4646 margine
1369 4579 1470 4656 antiqui

244 4663 383 4712 cuiusdam
402 4662 462 4711 libri
480 4659 704 4726 interpretationis
723 4673 807 4710 causa
825 4657 993 4723 appositum,
1010 4670 1064 4706 non
1083 4655 1200 4703 debitam
1218 4651 1313 4702 sedern
1330 4651 1398 4700 inter
1415 4647 1469 4702 Va·

243 4733 303 4788 lerii
321 4735 406 4787 uerba
423 4731 601 4802 occupauerit.
