3409 5400
404 493 470 565 Μ
719 494 787 561 nii
808 492 1053 563 INSTITVTIS
1076 492 1298 577 ANTIQVIS.

405 654 557 721 celebrat
621 655 700 719 Sine
736 655 810 721 ullis
843 654 1014 721 doctorum
1047 657 1230 743 praeceptis
1267 662 1381 723 uerum
1412 658 1516 723 condic*

290 852 293 855 ἡ
403 771 537 827 nosbae
559 760 706 827 habitum
728 761 879 847 peruidit.
924 761 1148 827 chouaatur
1162 764 1271 849 itaque
1295 763 1443 829 neutralis
1464 787 1516 831 omi

403 866 594 932 autmalium
615 866 754 933 dulcedo
778 869 880 943 miae,
910 888 995 955 quae
1025 868 1128 933 multa
1150 879 1181 932 et
1203 870 1312 934 facere
1342 882 1372 935 et
1396 874 1456 958 pati
1476 890 1516 937 tur

401 974 505 1061 cogit,
529 974 560 1039 si
581 974 654 1043 iam.
671 985 744 1039 erar
767 975 836 1039 eins
859 975 1026 1061 aliquanto
1053 974 1178 1041 felicior
1208 998 1248 1040 ac
1275 976 1398 1043 beatior
1424 980 1516 1045 finiar

399 1080 510 1145 rietm.

338 1179 393 1251 13.
491 1185 565 1267 Quo
593 1187 683 1253 circa
709 1198 797 1251 recte
824 1185 931 1273 Lycii,
966 1209 1040 1253 cum
1068 1188 1109 1253 iis
1137 1187 1242 1253 luctus
1271 1189 1393 1265 incidit,
1426 1190 1513 1255 mulie

400 1306 527 1359 uestem
549 1294 696 1369 iuduunt,
710 1289 754 1357 ‘ut
777 1294 980 1359 deformitate
1003 1294 1108 1359 cultus
1132 1297 1285 1361 commoti
1309 1298 1457 1361 maturius
1479 1304 1516 1359 sti

400 1401 546 1489 proicere
568 1422 752 1465 maerorem
774 1398 885 1464 uelint.

338 1497 390 1565 14.
489 1505 614 1573 Verum
639 1506 718 1593 qnid
740 1526 804 1593 ego
826 1505 1024 1571 fortissimos
1047 1504 1111 1571 boc
1135 1508 1170 1571 in
1185 1528 1307 1594 genere
1322 1508 1503 1594 prudentiae

375 1612 555 1689 ,laudemf
589 1613 821 1698 Respieiantur
835 1610 990 1677 Indorum
1012 1614 1165 1689 semidae,
1190 1636 1285 1700 quae,
1309 1637 1382 1680 eum
1397 1638 1483 1679 more
1504 1638 1516 1701 p

400 1719 574 1806 conplures
599 1720 706 1783 eidem
728 1728 848 1804 nuptae
866 1739 941 1783 esse
965 1718 1101 1793 soleant,
1124 1731 1251 1785 mortuo
1267 1722 1383 1785 marito
1402 1723 1435 1786 in
1450 1732 1516 1785 cert

400 1826 620 1910 Iudiciumque
654 1825 793 1887 ueniunt
825 1844 925 1911 qnam
960 1845 999 1887 ex
1032 1824 1084 1889 his
1119 1828 1260 1891 maxime
1295 1826 1446 1891 dilexerit.
1488 1825 1516 1889 V

400 1930 523 2017 gaudio
547 1929 694 1994 exultans
719 1929 924 2015 deductaque
948 1951 968 1993 a
991 1933 1188 1997 necessariis
1216 1932 1337 1997 laetum
1360 1934 1516 2019 praeferet

400 2035 525 2101 uultum
548 2036 701 2123 coniugis
723 2057 761 2099 se
784 2034 926 2101 flammis
956 2038 1130 2123 superiacit
1160 2048 1192 2103 et
1219 2060 1293 2103 cum
1317 2061 1357 2103 eo
1379 2051 1516 2125 tamquar

398 2144 558 2211 licissima
584 2127 757 2206 crematur.
803 2142 985 2226 Superatus
1014 2164 1088 2207 cum
1111 2146 1241 2210 tristitia
1262 2152 1291 2209 ei
1312 2166 1457 2211 maerore
1484 2147 1516 2209 in

398 2260 579 2315 remanent.
629 2246 790 2313 Protrabe
822 2249 858 2311 in
890 2248 1035 2315 medium
1072 2250 1269 2317 Cimbricam
1303 2250 1487 2325 audaciam,

399 2354 757 2428 Celthericamairdem,
780 2355 881 2441 iunge
904 2356 1089 2422 animosam
1112 2356 1271 2423 Thraciae
1303 2359 1504 2441 [potentiam]

403 2515 424 2567 Ι.
442 2516 506 2565 Sine
524 2542 559 2554 -·-
578 2511 627 2575 (4.1
646 2515 793 2578 reperietur
813 2530 861 2566 aar.
881 2512 912 2568 Γ.
932 2512 945 2583 ΙΙ
965 2518 1073 2567 nostrae
1094 2512 1376 2583 conditionIsE.112.
1395 2517 1514 2580 praeuidi

397 2582 424 2637 3.
442 2590 470 2639 et
487 2585 589 2651 iacere]
609 2586 699 2637 iacere
717 2583 750 2639 Β.
765 2583 777 2652 ΙΙ
790 2584 818 2638 4.
835 2587 890 2637 iam
902 2586 971 2653 ertu]
992 2602 1026 2637 ea
1043 2589 1148 2637 mortua
1164 2582 1516 2653 inominalibus

398 2661 470 2708 recte
488 2672 538 2708 ora.
555 2654 587 2708 Γ.
599 2654 612 2724 ΙΙ
624 2657 667 2707 his
685 2652 747 2710 ΑΒ.
767 2658 818 2708 hile
839 2653 934 2709 CDE.
954 2659 994 2708 eis
1012 2656 1074 2710 Pur.
1094 2673 1143 2710 om.
1161 2656 1192 2713 Γ.
1210 2655 1224 2725 Η
1243 2656 1267 2709 1.
1286 2656 1420 2724 commoti]
1441 2660 1516 2708 adme

409 2726 459 2796 119.
479 2728 621 2779 Vernm—
631 2724 698 2793 (10.)
717 2729 904 2792 [despicientur
921 2725 1038 2797 emilii
1052 2725 1091 2782 10.
1104 2745 1172 2794 quae
1190 2745 1240 2780 aar.
1258 2727 1289 2781 Γ.
1301 2725 1315 2795 ΙΙ
1330 2727 1370 2780 11.
1389 2729 1482 2792 plures
1500 2727 1516 2780 i

399 2800 440 2849 eis
457 2799 520 2851 Par.
539 2799 572 2847 iis
592 2797 669 2849 'fora
683 2793 695 2866 11
712 2794 753 2851 14.
766 2798 921 2863 superiacit]
941 2797 1029 2849 Mera
1036 2797 1199 2866 paenultima
1217 2798 1427 2866 intermedii
1442 2796 1483 2850 15.
1496 2801 1516 2850 tr

400 2867 490 2922 ond
495 2867 527 2920 Γ.
541 2866 554 2939 ΙΙ
573 2872 601 2920 et
621 2868 756 2936 maerore]
775 2867 804 2918 ia
821 2882 918 2920 rastra
935 2865 968 2922 A.
993 2885 1114 2921 maerore
1132 2866 1253 2922 BCDE
1259 2868 1291 2922 Γ.
1304 2866 1318 2936 ΙΙ
1332 2865 1372 2922 id.
1392 2871 1516 2922 Protralm

398 2937 460 3002 sui,
479 2935 516 3007 4)
534 2942 689 2991 conscendit
705 2956 754 2992 oar.
772 2938 803 2992 Γ.
815 2936 830 3005 ΙΙ
842 2936 884 2991 17.
902 2941 1047 3005 potentiam
1065 2956 1115 2991 om.
1136 2938 1211 2992 Torr.
1223 2938 1237 3008 ΙΙ
1249 2942 1409 3004 sapientiam
1432 2955 1482 2994 om.
1503 2937 1516 2992 l

405 3097 411 3106 ·
468 3081 494 3134 si
510 3081 565 3133 iura
581 3086 642 3133 eris
660 3080 727 3144 eisc)
743 3083 884 3132 Librorum
902 3081 1061 3146 scripturam
1078 3081 1104 3133 si
1122 3096 1153 3133 ea
1174 3085 1276 3132 moriac
1294 3081 1350 3133 eiua
1368 3081 1516 3132 defendere

398 3155 461 3203 sunt
479 3154 626 3210 ¹isceasius
648 3157 675 3205 et
692 3154 814 3203 vorstius
832 3154 1032 3216 interpretando
1056 3155 1247 3204 remanendum
1265 3167 1329 3204 esse
1346 3167 1455 3203 omnem
1475 3155 1516 3203 uit

398 3225 527 3283 cedinem,
546 3240 607 3274 cum
625 3240 661 3275 ea
684 3226 788 3274 remota
805 3225 833 3274 et
850 3225 967 3274 extincta
990 3227 1114 3282 (mortae)
1131 3224 1192 3272 duis
1211 3225 1284 3274 uitae
1301 3225 1438 3289 aliquanto
1458 3224 1516 3273 felic

397 3297 474 3355 Quae
491 3297 638 3354 sententia,
656 3297 687 3344 nt
704 3295 805 3344 raittsm
823 3311 867 3346 uu.
886 3308 918 3344 ea
934 3297 1037 3344 mortue
1053 3295 1200 3345 insolenter
1218 3295 1366 3344 admodnm'
1378 3297 1516 3358 usurpata

398 3381 478 3432 qrram
495 3381 530 3416 ne
548 3367 640 3416 uiuere
658 3366 765 3430 quidem
783 3367 924 3431 quisquam
942 3365 1021 3414 facile
1045 3365 1148 3424 dixerit,
1174 3365 1201 3415 ei
1220 3365 1360 3428 prasinam
1379 3366 1459 3414 uerbi
1478 3381 1516 3414 no

398 3451 459 3486 cum
467 3437 583 3486 andriam
600 3437 738 3488 desideres
748 3441 790 3496 (es
802 3439 959 3502 perempto),
979 3451 1032 3500 qua
1041 3437 1144 3486 ratione
1156 3435 1313 3486 cohaereret
1322 3449 1382 3485 cnm
1395 3439 1516 3500 praeced

398 3509 425 3557 et
443 3523 503 3557 cum
520 3507 654 3559 Thraciae
672 3508 719 3558 illa
736 3507 843 3557 natione
861 3507 985 3565 laudata,
1005 3508 1073 3571 quod
1092 3507 1198 3556 natales
1216 3507 1352 3557 hominum
1376 3520 1440 3556 curn
1459 3507 1516 3557 fleu

397 3579 496 3636 crimis,
516 3580 644 3643 exequias
663 3593 724 3628 eum
741 3577 876 3627 hilaritate
895 3576 1074 3633 celebrasset,
1100 3577 1199 3626 frustra
1218 3577 1347 3642 quaesiui.
1393 3578 1465 3636 Quid
1486 3579 1516 3626 di

396 3648 476 3699 fuerit
493 3663 573 3700 nemo
590 3665 644 3700 non
661 3650 748 3705 uidete
774 3648 964 3698 remanendum
983 3661 1046 3698 esse
1064 3648 1214 3698 naturalem
1237 3648 1355 3698 omnium
1374 3649 1516 3698 animalim

397 3719 563 3770 dulcedinem
580 3720 598 3769 i.
616 3735 642 3769 e.
660 3720 844 3784 cupiditatem,
868 3719 1013 3784 siquidem,
1033 3720 1102 3783 quod
1122 3719 1248 3768 Getarum
1265 3719 1352 3777 natio,
1371 3733 1473 3772 ueram
1492 3721 1516 3768 bi

397 3789 468 3838 uitae
487 3790 668 3846 condicionem
685 3790 861 3853 perspiciens,
881 3803 913 3838 eo
932 3803 1006 3840 more
1031 3789 1220 3848 declarauerIt,
1247 3790 1348 3839 felicles
1372 3805 1407 3839 ae
1427 3791 1516 3840 beati(

396 3857 458 3906 iinis
477 3858 512 3907 sit
536 3874 615 3923 qnam
640 3861 698 3908 eius
720 3861 830 3910 Initium.
871 3862 958 3919 Quam
982 3860 1142 3910 sententiam
1169 3859 1313 3928 ingeniosa
1336 3860 1476 3912 Perizonii
1503 3862 1516 3910 d

396 3927 518 3986 rcsdtuit,
537 3930 678 3978 scribentis
693 3928 719 3980 ei
734 3928 789 3980 ista
805 3933 866 3982 ortu
884 3927 949 3982 eiua.
985 3929 1110 3980 Similiter
1119 3931 1146 3980 in
1159 3930 1216 3979 cod.
1229 3931 1307 3982 iiam.
1321 3945 1345 3980 a.
1359 3947 1385 3984 u.
1400 3929 1516 3998 coaspir

395 4000 481 4048 misae
498 3999 526 4048 in
543 3996 738 4064 accepiatione
754 4005 862 4050 mortem
880 4002 1034 4050 aberratum
1053 4002 1096 4051 est
1114 4001 1171 4056 Vll,
1190 3996 1216 4057 2
1236 4003 1289 4052 cxi.
1311 3995 1352 4054 15.
1392 4003 1516 4050 Omnino

395 4072 499 4119 norma
516 4072 683 4132 expunxcrat
701 4071 821 4137 Pighius.
862 4071 967 4136 Kappio
985 4085 1072 4136 neque
1091 4071 1220 4122 Perizonii
1236 4071 1403 4130 coniectura,
1424 4074 1516 4135 proba

395 4138 478 4198 renio,
497 4139 584 4204 neque
601 4140 725 4191 ascensii
743 4142 886 4205 explicatio
905 4142 1011 4204 piaculi,
1030 4157 1112 4204 quem
1130 4141 1224 4208 reliqui
1242 4142 1416 4206 adoptarunt.

468 4203 507 4261 13.
528 4210 566 4261 Cf.
586 4210 653 4260 Plut.
672 4212 773 4263 consol.
793 4214 827 4262 ad
845 4211 969 4276 Apellen.
987 4205 1031 4262 22.

468 4276 510 4332 14.
529 4281 568 4333 Cf.
588 4283 640 4332 Cic.
659 4282 740 4332 Tusc.
759 4284 790 4341 V,
809 4279 853 4340 27.
874 4279 916 4333 18.
944 4283 1064 4346 Properi.
1082 4283 1127 4341 lli,
1146 4277 1172 4340 9,
1196 4277 1235 4334 15.
1261 4283 1339 4334 Diod.
1363 4283 1422 4335 Sic.
1444 4285 1514 4333 XIX

393 4346 457 4404 ³43.
474 4352 563 4405 strab.
581 4353 641 4413 XV,
659 4369 685 4418 p.
709 4347 775 4406 iudi
793 4355 824 4404 Β.
842 4353 911 4404 Plut.
931 4369 968 4404 aa
986 4354 1072 4404 citios.
1091 4355 1124 4403 ad
1144 4354 1216 4404 inici.
1236 4355 1297 4404 suff.
1314 4349 1332 4404 4
1352 4370 1378 4418 p.
1400 4351 1461 4406 tiis
1482 4357 1514 4404 C.

393 4423 421 4474 b.
439 4423 501 4482 VII,
525 4419 565 4474 18.
594 4423 676 4475 Solia.
697 4419 743 4481 lo,
762 4421 789 4476 3.
813 4423 891 4476 Seru.
911 4425 947 4474 ad
964 4423 1031 4475 Aen.
1050 4425 1087 4482 V,
1106 4417 1167 4475 idi.
1187 4425 1240 4476 alii.
1276 4425 1316 4476 De
1335 4425 1504 4478 Thraecum

393 4494 465 4545 idem
482 4495 602 4546 referunt
618 4495 717 4547 ilerod.
735 4497 767 4553 V,
786 4491 812 4548 b.
832 4496 925 4560 Pomp.
942 4495 1007 4546 Mei.
1025 4495 1058 4551 11,
1077 4491 1103 4553 2,
1122 4491 1147 4546 4.

467 4561 598 4616 Thraciae
616 4563 783 4633 [permicat
803 4563 970 4633 amaeam>
991 4565 1156 4616 Vocabulum
1174 4567 1317 4617 manifesto
1336 4568 1480 4631 spurium,
1505 4583 1516 4632 q

393 4632 476 4695 einai,
499 4637 528 4685 in
545 4638 647 4703 antiqui
666 4639 804 4689 cuiusdam
822 4637 882 4687 libri
900 4637 1023 4704 margine
1042 4652 1090 4701 pro
1109 4637 1185 4686 uaria
1203 4639 1317 4690 lectione
1336 4639 1512 4702 ascriptum,

394 4706 453 4758 cod.
477 4707 625 4773 archetypo
648 4708 717 4758 irrier
740 4707 840 4760 Valerii
864 4709 950 4758 uerba
973 4710 1109 4773 receptum
1131 4722 1195 4760 esse
1213 4709 1325 4761 uidetur.
1370 4709 1406 4760 ln
1433 4723 1516 4760 recer
