3409 5400
1382 527 1424 593 17

196 689 285 768 VIII,
310 692 340 766 1,
364 692 474 770 damn.
498 690 530 767 4,
555 711 595 756 ex
616 690 790 756 undecimo
813 686 1003 776 Aesculapii
1027 689 1145 778 anguis
1168 686 1335 775 Epidauro
1356 686 1423 754 Ro·

195 823 287 868 mam
311 801 499 888 deportatus
524 797 562 882 (I,
586 801 617 876 8,
642 799 687 882 2).
734 798 827 881 Quae
847 795 887 873 II,
913 798 964 871 10,
989 797 1008 862 5
1032 799 1214 861 referuntur
1237 797 1278 861 de
1297 796 1336 861 P.
1357 796 1424 863 Ru·

196 909 264 974 tilio
287 909 380 975 haud
402 907 497 974 dubie
522 919 597 974 sunt
621 905 741 972 eLiuii
757 905 863 982 LXX,
886 907 1061 997 itemquae
1084 907 1125 972 de
1148 907 1234 971 exitu
1245 905 1424 994 Scipionis,

196 1017 349 1105 Pompeii
370 1015 487 1104 Magni
510 1017 627 1092 soceri,
652 1036 670 1078 e
695 1011 824 1080 CXIIII.
871 1013 913 1078 Et
936 1027 1057 1102 quanto
1080 1016 1258 1090 maiorem,
1290 1013 1320 1078 si
1341 1013 1425 1080 haec

197 1128 404 1214 respicimus,
433 1122 655 1212 exemplorum
677 1143 849 1188 numerum
871 1123 905 1186 in
927 1124 969 1187 iis
989 1124 1093 1188 fuisse
1110 1143 1317 1199 censeamus,
1342 1143 1426 1210 quae

197 1237 393 1324 epitomator
415 1233 583 1312 breuitatis
607 1233 744 1297 nimium
767 1240 923 1317 quantum
952 1231 1118 1298 studiosus
1148 1254 1216 1298 non
1237 1230 1428 1318 recipienda

197 1341 349 1409 duxerit?

288 1449 390 1516 Multo
431 1449 562 1537 quidem
594 1447 702 1544 rarius
733 1446 816 1513 alios
852 1467 965 1513 eorum
999 1451 1054 1535 qni
1081 1447 1198 1514 Latine
1227 1432 1428 1534 scripserunt

198 1571 350 1628 auctores
380 1555 542 1632 adhibuit,
572 1557 633 1621 sed
663 1556 824 1621 interdum
855 1555 917 1621 hos
943 1579 1072 1644 quoqne
1102 1559 1163 1635 ita,
1193 1569 1229 1622 ut
1261 1558 1426 1623 artissimo

200 1667 345 1756 quodam
377 1686 463 1730 nexu
497 1664 674 1729 luculenter
708 1675 839 1750 patente
869 1663 1001 1730 alterius
1033 1667 1126 1752 origo
1162 1688 1202 1732 ex
1231 1665 1331 1731 altero
1359 1683 1428 1730 non

196 1777 305 1863 possit
327 1795 394 1840 non
418 1775 568 1862 agnosci.
619 1771 737 1837 Dicam
761 1773 903 1858 primum
926 1773 966 1837 de
989 1772 1146 1840 Sallustio
1171 1773 1299 1861 Crispo,
1330 1794 1428 1862 quem

198 1886 383 1972 inspectum
406 1893 437 1945 et
459 1879 677 1946 consultatum
701 1899 776 1944 esse
806 1903 827 1944 a
848 1876 984 1945 Valerio
1007 1879 1152 1946 Maximo
1181 1903 1248 1946 non
1271 1881 1429 1968 ambigua

199 1989 350 2078 exempla
380 1989 614 2055 demonstrant.
666 1987 717 2056 Ex
747 1990 817 2052 eius
848 2009 990 2076 namque
1018 1987 1100 2054 libro
1130 1990 1170 2054 de
1197 1989 1282 2054 bello
1311 1987 1427 2077 Iugur

198 2099 289 2164 thino
316 2099 387 2164 sine
411 2093 513 2162 dubio¹
532 2100 633 2186 petita
657 2107 706 2161 est
718 2097 862 2161 narratio
875 2097 915 2161 de
927 2095 1161 2163 Philaenorum
1184 2119 1266 2186 erga
1287 2098 1428 2183 patriam

199 2227 323 2282 amore,
348 2228 422 2294 quo,
445 2217 481 2268 ut
502 2204 703 2292 prolatarent
726 2203 842 2268 Punici
865 2205 993 2290 imperii
1016 2205 1116 2280 fines,
1141 2228 1162 2269 a
1185 2204 1426 2290 Cyrenensibus

198 2316 293 2380 uiuos
319 2334 356 2377 se
380 2309 473 2378 obrui
495 2313 590 2399 passi
614 2323 698 2378 sunt.
745 2312 809 2392 (Of.
832 2309 909 2376 Val.
933 2310 975 2386 V,
1006 2313 1037 2385 6,
1061 2313 1082 2377 4
1106 2322 1137 2374 et
1160 2309 1240 2376 Sall.
1263 2309 1335 2397 Ing.
1361 2310 1427 2390 79).

199 2421 307 2509 Atque
339 2421 472 2486 omnino
507 2421 541 2485 in
580 2420 678 2486 rebus
716 2419 759 2483 ad
792 2416 1018 2506 Iugurthinum
1051 2418 1171 2485 bellum
1206 2417 1427 2503 spectantibus

197 2527 286 2594 hunc
300 2525 447 2592 Sallustii
462 2527 579 2592 librum
596 2527 788 2613 primarium
808 2527 931 2590 fontem
946 2525 1103 2591 habuisse
1122 2527 1259 2593 uidetur.
1306 2526 1355 2593 cf.
1373 2526 1429 2603 III,

201 2638 232 2712 7,
255 2637 287 2711 2,
310 2633 366 2699 ubi
390 2633 431 2699 de
451 2633 626 2722 disciplina
647 2633 778 2699 militari
803 2631 877 2715 aQ.
890 2631 1019 2699 Metello
1041 2635 1189 2700 restituta
1212 2636 1329 2724 agitur,
1354 2657 1429 2701 cum

200 2742 282 2808 Sall.
297 2736 377 2829 lug.
401 2741 454 2817 44,
478 2740 532 2807 45.
577 2740 659 2807 Item
682 2764 722 2806 ex
738 2742 808 2805 eius
823 2741 1013 2807 Catilinario
1036 2741 1121 2808 bello
1146 2747 1188 2824 (c.
1213 2744 1269 2827 39)
1294 2743 1427 2810 fluxisse

199 2862 277 2939 puto
301 2869 386 2937 quae
409 2846 452 2925 V,
476 2851 508 2924 8,
532 2849 551 2915 5
573 2848 725 2937 leguntur
749 2850 789 2913 de
813 2847 853 2913 A.
878 2847 1009 2924 Fuluio,
1040 2871 1136 2936 quem
1166 2861 1258 2937 pater
1279 2853 1315 2917 in
1339 2853 1427 2918 Gati-

196 2958 285 3025 Iinae
310 2968 422 3022 castra
444 2956 639 3021 contendere
663 2967 816 3021 conatum
845 2976 886 3020 ex
912 2957 1026 3021 itinere
1049 2958 1181 3022 retraxit
1209 2970 1239 3023 ct
1267 2962 1426 3048 supplicio
1488 2972 1494 2982 '

200 3066 323 3132 affecit.
371 3064 420 3129 cf.
443 3076 613 3150 praeterea
624 3062 700 3130 Val.
712 3062 770 3137 IX,
797 3063 825 3139 l,
851 3064 921 3129 eet
932 3062 1012 3128 Sall.
1027 3064 1097 3129 Cat.
1112 3064 1163 3130 15.
1208 3063 1428 3137 Historiarum

199 3171 379 3261 deperditis
402 3168 620 3237 uoluminibus
645 3192 741 3237 usum
765 3191 840 3236 esse
863 3168 1033 3235 Valerium
1059 3175 1253 3259 praeserfrm
1275 3177 1310 3241 in
1332 3198 1427 3244 enar·

197 3280 314 3346 randis
338 3278 436 3344 rebus
461 3278 504 3344 ad
518 3278 637 3344 bellum
662 3300 736 3344 cum
749 3279 895 3344 Sertorio
919 3288 1048 3367 gestum
1071 3282 1315 3365 pertinentibus,
1340 3283 1429 3373 quod

198 3388 381 3476 praecipua
411 3408 490 3451 cura
523 3386 642 3451 diserte
679 3398 775 3475 atque
811 3387 945 3472 copiose
976 3406 997 3449 a
1025 3385 1181 3452 Sallustio
1210 3393 1428 3478 compositum

198 3508 278 3572 crat,
301 3506 337 3560 ut
361 3504 447 3559 certe
471 3505 599 3560 constat
615 3494 656 3559 de
671 3492 848 3568 nonnullis,
875 3493 1069 3581 quibuscum
1092 3496 1279 3582 fragmenta
1301 3518 1341 3560 ex
1362 3494 1426 3562 hoc

198 3624 298 3689 opere
327 3600 425 3667 nobis
454 3612 587 3667 seruata
615 3601 713 3689 plane
745 3601 967 3675 consentiunt,
1004 3604 1093 3679 (nam
1129 3622 1213 3688 quae
1242 3603 1283 3667 de
1306 3603 1429 3671 Metelli

198 3710 328 3775 luxuria
350 3709 531 3775 referuntur
553 3706 611 3786 IX,
637 3712 672 3785 1,
697 3710 716 3775 5
741 3729 759 3771 e
783 3705 947 3782 secundo,
972 3726 1056 3794 quae
1078 3704 1159 3785 VII,
1183 3710 1220 3786 6,
1251 3724 1312 3778 ext.
1342 3712 1361 3779 3
1386 3712 1427 3779 de

200 3816 537 3905 Oallagnrritanorum
560 3817 688 3882 nefaria
710 3815 957 3904 perseuerantia
978 3816 1012 3879 in
1040 3816 1161 3882 tuenda
1181 3818 1261 3885 urbe
1285 3844 1306 3887 a
1328 3820 1426 3886 Pom·

199 3915 275 4011 p'eio
288 3924 429 3989 obsessa
449 3944 466 3985 e
485 3925 588 4000 tertio,
613 3920 697 4013 q'nae
709 3922 752 4000 V,
774 3924 806 3998 2,
831 3924 851 3989 9
875 3920 1108 3990 dehonoribus
1120 3922 1278 4014 Pompeio
1303 3929 1429 4016 aSylla

198 4030 352 4096 habitise
372 4034 483 4119 quinto
494 4029 707 4097 historiarum
726 4031 899 4116 desumpta
915 4052 990 4095 esse
1015 4038 1174 4118 apparet),
1198 4035 1244 4099 ita
1266 4036 1429 4121 probabili

199 4138 389 4203 coniectura
411 4138 452 4201 de
468 4138 543 4204 aliis
561 4138 734 4227 colligitur.
779 4138 911 4205 Etenim
921 4136 1034 4202 fabula
1047 4137 1087 4203 de
1107 4161 1207 4206 cerua
1218 4140 1304 4217 alba,
1329 4164 1429 4230 quam

198 4244 309 4309 iirarra
331 4244 575 4331 praedicentem
598 4268 711 4313 secum
733 4250 873 4314 traxisse
896 4249 997 4313 fertur
1019 4249 1184 4313 Sertorius
1211 4246 1248 4328 (I,
1272 4250 1304 4324 2,
1328 4250 1373 4333 4),
1398 4262 1430 4313 et

199 4352 346 4417 narratio
369 4350 411 4415 de
434 4354 528 4418 uafro
553 4354 699 4421 eiusdem
722 4353 866 4420 hominis
891 4356 1040 4432 consilio,
1065 4378 1129 4443 qno
1144 4354 1322 4421 Lusitanos
1347 4357 1429 4421 duo·

198 4478 272 4524 rum
295 4478 454 4547 equorum
478 4460 602 4527 caudas
626 4460 761 4529 alteram
773 4462 929 4550 paulatim
952 4484 1097 4550 carpere,
1121 4462 1257 4530 alteram
1279 4484 1344 4526 uno
1367 4460 1429 4527 im·

197 4578 276 4653 peta
298 4565 481 4633 conuellere
505 4568 616 4634 iussos
641 4570 684 4635 ad
707 4591 802 4637 suam
822 4572 1018 4638 sententiam
1035 4568 1231 4657 perduxerit,
1255 4581 1286 4632 et
1308 4568 1431 4635 similia

91 4744 92 4757 ,
200 4673 365 4763 quaedam
389 4674 529 4741 eandem
552 4677 714 4763 originem
737 4678 876 4766 prodere
897 4678 1058 4744 uidentur.

290 4780 367 4847 Gaii
389 4783 488 4851 etiam
504 4782 659 4849 Caesaris
684 4787 806 4873 scripta
829 4805 914 4874 quae
938 4787 1123 4853 etiamnunc
1140 4793 1317 4870 supersunt
1339 4783 1429 4859 adiit,

1195 4890 1217 4953 2
