3409 5400
636 496 720 568 LIB.
743 498 798 579 111,
822 498 859 569 0.
883 503 915 579 4,
938 511 969 581 ς.
993 504 1099 571 1-3.
1412 506 1479 577 277

254 658 341 747 quod
363 668 545 725 mercatore
569 664 726 749 genitum,
750 663 1020 740 erubescendum,
1048 663 1136 751 quod
1159 666 1256 732 etiam
1279 667 1372 732 exule
1399 666 1477 748 [De-

251 772 393 847 marato]
417 776 528 833 natum
544 780 647 854 patre.
695 771 844 835 Ceterum
869 782 935 837 tam
959 792 1154 857 prosperum
1170 772 1370 840 condicionis
1395 797 1476 842 suae

252 886 405 940 euentum
428 874 590 940 industria
613 899 675 943 sua
704 900 764 964 pro
787 879 954 943 inuidioso
984 879 1166 965 gloriosum
1193 878 1341 942 reddidit.
1385 880 1476 946 Dila-

251 982 330 1046 tauit
346 983 431 1047 enim
449 984 540 1057 linae,
565 984 686 1051 cultum
702 985 838 1049 deorum
859 986 955 1049 nouis
972 985 1166 1050 sacerdotiis
1184 986 1281 1059 auxit,
1305 1006 1476 1051 numerum

221 1112 236 1155 s
251 1098 385 1155 senatus
403 1089 625 1174 ampliticauit‚
649 1103 835 1178 equestrem
851 1092 1000 1156 ordinem
1014 1093 1198 1157 uberiorem
1214 1090 1353 1177 reliquit,
1375 1112 1475 1177 quae·

252 1216 314 1283 que
336 1194 470 1260 laudum
499 1198 569 1261 eius
601 1200 841 1264 consummatio
867 1210 931 1275 est,
960 1200 1139 1283 praeclaris
1167 1199 1339 1262 uirtutibus
1369 1198 1476 1262 effecit

249 1324 291 1368 nc
319 1302 402 1367 haec
432 1304 547 1367 ciuitas
577 1307 811 1389 paenitentiam
840 1317 970 1392 ageret,
1008 1305 1095 1392 quod
1127 1327 1242 1393 regem
1277 1325 1299 1369 a
1330 1306 1474 1373 finitimis

248 1412 357 1499 potius
380 1420 528 1474 mutuata
551 1422 639 1475 esset
662 1435 762 1499 quam
785 1413 825 1476 de
850 1413 920 1476 suis
942 1412 1089 1499 legisset.
1112 1496 1116 1501 ³

335 1515 373 1581 Iu
390 1514 492 1581 Tullio
516 1540 594 1581 uero
618 1520 749 1584 fortuna
761 1519 938 1604 praecipue
962 1518 1048 1582 uires
1066 1540 1146 1583 suas
1163 1519 1315 1593 ostendit,
1334 1540 1471 1586 uernam
1482 1514 1514 1585 3.

210 1624 324 1689 rohuic
347 1623 418 1688 urbi
440 1637 552 1690 natum
567 1648 681 1713 regem
705 1625 827 1690 dando.
874 1624 935 1688 Gui
951 1624 1083 1711 quidem
1100 1626 1284 1691 diutissime
1298 1628 1473 1715 imperium

248 1733 407 1807 obtinere,
432 1744 546 1819 quater
568 1734 707 1798 lustrum
736 1732 894 1807 condere,
923 1716 971 1796 ter
999 1731 1198 1818 triumphare
1228 1733 1373 1821 contigit.
1418 1734 1471 1799 Ad

250 1860 415 1905 summam
448 1850 558 1905 autern
602 1840 689 1905 unde
724 1841 925 1925 processerit
955 1850 1012 1902 aut
1040 1862 1104 1927 quo
1127 1844 1313 1927 peruenerit
1343 1851 1489 1907 statuae.

244 1947 350 2033 ipsius
374 1946 483 2011 titulus
508 1946 637 2013 abunde
660 1958 806 2024 testatur,
830 1947 943 2013 seruili
965 1950 1166 2036 cognomine
1187 1960 1218 2013 et
1240 1949 1335 2039 regia
1356 1948 1469 2039 appel-

243 2052 364 2121 latione
387 2052 560 2141 perplexis.

247 2268 270 2323 l.
290 2267 448 2335 mercatore]
474 2284 595 2321 mercare
614 2286 659 2339 pr.
677 2269 709 2324 Α.
733 2272 758 2322 tn
782 2272 841 2321 arta
860 2285 889 2321 re
908 2266 973 2321 Dl’.
998 2266 1061 2321 add.
1084 2270 1229 2321 Demarato
1255 2267 1331 2321 Torr.
1348 2268 1362 2337 l]
1379 2271 1468 2322 extule

239 2355 284 2411 pr.
303 2338 335 2395 A.
348 2340 361 2407 ΙΙ
374 2342 511 2392 demorato
529 2337 684 2395 Ascua.
709 2342 865 2393 demoratbo
889 2338 921 2394 Γ.
944 2356 994 2392 om.
1012 2339 1037 2393 t.
1056 2338 1072 2393 l.
1094 2337 1171 2392 Torr.
1188 2339 1202 2407 Η
1218 2336 1243 2392 2.
1267 2342 1358 2389 natum
1377 2340 1465 2407 patre]

243 2428 293 2465 om.
314 2411 389 2463 Tarr.
408 2414 594 2476 patronatum
617 2411 674 2481 a]
690 2408 716 2463 ³.
741 2414 836 2464 euentu
861 2426 930 2465 corr.
954 2410 986 2463 A.
1004 2410 1017 2478 ΙΙ
1034 2412 1166 2461 industria
1189 2409 1251 2475 sua]
1276 2411 1467 2461 industriosum

242 2479 397 2536 ABCDE.
410 2482 423 2551 Η
434 2498 482 2547 pro
501 2482 615 2533 indiuisa
637 2480 658 2535 C
675 2488 700 2535 et
713 2499 758 2551 pr.
776 2481 808 2534 A.
827 2500 875 2547 pro
895 2485 982 2533 inuisa
1001 2487 1029 2533 et
1045 2499 1094 2545 pro
1112 2483 1245 2531 inuidioso
1263 2478 1296 2531 E.
1309 2480 1322 2549 Η
1336 2476 1362 2533 4.
1381 2481 1465 2547 enim]

243 2552 306 2606 add.
319 2556 351 2605 ll'
364 2555 429 2619 ppt'i
443 2551 478 2605 E.
498 2555 600 2619 imperii
615 2550 678 2607 add.
695 2553 771 2607 Tarr.
784 2552 797 2620 l]
809 2555 871 2603 noui
881 2556 1016 2604 sacerdoti
1027 2550 1081 2604 BC
1096 2557 1124 2603 et
1137 2567 1180 2620 pr.
1190 2550 1222 2604 A.
1239 2552 1303 2601 noui
1321 2554 1466 2603 sacerdotii

244 2628 378 2677 creatione
396 2623 430 2677 E.
444 2624 457 2693 Η
469 2627 543 2675 auxit
560 2640 697 2677 numerum
722 2629 833 2677 senatus
857 2640 907 2675 om.
929 2623 965 2678 Ε.
978 2623 993 2691 ΙΙ
1004 2620 1029 2676 5.
1053 2626 1175 2690 quodque
1200 2622 1228 2673 ia
1250 2637 1348 2674 rasura
1373 2620 1402 2675 C.
1414 2618 1465 2691 118.

241 2701 344 2750 mutata
357 2713 403 2766 pr.
421 2694 456 2750 Ε.
469 2692 518 2764 119.
538 2699 563 2764 s.
583 2692 608 2751 3.
627 2713 676 2750 om.
695 2695 721 2749 Γ
720 2737 726 2750 .
742 2697 753 2763 ΙΙ
768 2699 796 2748 tn
815 2696 903 2748 'l'ullio
923 2696 998 2764 uero]
1019 2699 1049 2749 ln
1066 2696 1140 2747 tullio
1154 2711 1218 2746 uero
1237 2696 1326 2747 seruio
1344 2709 1413 2748 carr.
1426 2692 1463 2748 D.

240 2771 266 2820 in
290 2772 354 2822 tutto
377 2784 443 2820 uero
464 2765 500 2823 Ε.
524 2771 552 2821 ln
576 2769 669 2820 Seruio
693 2771 783 2820 autem
801 2767 887 2818 Tullio
908 2766 985 2821 Torr.
1008 2768 1021 2836 ΙΙ
1047 2764 1087 2821 il.
1106 2767 1177 2819 lust⁰
1195 2765 1227 2818 B.
1242 2766 1254 2831 ΙΙ
1275 2769 1390 2818 condere
1407 2767 1460 2840 ter]

241 2837 447 2968 11111110ιὸ1υῶ4
462 2837 475 2913 ΙΙ
491 2838 532 2896 12.
543 2841 643 2908 autem]
664 2838 774 2894 autBG
791 2843 817 2890 et
833 2837 926 2890 ultima
937 2838 1027 2894 littera
1039 2838 1067 2892 iu
1082 2833 1299 2912 rattrud-1114.
1316 2840 1462 2908 perplexus

240 2927 310 2968 carr.
350 2947 360 2969 0
405 2927 459 2968 arr.

745 3001 959 3016 m

241 3109 400 3174 epessimis
425 3111 583 3175 quibusdam
607 3110 682 3160 libris
704 3112 743 3162 ita
766 3110 949 3168 mutilauerat,
975 3106 1102 3174 adenem,
1126 3105 1197 3176 quod
1216 3112 1301 3160 ortum
1321 3108 1463 3169 Cunetio:

232 3175 438 3248 fastidiendam,
459 3174 529 3248 quod
540 3186 685 3232 mercatore
696 3179 843 3234 Demarato
854 3179 986 3248 petritum,-
1004 3177 1204 3231 erubescendam
1213 3177 1370 3246 quodetiam
1379 3179 1461 3235 ceule.

312 3249 479 3318 [Demarato]
499 3257 588 3302 natam
601 3257 691 3319 patre)
709 3254 879 3304 Incommode
896 3255 949 3303 hoc
968 3252 1073 3301 demum
1093 3250 1151 3300 luco
1165 3251 1251 3313 patris
1262 3265 1360 3301 nornen
1378 3268 1461 3315 appo·

239 3323 318 3378 nitur,
337 3337 396 3370 cum
415 3323 473 3385 ipsc
492 3324 573 3387 paulu
593 3327 654 3374 unte
672 3325 725 3374 iam
750 3325 973 3376 commemoratus
997 3323 1040 3373 sit.
1082 3321 1138 3371 Nec
1162 3322 1269 3371 omnino
1292 3323 1341 3371 utri
1364 3337 1462 3373 nomen

240 3393 413 3444 desideratur.
433 3394 508 3443 cuius
521 3395 700 3444 condicionem
714 3399 815 3446 tuntum
831 3397 958 3446 intererat
975 3407 1067 3444 nosse.
1102 3391 1245 3442 Assentior
1256 3392 1336 3458 igitur
1347 3394 1461 3455 Kappia.

239 3465 283 3529 qui
295 3461 431 3512 Demarati
449 3464 671 3531 significationem
691 3481 708 3514 a
720 3469 797 3516 docto
811 3469 927 3531 quodam
945 3465 1053 3515 librario
1072 3463 1203 3513 adiectam
1222 3464 1250 3511 et
1266 3463 1304 3511 ita
1321 3463 1348 3512 tn
1363 3464 1463 3514 Valerii

238 3536 323 3584 uerba
341 3534 471 3584 intrusam
490 3549 553 3584 esse
572 3537 738 3599 opinabatur.
775 3537 829 3587 Sed
847 3539 901 3588 tam
911 3536 1066 3590 Perizonius
1085 3549 1101 3586 e
1120 3534 1211 3584 codice
1229 3547 1280 3583 suo
1299 3533 1382 3586 deleri
1400 3549 1460 3585 eam

140 3661 144 3668 ,
238 3606 368 3656 uoluerat.

309 3671 442 3727 industria
459 3682 518 3738 sua)
538 3677 641 3729 lixlmie
660 3679 697 3730 ita
716 3681 857 3745 archetypi
875 3680 1000 3729 mendum
1018 3678 1134 3729 correxit
1152 3677 1323 3727 abbreuiator
1342 3676 1461 3727 Guelfer-

237 3749 355 3814 bytanus
374 3749 432 3798 siue
452 3749 537 3817 Pighii
557 3751 642 3800 codex
652 3751 829 3808 Cotronianus,
849 3765 929 3812 quem
947 3751 1041 3800 merito
1060 3751 1169 3799 secutus
1187 3749 1230 3798 est
1248 3749 1380 3806 Vorstius,
1399 3764 1460 3812 pru·

238 3822 363 3870 bentibus
381 3820 520 3872 Perizonio
539 3823 566 3870 et
584 3821 720 3872 'lomenia
757 3823 806 3872 llic
825 3823 931 3884 quidem
950 3824 1021 3872 reete
1040 3821 1164 3885 esposuit
1181 3820 1313 3871 industria
1324 3819 1461 3886 Tarquinii

239 3893 362 3943 cti'cctum
381 3906 445 3942 esse
463 3895 499 3950 ut.
518 3896 661 3958 postquam
680 3893 786 3944 fortuna
804 3895 836 3943 ad
856 3908 971 3960 regnum
989 3908 1049 3944 eum
1072 3892 1254 3955 prouenisset,
1277 3905 1392 3957 prosper
1413 3892 1460 3943 illc

238 3963 399 4012 condicionis
418 3967 538 4022 euentus,
558 3966 602 4030 qut
619 3965 647 4015 in
665 3965 726 4014 aliis
744 3965 893 4015 inuidiaeue
906 3978 970 4014 esse
987 3966 1095 4020 soleret,
1114 3964 1141 4013 in
1158 3965 1210 4014 hoc
1222 3964 1298 4015 fleret
1313 3964 1458 4033 gloriosus.

238 4033 343 4084 Laudat
361 4037 451 4086 aretem
469 4037 539 4084 hanc
558 4035 693 4098 'tarquinii
712 4035 869 4086 industriam
888 4035 983 4086 Florus
1002 4036 1023 4093 1,
1042 4032 1068 4093 5,
1090 4032 1112 4086 l.

307 4099 332 4154 ³.
352 4106 391 4156 cl.
410 4106 468 4155 Liu.
488 4101 568 4164 l‚39.
587 4107 643 4165 1111,
663 4101 689 4156 3.
712 4108 788 4159 Dion.
808 4107 868 4158 llul.
887 4107 944 4165 1111,
966 4104 988 4158 l.
1012 4107 1083 4158 nor.
1097 4106 1117 4163 1,
1137 4101 1162 4156 tt.
1185 4105 1260 4158 Anat.
1275 4109 1368 4160 denir.
1381 4109 1418 4158 ill.
1432 4103 1457 4157 7.

326 4175 449 4243 erplecis)
469 4178 605 4228 lidebatur
616 4178 700 4246 uulgo
708 4177 860 4253 perplacet.
887 4167 941 4228 Sed
954 4179 1053 4228 rectum
1072 4179 1135 4242 puto
1153 4180 1225 4240 quod
1243 4180 1302 4228 libri
1321 4181 1456 4238 exhibent,

233 4191 375 4314 perpldeis.
419 4249 528 4298 Videtur
551 4250 620 4299 enim
644 4251 736 4299 auctor
759 4251 811 4299 huc
834 4251 1001 4314 participium
1024 4250 1151 4314 primaria
1173 4266 1205 4300 ac
1223 4250 1332 4314 propria
1349 4251 1456 4300 notione

236 4320 362 4382 posuisse
380 4336 429 4382 pro
448 4334 481 4368 eo
500 4322 568 4384 qnod
589 4335 727 4380 conexum,
747 4321 916 4371 conuolutum
935 4324 962 4372 et
978 4321 1016 4370 ita
1034 4321 1191 4385 permixtum
1211 4323 1261 4370 cst.
1288 4321 1327 4368 Ct'.
1347 4321 1413 4371 Ptin.
1428 4323 1455 4370 h.

235 4403 261 4439 u.
281 4389 327 4448 IX,
349 4385 375 4448 2,
403 4387 425 4448 l,
451 4388 528 4440 etiam
551 4389 712 4459 monstrifica
733 4391 903 4460 reperiuntur
919 4390 1056 4460 perpleoeia
1079 4396 1104 4443 et
1125 4390 1154 4441 iu
1176 4396 1257 4441 semet
1278 4388 1356 4440 aliter
1380 4395 1456 4458 atque

236 4457 314 4510 aliter
336 4473 404 4510 uano
417 4458 504 4525 ⁸liutet.
528 4476 596 4512 aare
609 4462 697 4529 fluctu
721 4462 865 4514 connotatis
881 4461 1022 4515 seminibus
1044 4467 1120 4530 atquc
1138 4459 1290 4528 principiis.
1324 4462 1402 4513 Auci.
1421 4464 1455 4513 dc

235 4546 328 4595 preca.
346 4528 372 4582 2.
408 4531 492 4582 Erant
509 4535 597 4584 autem
616 4535 642 4584 in
662 4536 767 4586 statuae
785 4535 856 4585 illius
874 4536 958 4592 titulo,
978 4533 1051 4587 81111.
1066 4533 1216 4584 TVLLIVS
1235 4533 1315 4591 REX,
1335 4547 1455 4585 conexae

236 4603 262 4652 et
280 4603 428 4666 permixtae
449 4605 554 4653 seruilis
578 4607 722 4669 appellatio
740 4608 766 4656 in
785 4609 957 4671 praenomine
976 4605 1078 4662 Seruio,
1103 4603 1187 4671 (quod
1210 4620 1304 4668 parum
1329 4606 1454 4657 accurate

235 4689 385 4743 cognomen
404 4674 480 4732 dixit3
500 4677 532 4728 et.
552 4677 642 4727 tamen
658 4677 734 4731 Dion.
753 4678 772 4729 l.
790 4681 825 4740 c.)
844 4677 930 4729 Seruii
947 4679 1017 4728 enim
1037 4677 1098 4726 dicti
1114 4675 1291 4728 credebantur
1307 4677 1351 4745 qui
1368 4679 1454 4730 matre

235 4747 370 4798 saeuiente
387 4747 470 4816 geniti
488 4749 572 4810 erant,
591 4751 618 4800 et
635 4750 727 4818 regiae
746 4751 884 4821 diguitatis
900 4744 1070 4820 significatio.
