3409 5400
527 570 689 649 r.113.1x‚
712 571 749 637 G.
775 571 827 650 11,
850 579 882 650 ς.
906 573 1024 638 1-3.
1320 575 1383 641 715

146 733 185 796 id
215 733 297 796 duci
321 730 505 797 uehiculum
529 733 643 808 iussit,
672 755 735 819 quo
760 732 897 798 celerius
920 734 954 796 in
983 730 1140 817 conplexu
1169 735 1385 803 interfectoris

148 841 250 914 ciue,
281 837 448 924 Tarquinii
479 840 609 906 ueniret.
664 837 739 919 Qua
756 847 820 902 tam
843 838 945 924 impia
960 847 1091 923 tamque
1112 837 1275 922 probrosa
1296 840 1385 906 festi·

149 945 298 1008 natione
323 965 389 1008 non
413 944 519 1008 selum
543 963 580 1010 ee
605 955 737 1009 aeterua
759 945 910 1018 infamia,
942 944 1001 1008 scd
1026 946 1123 1008 ctiam
1145 944 1254 1028 ipsum
1278 947 1386 1012 uicum

149 1051 362 1136 cognomine
386 1049 520 1114 sceleris
544 1049 793 1114 conmaculauit.

118 1173 134 1214 e
253 1155 329 1219 Non
359 1168 424 1220 tam
457 1167 549 1225 atrox
579 1155 614 1222 G.
640 1155 801 1221 Fimbriae
829 1167 881 1220 est
906 1157 1028 1222 factum
1052 1167 1085 1220 et
1106 1156 1244 1232 dicium,
1272 1156 1332 1221 sed
1356 1157 1427 1228 siu.

152 1285 218 1350 per·
245 1285 284 1327 se
309 1263 506 1338 aestimetur,
531 1273 701 1349 utrumque
726 1263 992 1329 audacissimum.
1039 1262 1076 1327 ld
1099 1274 1213 1351 egerat
1237 1264 1386 1329 utScae·

153 1368 240 1432 uola
263 1369 298 1433 in
322 1370 435 1433 sunere
452 1369 489 1433 0.
505 1367 601 1432 Marii
623 1368 836 1456 iugularetur.
883 1371 989 1450 Quem
1006 1381 1180 1456 postquam
1195 1393 1237 1434 ex
1253 1369 1386 1436 uulnere

154 1488 346 1540 recreatum
370 1476 532 1564 conperit,
562 1495 719 1540 accusare
748 1474 837 1562 apud
868 1474 1023 1561 populum
1050 1476 1196 1544 instituit.
1245 1476 1386 1543 Interro-

155 1593 261 1668 gatus
287 1580 405 1646 deinde
430 1577 572 1670 quidde
596 1603 635 1646 eo
656 1603 754 1646 secus
774 1580 919 1646 dicturus
943 1593 1042 1657 esset,
1065 1583 1117 1650 eui
1132 1605 1192 1669 pro
1215 1584 1386 1648 sanctitate

117 1711 291 1758 tomorum
317 1689 398 1756 satis
423 1689 525 1776 digua
547 1687 693 1754 laudatio
717 1689 810 1754 reddi
832 1709 900 1752 non
922 1706 1052 1776 posset,
1079 1689 1251 1775 respondit
1278 1689 1386 1754 obiec-

158 1807 270 1858 turum
295 1816 332 1859 se
354 1793 399 1860 illi
423 1793 510 1881 qued
533 1795 665 1880 parcius
689 1816 827 1882 corpore
851 1792 950 1859 telum
971 1797 1160 1886 recepisset.
1205 1794 1385 1860 Licentiam

156 1901 283 1966 furoris
308 1921 429 1987 aegrae
453 1899 673 1986 reipublicae
697 1903 820 1989 gemitu
843 1901 1121 1989 prosequendam!

253 2005 375 2074 Lucius
399 2027 478 2069 uero
503 2005 642 2071 Catilina
669 2010 703 2072 iu
734 2021 851 2073 senatu
880 2008 924 2075 Μ.
951 2009 1108 2075 Cicerone
1133 2009 1319 2073 incendium
1345 2008 1387 2072 ab
1396 2019 1427 2084 3,

158 2115 236 2198 ipso
262 2113 434 2180 excitatum
459 2109 585 2176 dicente
610 2112 754 2190 ‘Sourion
777 2115 893 2202 inquit,
916 2123 958 2178 ‘et
981 2115 1113 2201 quidem
1133 2115 1224 2190 illud,
1248 2117 1276 2180 si
1298 2137 1388 2201 aqua

122 2242 229 2286 rsnon
254 2231 400 2306 potuero,
428 2219 524 2283 ruina
547 2219 753 2306 extinguam'.
806 2218 912 2299 Quem
941 2221 1019 2308 quid
1048 2221 1136 2285 aliud
1164 2222 1386 2286 existimemus

107 2399 108 2402 Ἴ
161 2349 263 2413 quam
289 2325 509 2392 conscientiae
534 2323 672 2390 stimulis
696 2338 804 2392 aetum
829 2331 876 2407 [a]
900 2347 937 2392 se
959 2326 1105 2392 inchoati
1127 2327 1294 2412 parricidii
1313 2347 1385 2412 per·

161 2431 300 2521 egisse?
1237 2445 1241 2457 '

164 2593 188 2646 1.
211 2593 362 2643 uehiculum
376 2593 435 2642 duci
451 2589 527 2644 Terr.
539 2590 553 2659 ΙΙ
565 2594 731 2658 complexum
750 2589 894 2645 DBTerr.
906 2589 920 2658 ΙΙ
931 2589 957 2645 a.
976 2595 1063 2658 ipsum
1076 2593 1155 2644 etiam
1171 2589 1247 2644 Terr.
1261 2589 1274 2660 11
1289 2592 1385 2643 aicium

163 2661 200 2717 D.
214 2659 264 2732 115.
285 2664 343 2714 Non
362 2689 396 2701 --
416 2659 465 2725 (ti.)
484 2664 589 2731 egerat]
615 2663 690 2715 Vade
714 2666 802 2714 autem
821 2665 910 2729 potius
933 2679 1011 2731 qaam
1036 2681 1053 2714 a
1072 2679 1094 2717 c.
1112 2663 1217 2715 fimbria
1235 2666 1323 2715 ordiar
1342 2664 1385 2729 qul

166 2752 225 2785 cum
246 2738 269 2785 id
290 2738 394 2803 egisset
412 2732 442 2785 Γ.
455 2735 468 2801 ΙΙ
480 2736 537 2785 Noa
557 2748 605 2786 om.
624 2732 652 2786 0.
664 2734 678 2801 ΙΙ
690 2736 777 2802 atrox]
798 2732 860 2786 add.
879 2738 922 2785 est
942 2733 1017 2788 Torr.
1030 2734 1117 2803 used}
1136 2739 1163 2786 et
1177 2732 1205 2790 0.
1220 2735 1233 2802 ΙΙ
1246 2731 1272 2785 11.
1291 2736 1385 2785 seuoia

161 2820 206 2873 pr.
224 2806 255 2857 A.
275 2805 385 2856 sceuola
404 2818 473 2856 corr.
491 2804 522 2858 A.
534 2804 548 2869 ΙΙ
560 2804 584 2857 i.
604 2808 688 2866 Quem
707 2821 755 2859 οιιι.
774 2803 805 2857 Γ.
818 2804 831 2870 ΙΙ
843 2804 869 2858 8.
888 2808 1005 2857 creatum
1018 2822 1064 2873 pr.
1082 2805 1112 2858 A.
1125 2808 1139 2875 11
1151 2807 1234 2871 apud}
1252 2806 1285 2855 ad
1308 2802 1384 2857 Torr.

176 2874 230 2945 1111.
250 2879 309 2938 qaid
331 2879 364 2926 de
383 2874 427 2939 eol
454 2872 515 2926 add.
535 2879 563 2927 C.
583 2877 613 2929 Τ.
639 2880 707 2943 quod
728 2878 752 2927 ei
775 2879 875 2927 crimea
899 2878 1051 2928 obiecturus
1073 2882 1148 2928 esset
1165 2891 1254 2943 narpe
1272 2872 1384 2941 Anio.

166 2950 264 2998 luridati
279 2961 323 3014 pr.
343 2944 374 2999 A.
390 2944 402 3015 [1
421 2942 460 2998 11.
479 2960 511 2997 se
529 2949 691 2998 obiecturum
713 2946 789 3000 Torr.
805 2947 816 3015 ΙΙ
832 2948 978 2998 Licentiam
1000 2951 1266 3013 —prosequendam
1286 2960 1335 2998 ent.
1354 2940 1384 3000 Γ.

176 3020 189 3086 ΙΙ
205 3015 241 3069 li
261 3032 344 3085 aegre
362 3015 393 3069 A.
414 3014 426 3085 11
450 3014 488 3069 it.
509 3018 626 3069 catillinn
640 3032 684 3085 pr.
702 3016 734 3071 A.
750 3018 764 3087 ΙΙ
781 3021 904 3071 senatum
917 3031 963 3086 pr.
983 3016 1014 3071 A.
1030 3018 1046 3086 Π
1062 3014 1184 3070 ciceron&
1195 3032 1239 3087 pr.
1258 3017 1289 3070 A.
1309 3014 1323 3085 ΙΙ
1344 3013 1385 3069 11.

166 3092 268 3155 quidem
287 3104 336 3141 em.
355 3102 424 3141 cerr.
443 3086 555 3155 «11115.
573 3092 666 3155 potero
685 3086 716 3140 Γ.
728 3087 741 3156 ΙΙ
754 3088 921 3157 [extinguam
940 3116 974 3127 -
993 3090 1066 3155 quiid
1085 3087 1116 3142 A.
1134 3090 1149 3157 ΙΙ
1164 3094 1248 3151 Quem
1269 3090 1331 3151 qaid
1350 3113 1385 3125 -··

166 3158 232 3223 (iti.)
250 3162 391 3227 peregisse
409 3174 458 3210 cnr.
478 3158 508 3211 Γ.
522 3160 535 3225 ΙΙ
549 3164 632 3221 Quem
652 3159 725 3226 quid]
744 3176 815 3223 quae
834 3162 939 3223 quidem
961 3158 990 3213 0.
1001 3158 1016 3225 ΙΙ
1031 3158 1069 3213 id.
1090 3160 1181 3227 [quam
1194 3188 1229 3198 -
1241 3160 1342 3226 actu]m
1351 3156 1385 3213 A.

178 3233 191 3295 ΙΙ
202 3227 299 3296 aetram]
320 3227 382 3279 add.
395 3231 564 3281 simulacrum
578 3228 605 3281 Ε
613 3228 690 3282 Torr.
705 3229 717 3299 ΙΙ
732 3232 758 3295 a]
768 3230 826 3283 riae
836 3230 913 3283 ιιιιοίσ
925 3228 1001 3282 Terr.
1013 3232 1029 3299 11
1038 3230 1168 3299 1η[ο1ιοιι11
1176 3260 1211 3270 -
1222 3232 1264 3298 (p.
1273 3229 1336 3290 itti.
1348 3227 1385 3295 1.]

168 3299 379 3364 Consterlnatum
397 3298 428 3351 A.
441 3300 455 3367 ΙΙ
467 3302 616 3349 inchoatum
636 3302 805 3363 parricidium
824 3299 946 3369 DKepp.

237 3440 263 3491 ιἰι
281 3438 562 3509 conplere-aesini)
581 3441 697 3491 Pur-uam
715 3441 839 3491 lineolam
853 3442 956 3493 litterae
966 3459 984 3493 ιι
995 3442 1203 3507 superscriptam
1218 3445 1264 3491 aut
1277 3441 1383 3491 dualem

170 3516 277 3564 litteram
297 3528 321 3561 aa
342 3514 465 3563 iaciiiime
485 3514 509 3561 in
529 3512 664 3561 codicibus
684 3512 807 3561 excidere
823 3514 953 3575 potuisse.
974 3512 1129 3577 praesertim
1149 3512 1212 3562 ante
1230 3510 1268 3564 is.
1288 3512 1385 3577 quihus

171 3584 258 3635 lateris
277 3598 403 3647 saepem
422 3585 588 3639 absorbetur,
608 3596 661 3631 non
680 3582 844 3650 negauerim.
882 3584 979 3635 Nescio
993 3587 1082 3633 tamen
1101 3596 1136 3630 an
1155 3583 1214 3632 ideo
1233 3596 1287 3632 uon
1306 3584 1385 3632 liccat

171 3659 203 3705 ah
221 3654 357 3717 archetypi
376 3656 508 3717 scriptura
532 3654 685 3712 discedere.
715 3668 783 3718 quae
807 3654 886 3704 simili
910 3668 1022 3720 prorsus
1045 3652 1177 3703 locutione
1196 3651 1224 3702 ιἰι
1247 3657 1385 3719 conspecta

170 3724 254 3775 uenire
272 3728 340 3774 satis
360 3738 493 3791 superque
511 3725 667 3787 defenditur.
705 3726 743 3776 ei.
763 3724 835 3781 viii.
856 3722 886 3783 1,
905 3728 958 3776 ext.
979 3720 1020 3778 tt.
1060 3724 1161 3787 Estque
1180 3723 1231 3774 hoc
1250 3724 1384 3786 peculiare

173 3798 264 3847 Valerii
283 3798 385 3847 dicendi
403 3809 504 3864 genus,
529 3812 581 3861 que
599 3810 684 3861 saepe
703 3796 928 3861 praepositionem
946 3794 975 3845 ιἰι
993 3795 1063 3859 apud
1083 3795 1166 3843 uerba
1184 3797 1283 3844 motum
1303 3795 1384 3845 conti·

172 3868 255 3917 nentia
273 3868 297 3917 in
317 3869 484 3934 designando
504 3868 555 3916 flne
575 3870 661 3916 motus
680 3882 740 3917 cum
759 3868 892 3923 ablatiao,
917 3880 970 3917 non
988 3882 1047 3916 cum
1067 3866 1222 3915 aecusaiiuo
1241 3866 1382 3918 coniunxit.

174 3940 233 3988 Vide
251 3952 319 4002 quae
338 3938 462 4003 exempla
480 3938 667 4005 congessimus
686 3940 720 3988 ad
741 3938 772 3998 V,
791 3934 816 3997 1,
835 3940 888 3989 eat.
907 3932 934 3989 d.

237 4004 261 4059 2.
281 4009 320 4060 Cf.
338 4009 390 4058 Cle.
409 4025 457 4073 pre
476 4010 538 4060 Sex.
559 4008 637 4059 Ruso.
658 4004 699 4065 12.
718 4004 760 4060 33.
836 4010 843 4023 ’

235 4076 372 4143 Scaeuola)
397 4084 428 4141 Q.
449 4080 563 4129 hiarium
588 4079 728 4147 intellege,
754 4080 890 4129 consulem
911 4094 935 4131 a.
956 4093 980 4130 u.
1000 4094 1022 4130 e.
1041 4072 1094 4129 6511
1113 4080 1140 4128 et
1158 4080 1308 4143 poniificem
1327 4094 1383 4129 ma·

172 4166 270 4201 ximurn.
1208 4166 1215 4175 .

235 4216 259 4273 3.
278 4223 313 4270 Cf
335 4220 399 4272 sati.
419 4222 474 4273 eat
493 4216 536 4273 31.
562 4222 629 4273 l'lor.
649 4221 704 4277 1111,
729 4217 752 4279 1,
771 4218 797 4273 i.
824 4220 973 4272 Secundum
993 4221 1045 4272 cie.
1064 4234 1113 4284 pro
1132 4221 1198 4273 Mur.
1217 4216 1261 4279 25.
1280 4216 1311 4272 51
1334 4222 1384 4269 Ca·

173 4294 220 4341 toni
238 4294 287 4341 hoe
305 4306 463 4355 responsum
484 4293 555 4341 dedit
573 4292 693 4343 Catilina.

237 4362 274 4429 [a]
293 4377 321 4412 ae
339 4360 456 4413 inchoati
469 4358 617 4428 parricidii
631 4358 774 4429 parrpisre)
793 4362 905 4413 Etiamsi
916 4362 1048 4413 Dauieiini
1063 4362 1122 4413 libri
1140 4364 1272 4427 scriptura
1284 4376 1384 4427 magna

175 4448 205 4483 ex
222 4438 293 4497 parte
313 4434 364 4483 hec
383 4433 441 4483 ioco
461 4436 511 4482 situ
526 4434 614 4483 deleta
634 4434 689 4500 legi
707 4434 806 4497 nequit.
825 4434 931 4484 dubium
947 4436 1037 4484 tamen
1049 4448 1101 4483 non
1115 4438 1157 4483 est
1170 4435 1231 4499 quin
1244 4434 1383 4497 archetypi

175 4506 263 4553 codicis
286 4505 464 4553 testimonium
490 4504 568 4553 tacut
592 4506 661 4568 quod
685 4517 735 4553 nos
759 4517 841 4567 supra
864 4506 1041 4555 exhibuimus.
1088 4504 1108 4552 A
1134 4520 1187 4566 quo
1212 4504 1299 4566 inepte
1323 4518 1382 4553 cum

175 4577 279 4625 maxime
303 4576 485 4624 discesserunt
514 4574 557 4641 qai
585 4589 645 4623 cum
674 4574 847 4623 deterioribus
873 4577 1030 4640 quibusdum
1058 4574 1146 4631 libris.
1170 4572 1251 4629 ardo.
1277 4574 1382 4624 Vorsiio

175 4648 328 4709 postratum
347 4647 537 4710 interpolantes
556 4642 733 4698 anchoras.
753 4647 957 4709 interpretentur
975 4646 1115 4695 Catilinam
1133 4645 1303 4693 simulacrum
1322 4658 1381 4708 per·

175 4719 256 4783 egisse
276 4718 391 4767 inchoati
416 4718 555 4780 parricidii.
597 4720 672 4777 Quae
696 4716 816 4783 equidem
839 4732 893 4767 non
918 4718 1005 4783 magis
1028 4713 1156 4783 intellego
1180 4728 1259 4779 quam
1284 4714 1381 4765 vorstii

176 4790 375 4852 explicationem,
394 4788 431 4839 ita
450 4788 595 4852 scripsisse
615 4786 758 4847 Valerium,
777 4786 846 4852 quod
865 4788 978 4837 catilina
995 4786 1109 4835 dixisset
1127 4788 1226 4836 sentire
1244 4798 1275 4836 se
1292 4786 1380 4839 ineca-
