3409 5400
302 466 368 533 4118
675 523 677 527 ,
757 455 816 521 nn
839 453 1072 523 PVDICITIA.

304 624 436 690 castrati
459 629 543 688 suut.
595 618 751 685 Gnaeum
776 620 874 683 etiarn
898 618 1031 682 Furium
1055 614 1241 681 Brocchum
1265 616 1321 702 qui
1345 609 1527 698 depreben-

304 733 397 797 derat
418 728 562 795 familiae
587 725 802 813 stuprandum
826 725 955 793 obiecit.
1003 724 1129 805 Quibus
1153 724 1221 787 irae
1245 744 1326 788 suae
1349 719 1527 786 indulsisse

302 839 409 905 fraudi
433 836 591 902 nonfuit.

168 944 240 1014 Itxt.
263 945 291 1011 l.
392 946 499 1033 Atque
523 951 558 1005 ut
580 942 769 1007 domesticis
794 952 928 1005 externa
950 939 1161 1014 subnectam.¹
1177 938 1305 1003 Graeca
1328 920 1450 1002 semina
1468 957 1525 997 no·

303 1056 389 1122 mine
412 1053 532 1139 Hippo,
556 1071 631 1113 cum
654 1047 799 1114 hostium
823 1049 932 1113 classe
957 1059 1047 1110 essct
1070 1057 1220 1132 excepta,
1244 1047 1276 1109 in
1301 1067 1391 1109 mare
1416 1066 1468 1116 se,
1492 1053 1545 1104 uta

303 1172 407 1228 morte
430 1158 618 1247 pudicitiam
641 1166 790 1231 tueretur,
815 1155 942 1221 abiecit.
990 1154 1090 1217 Cuius
1108 1175 1227 1239 corpus
1243 1151 1424 1239 Erythraeo
1440 1149 1524 1213 litori

304 1269 477 1357 adpulsum
505 1265 653 1352 proxima
681 1262 778 1327 undis
810 1261 931 1326 liumus
960 1260 1146 1347 sepulturae
1175 1259 1364 1323 mandatum
1396 1256 1523 1322 adhoc

304 1388 431 1462 tempus
457 1372 578 1438 tumulo
602 1372 762 1458 contegit;
786 1370 968 1434 sanctitatis
993 1390 1072 1432 uero
1096 1367 1253 1454 gloriam,
1284 1378 1437 1432 aeternae
1461 1379 1523 1427 tra·

304 1484 404 1548 ditatu
428 1482 625 1553 memoriae,
655 1478 797 1543 Graecia
818 1476 972 1541 laudibus
1002 1476 1072 1539 suis
1102 1472 1296 1538 celebrando
1326 1473 1443 1539 cotidie
1469 1471 1524 1534 tlo-

302 1591 477 1656 rentiorcm
503 1586 622 1652 effecit.
1070 1658 1072 1660 ι
1535 1592 1562 1635 ro

261 1691 294 1759 2.
392 1694 630 1761 Vehementius
653 1690 734 1764 hoe,
763 1688 841 1754 illud
866 1690 1104 1756 consideratius
1134 1690 1317 1775 exemplum
1342 1688 1523 1776 pudicitiae.

302 1804 454 1871 Exercitu
488 1812 520 1865 et
554 1800 659 1885 copiis
694 1796 986 1885 Gallograecorum
1018 1820 1039 1862 a
1075 1798 1134 1861 (ln.
1166 1796 1288 1863 Manlio
1327 1795 1461 1861 consule
1491 1796 1523 1858 in

304 1911 444 1999 Olympo
468 1917 578 1976 monte
602 1914 754 1991 exparte
778 1903 892 1969 deletis
917 1917 1070 1991 exparte
1095 1906 1212 1990 captis-2
1236 1905 1450 1993 Orgiagontis
1473 1925 1523 1966 re-

304 2018 373 2108 guli
402 2038 482 2081 uxor
515 2015 618 2081 mirae
650 2010 899 2097 pulchritudinis
931 2035 952 2076 a
980 2013 1185 2088 centurione,
1220 2014 1273 2076 eui
1309 2010 1524 2075 custodienda

303 2125 422 2191 tradita
446 2132 524 2197 erat,
548 2132 694 2207 stuprum
719 2120 786 2202 pati
810 2129 940 2194 coacta,
965 2130 1137 2206 postquam
1165 2131 1295 2185 uentum
1319 2122 1425 2185 estin
1449 2133 1560 2182 euml-'r

301 2232 422 2308 locum,
445 2232 479 2294 in
503 2249 600 2315 quem
624 2226 770 2291 centurio
795 2226 899 2289 misso
923 2227 1035 2291 nuntio
1052 2228 1261 2291 necessarios
1285 2227 1427 2292 mulieris
1450 2250 1522 2314 prc-

302 2342 393 2413 tium,
417 2359 482 2424 quo
506 2357 579 2400 eam
602 2334 808 2407 redimerent,
837 2331 965 2396 adferre
988 2334 1149 2408 iusserat,
1178 2356 1293 2399 aurum
1322 2334 1522 2421 expendente

302 2446 492 2510 centurione
521 2454 552 2507 et
582 2444 616 2507 in
646 2443 716 2511 eius
746 2438 876 2533 pondus
906 2441 1014 2505 auimo
1047 2440 1215 2528 oculisque
1244 2443 1385 2516 intento,
1415 2442 1522 2505 Gallo·

306 2659 329 2714 1.
347 2663 471 2711 broccum
492 2656 553 2711 Por.
569 2652 583 2723 ΙΙ
600 2656 654 2722 quil
675 2670 753 2719 quem
774 2651 869 2707 EPcr.
886 2651 941 2720 112.
960 2658 1079 2721 stuprum
1100 2656 1160 2706 dum
1182 2650 1284 2723 11113.
1303 2657 1405 2709 fraudis
1423 2655 1521 2724 11115.

303 2736 378 2798 trypo
390 2730 425 2800 Ε.
437 2730 450 2796 ΙΙ
463 2732 553 2779 classe
572 2729 687 2778 bostium
702 2726 731 2781 F.
744 2724 794 2794 1111.
807 2727 959 2790 pudicitiam
974 2731 1058 2778 morte
1071 2725 1130 2780 EF.
1143 2726 1157 2794 ΙΙ
1168 2731 1281 2792 erythea
1294 2727 1326 2780 A.
1345 2732 1446 2781 eritbeo
1458 2730 1484 2782 E
1491 2729 1521 2783 F.

304 2805 422 2853 erictbeo
441 2799 472 2853 Γ.
484 2801 498 2867 ΙΙ
510 2801 534 2852 1.
554 2802 634 2849 humo
653 2796 678 2849 Γ
695 2803 720 2849 et
737 2811 806 2851 corr.
825 2794 856 2848 A.
872 2793 924 2868 118.
943 2801 1059 2849 tumulus
1079 2796 1109 2849 Γ.
1129 2797 1142 2865 ΙΙ
1163 2803 1232 2850 conti
1256 2802 1274 2849 it
1292 2800 1326 2852 D.
1347 2800 1358 2868 ΙΙ
1379 2805 1521 2852 memoriae

302 2875 426 2924 traditam
446 2870 476 2924 Γ.
491 2871 503 2936 11
523 2867 548 2922 il.
568 2871 681 2919 cotidiae
695 2882 739 2936 pr.
758 2866 789 2920 A.
810 2869 821 2935 ΙΙ
842 2871 1027 2921 llorientiorcm
1046 2871 1109 2919 breti
1131 2869 1165 2922 Ε.
1186 2868 1199 2940 ΙΙ
1221 2817 1261 2924 li.
1282 2874 1469 2923 Vehementius
1488 2903 1521 2912 -

303 2944 445 3009 pudicitiae
464 2959 512 2993 om.
532 2939 563 2992 Γ.
575 2941 588 3008 ΙΙ
601 2942 661 2990 illuri
672 2941 880 3006 -exemptuml
900 2939 927 2990 ia
945 2955 1042 2992 rasura
1054 2939 1085 2992 ,1.
1100 2939 1112 3006 ΙΙ
1126 2946 1188 3006 pudi
1199 2970 1211 2994 .
1224 2946 1299 2996 etiae
1316 2941 1375 3003 (red
1391 2943 1439 2997 litt.
1460 2948 1519 3009 padi

304 3015 332 3065 ia
350 3022 457 3076 rasura)
476 3011 506 3066 A.
522 3013 534 3078 11
551 3009 592 3065 12.
611 3012 718 3061 manilio
737 3008 882 3063 CDEFI'
899 3015 924 3061 et
936 3027 982 3080 pr.
1001 3011 1030 3064 A.
1054 3009 1089 3063 Vt
1104 3029 1152 3063 nos
1170 3013 1248 3065 etiam
1265 3014 1328 3067 Par.
1352 3012 1410 3068 l'td.
1430 3014 1465 3066 cd
1483 3013 1518 3068 ll,

304 3084 393 3153 1.11.ΙΙ
407 3082 447 3137 13.
461 3084 624 3152 orgiacoutis
637 3082 699 3134 Por.
714 3084 726 3148 ΙΙ
745 3079 783 3134 ld.
800 3084 966 3134 custodiendi
978 3098 1047 3137 corr.
1059 3081 1090 3136 A.
1110 3089 1295 3136 consiltuendn
1310 3083 1337 3138 C.
1350 3086 1363 3155 ΙΙ
1378 3083 1418 3139 lii.
1431 3087 1518 3153 queml

303 3153 365 3210 add.
384 3158 450 3206 iussi
470 3156 587 3206 consults
604 3150 721 3218 111111.
741 3154 834 3206 afferte
855 3152 884 3206 0.
904 3156 916 3223 ΙΙ
937 3155 1116 3221 expendente]
1141 3158 1297 3209 numerante
1321 3155 1357 3212 D.
1381 3163 1520 3223 expetente

302 3225 414 3297 111118.
434 3229 537 3292 pondus
556 3228 614 3275 cius
634 3223 665 3278 Γ.

303 3425 426 3490 exemplo
446 3424 654 3474 commendatur.
697 3421 813 3473 l’raetuli
836 3423 958 3485 equidem
979 3423 1132 3473 Periclensis
1157 3426 1305 3489 compendii
1329 3428 1519 3481 auctoritatem.
1604 3419 1608 3426 ’

303 3513 382 3560 quem
402 3497 502 3546 sontem
520 3497 547 3545 in
565 3494 716 3543 nominibus
728 3495 845 3558 propriis
865 3509 924 3544 cum
944 3495 1060 3545 maxima
1079 3497 1249 3547 sinceriorem
1263 3511 1326 3547 esse
1339 3500 1449 3563 saepius
1468 3501 1518 3548 iarn

302 3570 400 3620 monui.
441 3568 535 3628 Neque
559 3566 647 3615 adbuc
671 3565 716 3613 atii
740 3566 826 3616 Ger-nii
850 3566 1032 3622 innotuerunte
1057 3568 1171 3617 Gerenia
1195 3570 1327 3632 quaedam
1352 3571 1460 3620 inuenta
1478 3575 1519 3620 est

302 3642 328 3690 in
347 3640 422 3690 tituto
441 3654 485 3703 ap.
504 3638 578 3688 Grut.
596 3652 622 3700 p.
641 3631 702 3694 tet,
721 3630 746 3687 ii.

374 3710 433 3761 Exi.
460 3707 483 3761 1.
511 3705 660 3774 Erythraeo
684 3704 768 3763 litori)
792 3708 872 3758 Recte
897 3708 1042 3759 Torrenius
1067 3711 1203 3759 reuoequt
1225 3712 1295 3773 quod
1321 3713 1373 3761 iam
1399 3716 1471 3763 extet
1494 3715 1518 3762 in

302 3782 461 3832 editionibus
480 3779 638 3847 Moguutina
656 3778 683 3827 et
701 3778 904 3838 Mediolanensi,
923 3777 1072 3846 Erythraeo
1090 3779 1177 3835 litore.
1198 3797 1257 3831 crim
1277 3785 1311 3831 ab
1331 3784 1399 3834 Anto
1418 3788 1445 3834 et
1463 3786 1518 3834 reti-

303 3854 362 3918 quis
381 3853 443 3901 riute
461 3850 616 3900 Torrenium
635 3850 759 3899 ederetur
776 3847 932 3903 Erechtheo.
953 3853 1021 3916 quod
1042 3855 1127 3901 ortum
1146 3855 1189 3901 est
1207 3868 1222 3903 e
1241 3855 1372 3904 mendosa
1390 3858 1520 3920 scriptura

302 3921 424 3975 orieldem
460 3921 618 3986 suspicatur
636 3924 725 3970 antem
745 3921 863 3988 intellegi
883 3922 943 3970 titus
962 3938 1045 3987 prope
1064 3922 1156 3974 urbem
1174 3924 1306 3990 Erythras
1324 3927 1350 3975 in
1371 3927 1459 3984 louis,
1477 3927 1518 3976 cui

303 3997 404 4046 :ticinae
425 3995 519 4044 irretiat
535 3993 640 4043 Insulae
650 3987 743 4052 ‘'tunor,
762 3992 880 4042 fortasse
899 3995 933 4041 ab
953 3994 1003 4042 troc
1022 3995 1082 4058 ipso
1101 4009 1165 4044 casn
1185 3999 1212 4045 et
1229 3997 1280 4046 bae
1293 3998 1404 4047 muliero
1423 4014 1518 4048 nomen

301 4070 452 4118 assecutae.
481 4062 636 4117 castrabo
654 4063 743 4119 xtttt.
767 4058 811 4113 31.
830 4079 855 4127 p.
874 4058 936 4113 (111.

353 4134 395 4189 ,2.
415 4130 759 4192 cr.1m.xxxvttt‚,2t.
784 4134 880 4198 Polyb.
897 4135 983 4195 XXII,
1002 4133 1045 4187 21.
1070 4137 1137 4188 Plut.
1156 4139 1189 4188 de
1208 4141 1266 4190 uirt
1285 4140 1348 4189 mul.
1367 4137 1402 4192 43
1420 4158 1446 4206 p.
1458 4137 1518 4195 258.

299 4211 369 4261 Flor.
388 4209 421 4266 u.
444 4204 483 4264 ΙΙ,
503 4203 528 4257 a.
554 4205 628 4255 duct.
648 4205 681 4254 de
700 4205 747 4256 uir.
766 4201 865 4259 11155.

371 4275 542 4345 Orgiagontis
558 4272 653 4341 repuli)
670 4275 754 4325 liuius
774 4277 889 4327 nominis
907 4279 1040 4343 scriptura
1057 4295 1109 4330 uon
1128 4282 1183 4330 tam
1203 4283 1275 4332 certe
1294 4284 1414 4344 constat,
1438 4302 1519 4348 qrram

299 4353 386 4402 uisum
405 4349 543 4407 collinit,
561 4347 640 4397 Flori-
651 4347 762 4409 librique
782 4348 815 4398 de
833 4349 898 4399 utris
916 4350 1063 4401 illustribus
1081 4353 1235 4402 nouissimis
1260 4355 1415 4408 editoribus.
1452 4358 1520 4408 Nam

298 4423 405 4474 etiamsi
423 4438 441 4470 a
459 4420 569 4471 Graecis
588 4419 763 4482 scriptoribus
782 4423 948 4480 constanter,
968 4424 1039 4484 quod
1057 4423 1156 4480 sciam,
1175 4420 1322 4495 ’opntyar
1345 4429 1455 4478 rrocatur
1471 4429 1519 4493 (ct'.

299 4495 394 4558 Polyb.
414 4493 480 4545 Plut.
500 4493 526 4542 li.
546 4506 584 4544 ec.
603 4489 676 4542 Suid.
696 4505 720 4542 n.
733 4487 900 4564 Ὀμάνων).
920 4494 1076 4555 quibuscum
1096 4508 1163 4545 sane
1175 4495 1268 4545 Liuius
1287 4497 1351 4548 laeti
1370 4499 1519 4559 1111111111,

300 4562 343 4622 te,
361 4561 388 4641 β,
407 4564 513 4612 codices
531 4566 621 4612 tamen
639 4561 719 4620 Fieri.
739 4561 796 4626 (ubi
815 4565 841 4612 ln
860 4564 920 4613 sota
937 4564 1035 4614 Aldina
1053 4562 1203 4631 Ortiapoa.)
1223 4570 1344 4631 opusculi
1363 4571 1397 4620 de
1416 4572 1463 4623 uir.
1482 4574 1520 4623 ill.

297 4630 472 4696 (orqscpaatir
489 4634 533 4682 uel
544 4631 699 4697 amassetis)
717 4635 797 4697 atque
814 4633 900 4696 ipsius
913 4634 982 4683 Liuii
993 4651 1099 4701 qaoque
1111 4638 1261 4697 1111111111,
1279 4635 1323 4698 21,
1341 4636 1368 4700 2.
1387 4643 1431 4691 ubi
1441 4657 1520 4708 prae-

299 4701 482 4752 stantissimus
501 4703 586 4754 codex
604 4703 815 4772 bambergensis
835 4700 1025 4771 Oryyrapeets's
1042 4709 1130 4770 troili,
1149 4724 1198 4778 pro
1217 4725 1251 4761 eo
1269 4713 1354 4773 stant,
1378 4716 1448 4778 quod
1467 4729 1520 4768 nos
