3409 5400
585 530 667 599 nis.
690 530 749 610 Vl,
773 530 810 599 G.
833 532 866 609 2,
889 541 920 609 s.
943 532 975 600 3.
998 534 1029 602 4.
1356 536 1420 603 473

200 693 263 757 fori
287 684 484 758 clauserunt.
531 692 600 759 Neo
624 696 729 759 timori
753 694 865 760 datum
889 702 941 758 est
966 694 1147 769 silentium,
1177 695 1238 759 sed
1265 698 1342 783 quia
1365 698 1421 763 be·

202 800 318 863 uelieio
352 800 510 867 Aemiliae
540 802 776 888 Corneliaeque
806 804 915 889 gentis
945 801 1035 867 nrrrlti
1064 813 1169 867 metus
1206 803 1295 867 urbis
1324 814 1421 891 atque

200 904 313 971 ltaliae
332 908 410 971 finiti
425 919 526 984 orant,
542 909 634 995 plebs
648 910 801 975 Ronirrna
817 907 957 975 libertati
969 910 1135 994 Scipionis
1147 908 1250 973 libera
1270 930 1336 974 nnn
1352 911 1421 975 fuit.

290 1014 497 1101 Quapropter
524 1016 634 1085 minus
661 1017 773 1083 mirari
801 1015 977 1091 (tollemus,
1010 1016 1097 1103 quod
1127 1014 1333 1102 amplissima
1362 1018 1420 1083 Gn.
1431 1014 1464 1081 4.

204 1225 227 1281 l.
248 1227 307 1295 tori]
328 1226 390 1281 aeid.
409 1232 559 1295 prementes
584 1248 632 1283 era
654 1229 708 1295 (F.)
725 1230 857 1299 marytres
873 1229 897 1285 A
916 1236 943 1283 et
956 1229 995 1287 D,
1012 1228 1089 1285 Torr.
1105 1230 1119 1301 ΙΙ
1134 1228 1160 1287 3.
1180 1232 1304 1284 libertate
1321 1229 1353 1286 Γ.
1370 1227 1420 1302 lli.

202 1302 370 1367 Quapropter
387 1330 422 1370 3-
440 1302 480 1371 (p.
500 1298 562 1363 tit,
579 1300 617 1369 3.)
636 1306 694 1355 tulit
711 1319 759 1358 aar.
779 1301 811 1358 Γ.

202 1499 304 1559 Quibus
323 1514 418 1548 mrrncu
437 1500 570 1551 sententia
589 1501 626 1551 ito
645 1502 768 1559 relicitur.
789 1502 817 1551 ut
834 1505 888 1551 iam
907 1499 1043 1567 Syphacis
1062 1501 1089 1551 ct
1107 1501 1198 1551 Persei
1217 1501 1337 1560 catenae,
1360 1503 1421 1553 tunc

202 1570 281 1631 ‹pirasi
301 1570 450 1621 ceruicibus
468 1573 549 1622 totius
569 1572 617 1623 tori
636 1574 777 1637 impositae
803 1587 906 1634 casque
931 1587 1013 1623 onere
1037 1586 1087 1623 sue
1105 1577 1273 1636 prementes,
1297 1574 1422 1624 ctlcctsse

202 1641 323 1691 dicantur
353 1643 381 1690 ut
410 1642 482 1711 uulgi
510 1660 559 1695 ora
587 1646 808 1695 obmutescerent.
860 1644 893 1694 Et
920 1644 1017 1693 similis
1051 1644 1184 1693 sententia
1217 1657 1284 1693 sane
1318 1644 1421 1695 deside·

203 1714 284 1763 ratur.
321 1710 488 1777 Inquiramus
500 1716 580 1782 igitur
598 1716 631 1766 de
650 1716 807 1765 auctoritate
821 1716 994 1764 additamenti
1006 1714 1085 1766 iltius.
1119 1714 1239 1764 Dubitari
1252 1715 1320 1765 enim
1333 1717 1422 1778 petest

203 1786 287 1833 utrum
307 1785 391 1833 uerba
405 1792 552 1851 prementes
570 1800 627 1841 era.
646 1788 743 1853 quippe
763 1801 832 1853 quae
851 1801 903 1837 non
922 1800 938 1835 e
958 1786 1063 1835 Paridis
1081 1786 1237 1849 compendio
1255 1786 1342 1835 ascita
1360 1787 1421 1842 sint,

202 1868 293 1905 merae
312 1856 479 1906 coniecturae
498 1859 613 1907 heminis
636 1859 707 1907 haud
727 1859 813 1908 insciti
843 1860 990 1907 debeantur
1015 1872 1050 1907 aa
1074 1872 1107 1907 ex
1132 1858 1186 1907 atio
1210 1857 1356 1925 integriore
1378 1874 1421 1908 co·

202 1926 261 1975 dice
284 1925 311 1974 ln
334 1926 480 1994 marginem
507 1929 651 1979 bernensis
676 1930 734 1979 libri
758 1929 892 1979 translata
915 1929 981 1985 sint,
1006 1929 1079 1991 quati
1103 1928 1226 1992 exemplo
1245 1931 1420 1979 correctorem

202 1998 367 2047 tiernensem
384 1999 411 2047 tn
430 2001 596 2051 emendando
616 2001 722 2051 Valerio
741 2001 860 2049 adiutum
880 2012 953 2059 esse,
975 2000 1045 2049 alius
1064 2000 1143 2049 hutas
1161 2001 1251 2064 operis
1269 2001 1345 2051 locus
1364 2000 1420 2063 (ur,

201 2064 232 2125 2,
261 2063 314 2131 10.)
339 2069 481 2120 manifesto
506 2072 632 2124 declarat.
670 2072 708 2123 Ct.
733 2072 819 2135 prael.
843 2088 869 2136 p.
893 2066 937 2121 94.
983 2070 1062 2120 Nulta
1085 2075 1173 2121 aretem
1199 2073 1305 2121 omnino
1328 2086 1420 2121 eorrrm

202 2139 348 2188 sructoritas
373 2141 435 2198 erit.
461 2142 486 2189 si
508 2143 631 2193 euincere
656 2143 801 2207 poterimus
826 2156 861 2191 ea
882 2142 972 2206 magis
996 2142 1163 2192 coniecturae
1187 2158 1266 2207 qrrarn
1288 2143 1422 2210 genuinae

202 2210 363 2260 valerianae
388 2212 589 2275 compositionis
614 2214 733 2277 speciem
757 2226 822 2277 prae
847 2226 879 2263 se
902 2212 981 2263 terre.
1026 2213 1113 2274 Atque
1141 2213 1205 2263 mihi
1233 2213 1341 2275 quidem
1367 2228 1421 2263 aaa

202 2282 379 2345 persuadetur
398 2285 481 2333 rrerba
495 2288 641 2350 prementes
659 2298 708 2335 ora
732 2300 749 2333 a
767 2284 893 2349 primario
917 2284 1010 2333 horum
1030 2285 1212 2349 exemplorum
1230 2286 1339 2335 auctore
1357 2298 1421 2334 csse

203 2352 333 2415 prolecta.
368 2352 436 2404 Nam
455 2358 596 2418 praetereo
615 2356 684 2421 quod
708 2356 744 2404 ita
769 2356 847 2404 nimis
867 2354 986 2418 protecto
1005 2357 1099 2423 argute
1119 2357 1198 2419 atque
1216 2354 1359 2417 improprie
1377 2369 1421 2403 ca·

202 2428 282 2473 tenne
300 2438 394 2491 regum
413 2424 575 2476 deuictorum
594 2427 674 2477 totius
697 2427 747 2475 tori
766 2426 886 2477 ceruices
904 2429 965 2475 tuac
984 2426 1122 2489 pressisse
1145 2426 1280 2484 dicuntur,
1300 2440 1335 2476 ne
1353 2426 1421 2475 satis

202 2496 266 2559 apta
285 2497 390 2556 quidem
410 2499 542 2547 sententia
564 2500 621 2557 est,
644 2498 770 2559 qnoniam
796 2498 860 2547 illac
884 2500 1011 2555 catenae.
1035 2497 1208 2564 gratissimae
1233 2511 1300 2546 sano
1322 2496 1421 2560 populo

202 2566 331 2623 Romane.
349 2582 402 2617 noa
422 2570 543 2631 poterant
561 2571 696 2635 tamquam
715 2583 800 2637 graue
820 2582 888 2619 euris
901 2581 1022 2632 premere
1042 2568 1092 2617 tori
1109 2568 1242 2623 ceruices:
1263 2570 1343 2629 atque
1360 2568 1421 2617 idco

202 2638 228 2688 iu
248 2638 420 2704 sequentibus
439 2654 545 2702 queque
564 2656 617 2690 non
635 2641 766 2700 coactum,
785 2642 834 2691 sed
855 2641 1031 2689 rrotuntarium
1049 2640 1181 2689 silentium
1195 2638 1311 2704 Scipioni
1330 2640 1420 2688 datrrm

202 2723 266 2760 csse
285 2711 402 2777 urgetur.
439 2712 531 2778 Neque
554 2713 634 2763 etiarn
654 2713 788 2762 Valerium
813 2713 889 2762 solas
915 2715 1027 2762 catenas
1051 2713 1114 2761 ante
1132 2712 1307 2774 triumphales
1326 2725 1420 2762 carrus

202 2785 279 2830 actas
298 2786 564 2833 commemoratarum
583 2784 668 2834 titisse
687 2784 858 2842 crediderim,
884 2783 932 2833 scd
956 2783 1031 2846 ipsos
1054 2785 1143 2847 potius
1166 2785 1305 2832 catenatos
1330 2796 1420 2850 reges.

202 2865 270 2916 quos
289 2852 313 2901 iu
333 2854 466 2919 triumpho
485 2856 579 2904 duratos
598 2855 724 2904 essenis
743 2855 847 2920 quidem
867 2855 958 2906 uerbis
982 2869 1034 2904 non
1059 2855 1206 2907 denotatur.
1242 2853 1372 2919 Denique.
1397 2855 1421 2904 si

201 2925 262 2984 quid
288 2925 373 2982 rridoo.
399 2927 529 2990 particulo
553 2931 614 2978 tanc
638 2927 672 2976 ad
696 2927 848 2990 primariam
874 2927 1024 2976 sentcntiae
1049 2927 1152 2990 partera
1170 2933 1230 2985 (ore
1254 2923 1421 2986 clauserant).

201 3009 253 3044 rien
273 2996 305 3044 ad
325 2995 491 3061 participium
510 2999 641 3048 adiectum
655 3001 804 3066 prementes
817 2998 948 3061 pertinere
964 2999 1088 3050 debehat.
1126 3000 1225 3046 Contra
1237 3013 1271 3048 en
1283 2997 1422 3060 probabile

202 3081 260 3114 eum
281 3067 395 3117 maxime
413 3071 456 3120 est
473 3070 520 3119 tila
539 3072 622 3120 uerba
641 3085 659 3118 a
676 3070 783 3120 librario
802 3071 918 3131 quodam
938 3071 1015 3120 docto
1034 3069 1152 3132 ascripta
1171 3083 1243 3123 esse.
1265 3069 1311 3131 qui
1330 3084 1376 3119 cur
1395 3069 1421 3118 lu

201 3137 269 3186 haec
288 3139 455 3200 potissimum
475 3141 594 3190 inciderit
612 3141 690 3190 tacite
709 3141 879 3210 intellegitur.
915 3141 983 3190 Naar
1003 3142 1036 3189 ad
1063 3143 1174 3190 uerbum
1192 3137 1343 3191 clauserant
1359 3154 1421 3202 sup·

201 3207 325 3270 piendum
345 3223 408 3258 esse
420 3223 469 3259 ero
482 3213 636 3279 ambiguum
650 3225 714 3261 esse
727 3214 831 3276 poterat
844 3213 950 3269 nemini.
971 3213 1013 3275 qui
1027 3211 1052 3260 in
1071 3211 1293 3275 praecedentibus
1306 3211 1340 3259 de
1353 3225 1422 3258 mur·

202 3291 285 3334 mures
305 3279 330 3326 in
350 3281 522 3341 sequentibus
542 3285 575 3332 de
594 3283 699 3332 silentio
718 3285 792 3352 rrulgi
811 3285 936 3346 exposito
955 3283 1064 3349 tegeret.
1107 3283 1163 3331 lam
1188 3297 1252 3331 uero
1275 3297 1334 3330 erem
1354 3282 1422 3329 haec

202 3349 275 3398 certa
295 3350 453 3406 uiderentur.
472 3349 601 3417 Syphacis
618 3357 643 3402 et
662 3350 751 3404 Persei
770 3381 804 3390 -
824 3358 931 3403 catenae
950 3366 999 3402 ora
1017 3349 1181 3406 clauserant,
1202 3354 1228 3402 et
1247 3353 1423 3414 superessent

189 3433 299 3469 -saanea
317 3422 401 3470 uerbo
418 3421 535 3472 ceruices
553 3421 632 3472 totins
650 3426 710 3472 tanc
719 3421 791 3488 jort.
818 3427 914 3487 sponte
934 3437 965 3472 sc
991 3423 1086 3472 obtulit
1103 3423 1221 3486 suspicio
1240 3421 1427 3470 accusatiaurn

202 3487 320 3540 ceruices
343 3493 434 3554 aptum
458 3506 522 3542 csso
547 3511 564 3542 a
590 3494 728 3556 participio
747 3498 895 3560 prementes
918 3494 1066 3556 pertinente
1088 3495 1122 3542 ad
1147 3495 1267 3544 catenas.
1313 3492 1347 3542 at
1370 3507 1422 3556 quo

203 3561 287 3610 errator
305 3562 473 3613 coniecturae
492 3565 518 3613 ln
537 3563 579 3613 his
599 3565 782 3626 probabilitas,
801 3579 834 3614 eo
848 3565 933 3612 rahier
947 3563 1120 3612 additamenti
1138 3564 1293 3614 arroteritae.
1329 3564 1422 3624 ltaque

204 3633 298 3682 uellem
319 3634 346 3681 ot
364 3634 493 3684 arrdocius
511 3635 537 3684 in
556 3635 723 3698 praefatione
742 3651 767 3699 p.
786 3631 830 3693 il-l,
849 3649 909 3683 cum
928 3635 961 3683 de
980 3635 1023 3682 tris
1037 3633 1127 3683 uerbis
1146 3634 1316 3690 ‹llsscrercrm
1335 3634 1422 3697 suspi-

202 3705 304 3754 cionem
324 3719 411 3754 mcam
431 3707 464 3756 de
483 3706 582 3756 librarii
603 3705 755 3756 coniectura
774 3705 955 3769 protulissem.
998 3705 1144 3754 Videndum
1163 3705 1216 3754 iam
1235 3719 1270 3754 an
1289 3705 1340 3769 ipsi
1359 3705 1421 3754 taci-

202 3777 267 3825 liorc
286 3777 417 3825 medicina
436 3777 531 3826 uulnus
551 3776 634 3826 codici
653 3776 802 3841 archetypo
821 3769 923 3826 illatum
943 3789 1042 3825 sanare
1062 3775 1206 3839 pessimus.
1247 3777 1322 3837 and
1340 3791 1422 3840 spere

201 3847 258 3896 tore
278 3849 305 3896 ut
323 3848 401 3896 nobis
420 3848 567 3916 eontigerit.
604 3847 732 3910 Supplctn
751 3848 821 3898 euim
841 3861 906 3900 ero.
930 3848 999 3912 quod
1025 3847 1131 3896 omnino
1156 3848 1338 3896 necessarium
1357 3861 1422 3896 esse

201 3917 324 3974 diximus,
343 3921 405 3981 post
415 3916 487 3983 seri,
508 3935 560 3982 qao
580 3919 639 3968 leco
659 3921 766 3982 propter
785 3919 982 3969 similitudinem
1002 3917 1147 3969 litterarum
1161 3918 1285 3969 brciltirne
1298 3920 1422 3968 exentera

201 3992 312 4052 poterat.
332 3991 359 4038 et
377 3990 481 4040 dnobus
499 3993 642 4055 praeterea
659 3991 766 4040 insertis
780 3989 912 4046 litterulis,
931 4003 1001 4050 qum
1021 4004 1067 4038 cur
1079 3989 1223 4040 interierint
1238 3990 1299 4040 itcrn
1313 3990 1422 4054 pilanum

201 4063 252 4116 est,
271 4061 339 4110 haec
359 4063 442 4110 uerbo
459 4063 498 4111 ita
515 4063 672 4129 reflagenda
691 4075 754 4112 esse
773 4063 927 4124 opinamur,
952 4055 1080 4127 septaes
1101 4065 1128 4111 et
1144 4058 1236 4111 Persei
1254 4065 1313 4111 erate
1332 4059 1421 4112 triera-

196 4129 290 4198 pdoles
313 4145 408 4183 carras
430 4137 566 4184 cataratae
590 4131 707 4182 carices
729 4130 809 4183 totins
832 4135 893 4182 tanc
908 4129 971 4197 sori
993 4145 1042 4181 oro
1065 4129 1221 4183 clauserant.
1268 4133 1309 4182 ita
1337 4134 1421 4195 probe

201 4203 327 4253 uictoriae
347 4205 381 4253 ab
400 4203 459 4268 ipse
478 4203 602 4268 Scipione
621 4203 768 4254 Aemiliano
787 4203 938 4267 nuperrime
956 4204 990 4252 de
1008 4203 1160 4262 Numantia,
1178 4219 1196 4253 a
1214 4207 1291 4268 patre
1309 4203 1421 4253 Aemilio

200 4275 233 4322 dc
252 4275 419 4332 Macedonia.
439 4277 474 4324 ab
493 4291 545 4325 auo
564 4277 598 4324 dc
617 4276 782 4343 Karthagine
807 4276 959 4338 reportatae
983 4278 1010 4324 et
1028 4276 1169 4324 catenatae
1188 4275 1307 4324 ceruices
1326 4288 1419 4340 regum

200 4346 336 4410 Syphacis
355 4349 382 4394 et
400 4347 492 4396 Persei
512 4363 529 4396 a
548 4347 646 4410 populo
665 4349 726 4396 arete
745 4345 921 4409 triumphales
940 4359 1033 4396 crrrrus
1051 4349 1226 4408 conspectae,
1248 4346 1265 4396 i.
1284 4359 1308 4396 c.
1326 4359 1419 4394 earum

199 4431 287 4466 rernm
301 4418 439 4474 memoria,
453 4418 577 4468 effecisse
590 4418 710 4466 dicuntur
722 4418 750 4466 ut
763 4417 851 4480 pepuli
865 4433 914 4466 ora
925 4419 1148 4468 obmutescerent.
1177 4414 1318 4467 Catenates
1329 4417 1419 4463 antem

201 4489 284 4537 llldus
303 4489 356 4537 iam
369 4490 489 4539 ediderat
503 4504 518 4538 e
531 4489 691 4546 coniectura,
711 4489 738 4536 ut
750 4489 873 4553 equidem
885 4489 1019 4545 existimo.
1039 4488 1138 4538 librarii
1150 4487 1298 4545 cuiusdam,
1317 4486 1419 4536 retento

200 4563 288 4609 tamea
303 4565 459 4625 prementes,
479 4577 530 4625 quo
550 4559 682 4609 sententia
700 4560 876 4621 perteubatur.
914 4559 1023 4627 Pighius
1041 4563 1148 4608 catenae
1159 4559 1288 4620 posuerat
1299 4558 1327 4606 et
1338 4557 1419 4619 paulo

200 4634 262 4694 pest
272 4628 422 4696 frementis.
442 4633 511 4696 quod
531 4631 556 4680 io
570 4631 698 4681 lierneusi
716 4645 821 4695 ‹proquo
840 4631 931 4680 codice
944 4645 1008 4680 csse
1026 4629 1150 4680 mentitur
1161 4629 1280 4679 Ceteras.
1316 4627 1419 4689 Reliqui

200 4703 367 4771 grammatici
387 4706 494 4754 cotem
512 4705 539 4751 et
553 4705 699 4768 presentes
716 4713 764 4752 oro
782 4701 965 4752 detonderunt.

272 4771 296 4826 l.
319 4771 363 4828 Cn.
383 4772 512 4836 1330)Οῇ
531 4773 621 4825 lirum.
639 4773 734 4842 geseh.
753 4771 843 4822 liorn's
863 4771 895 4832 11,
913 4788 941 4836 p.
958 4768 1001 4824 30.
