3409 5400
352 482 419 551 224
700 482 761 549 Dli
781 480 891 551 IVRE}
914 480 1232 553 TRIVMPHANDI

354 643 508 731 triumphi
532 643 706 720 honorem,
736 645 903 710 decretum
925 644 989 710 sibi
1011 668 1033 710 a
1055 656 1171 710 senatu
1200 644 1241 708 ob
1264 664 1314 709 res
1331 645 1393 710 bene
1412 656 1504 734 gestus,

354 753 477 838 spreuit
503 773 542 815 ae
577 752 776 837 repudiauit,
811 752 963 815 nimirum
997 774 1064 815 non
1098 751 1193 838 plura
1224 774 1409 839 praecerpens
1431 776 1508 839 quam

354 856 565 922 aeciderunt?
600 857 687 923 Nam
705 869 741 921 ut
763 858 876 922 urbem
892 859 1031 931 intrertit,
1055 860 1209 922 continuo
1228 860 1392 945 quaestione
1409 860 1511 946 publiea

354 964 508 1038 afflictus,
544 964 639 1029 exilio
668 965 821 1029 multatus
854 976 918 1038 est,
952 975 1002 1039 ut,
1037 966 1066 1028 si
1095 964 1172 1051 quid
1200 964 1353 1052 religionis
1377 966 1514 1031 insolentia

353 1073 584 1147 commisisset,
607 1092 716 1157 poena
737 1072 891 1157 expiaret.
1524 1098 1537 1141 ι

310 1175 343 1243 4.
442 1178 668 1263 Sapientiores
695 1174 804 1265 igitur
826 1176 889 1257 Qu.
918 1176 1068 1252 Fuluiae,
1103 1180 1159 1263 qui
1189 1179 1303 1265 Capua
1328 1190 1417 1266 capta,
1440 1190 1465 1241 et
1486 1176 1519 1241 L.

353 1284 518 1371 Opimius,
547 1284 602 1371 qui
626 1282 828 1371 Fregellanis
852 1284 897 1347 au
920 1283 1118 1347 deditionem
1142 1286 1316 1371 compulsis
1341 1284 1523 1371 triumphandi

351 1402 545 1477 potestatem
567 1414 588 1455 a
611 1402 728 1456 senatu
749 1391 920 1474 petierunt,
943 1400 1078 1476 uterque
1095 1390 1190 1457 editis
1206 1392 1349 1477 operibus
1362 1392 1526 1479 magnificus

352 1495 413 1563 sed
435 1508 548 1561 neuter
570 1498 698 1584 petitae·
712 1497 761 1560 rei
777 1518 924 1581 compos,
948 1517 1015 1559 uon
1038 1496 1171 1583 quidem
1193 1498 1317 1563 inuidia
1335 1510 1443 1584 patrum
1463 1520 1529 1562 cou-

350 1606 560 1689 scriptorrun,
582 1606 635 1669 eui
657 1626 836 1690 numquam
859 1603 982 1669 aditum
1010 1605 1044 1668 iu
1072 1606 1162 1669 curia
1189 1626 1265 1669 esse
1292 1605 1456 1678 uoluerunt,
1480 1604 1551 1671 seclt

350 1732 481 1776 summa
495 1710 662 1798 diligentia
676 1710 875 1775 obseruandi
891 1711 981 1785 iuris,
1005 1732 1070 1796 quo
1087 1720 1218 1777 cautum
1241 1722 1309 1777 erat
1330 1723 1359 1775 ut
1383 1732 1434 1796 pro
1454 1721 1537 1775 aucto

349 1819 497 1904 imperio,
517 1840 583 1882 non
599 1839 659 1903 pro
675 1818 866 1903 reciperatis
890 1838 975 1903 quae
998 1818 1109 1903 populi
1124 1818 1266 1883 Romani
1286 1820 1423 1893 fuissent,
1443 1819 1542 1881 trium·

350 1924 435 2011 phus
467 1923 702 1990 decerneretur.
760 1921 898 1988 Tantum
928 1924 1014 1988 enim
1045 1925 1180 1989 interest
1215 1924 1337 1989 adicias
1367 1922 1479 2011 aliquid
1506 1945 1546 1987 uu

350 2032 530 2095 detractum
541 2032 704 2105 restituas,
717 2029 986 2115 quantumdistat
996 2029 1147 2095 beneficii
1155 2032 1281 2097 initium
1292 2032 1331 2095 ab
1341 2030 1467 2095 iniuriae
1480 2030 1551 2091 line.

308 2131 341 2196 5.
439 2136 527 2216 Quin
558 2138 656 2200 etiam
678 2138 746 2210 ius,
775 2134 816 2198 de
845 2156 911 2222 quo
933 2136 1065 2222 loquor,
1095 2138 1143 2201 sic
1172 2138 1363 2203 custoditum
1390 2148 1437 2200 est
1463 2148 1496 2198 ut
1515 2134 1551 2199 P,

351 2244 499 2330 Scipioni
521 2243 562 2306 ob
585 2253 795 2329 recuperatas
811 2239 1003 2328 Hispanias,
1026 2242 1071 2309 M.
1093 2242 1248 2309 Marcello
1273 2242 1314 2307 ob
1337 2258 1446 2328 captas
1462 2243 1551 2328 Syra

350 2374 450 2415 cusas
478 2349 661 2435 triumphus
685 2370 752 2412 non
775 2346 1019 2423 decerneretur,
1048 2349 1136 2436 quod
1164 2350 1207 2413 acl
1236 2371 1292 2413 eas
1320 2371 1373 2415 res
1403 2350 1551 2437 gerenda<

351 2458 423 2522 sine
457 2455 522 2521 ullo
557 2466 649 2520 eraut
678 2456 773 2520 missi
800 2456 1004 2541 magistratu.
1061 2452 1243 2519 Probentur
1277 2478 1363 2521 nunc
1397 2456 1551 2521 cuiuslibe

350 2630 377 2686 3.
395 2636 540 2685 acciderint
555 2632 592 2686 Ε.
605 2638 618 2701 tt
632 2631 767 2699 continuo}
786 2628 849 2683 add.
867 2634 927 2696 ipse
948 2630 1025 2684 Torr.
1036 2630 1050 2700 ΙΙ
1061 2628 1087 2685 l.
1105 2636 1204 2685 auxilio
1223 2635 1366 2686 mulctatus
1385 2629 1422 2687 D.
1434 2631 1448 2703 ΙΙ
1460 2628 1486 2686 u.
1502 2635 1529 2697 s.
1549 2658 1551 2673 ι

351 2721 400 2760 osa.
419 2703 450 2758 Γ.
464 2711 477 2772 tt
492 2703 516 2758 1.
534 2707 699 2774 tregctuaais
718 2702 754 2757 D.
766 2703 779 2771 ΙΙ
794 2701 834 2757 111.
848 2704 910 2771 secl]
930 2707 1076 2756 secuudum
1094 2702 1152 2775 1111
1168 2702 1207 2758 12.
1218 2706 1279 2772 pro]
1299 2709 1334 2756 ob
1348 2704 1385 2759 D.
1398 2705 1412 2772 ΙΙ
1425 2708 1551 2770 recipere

350 2776 380 2828 is
396 2791 494 2828 rasura
510 2773 542 2828 Α.
560 2778 725 2842 reeuperatis
746 2773 798 2827 GE
817 2780 843 2826 et
860 2789 929 2826 corr.
948 2771 982 2829 Β,
1009 2773 1084 2828 Torr.
1104 2779 1262 2841 recuperata
1279 2773 1317 2830 D.
1328 2776 1342 2844 l}
1360 2774 1401 2828 14.
1421 2777 1470 2843 ab]
1492 2780 1527 2826 ad
1548 2775 1551 2828 j

364 2844 434 2916 1115.
453 2848 479 2911 ς.
498 2843 524 2897 5.
541 2863 590 2900 οιιι.
608 2845 641 2899 Γ.
652 2846 665 2913 ΙΙ
680 2842 721 2900 111.
739 2847 903 2910 reciperatas
921 2844 985 2898 Per.
996 2845 1010 2912 Η
1024 2844 1065 2900 II.
1084 2863 1133 2899 eas
1151 2863 1201 2900 orn.
1215 2861 1261 2915 pr.
1277 2845 1312 2900 D.
1327 2847 1341 2917 ΙΙ
1356 2845 1399 2900 18.
1414 2849 1508 2914 missi}
1523 2863 1551 2898 or

351 2923 427 2970 erant
444 2917 493 2987 (a)
501 2916 577 2972 Torr.
596 2919 688 2970 emusi
705 2916 741 2969 Ε.
754 2914 767 2985 ΙΙ
781 2917 939 2984 Probeutur]
960 2914 1022 2970 add.
1041 2935 1147 2985 quoquc
1164 2916 1199 2972 E.

351 3083 378 3130 et
395 3081 503 3139 Ilasius,
524 3080 646 3145 quamuIs
663 3079 691 3128 iu
709 3078 788 3127 huius
806 3078 856 3126 uiri
879 3079 1019 3129 historiam
1037 3080 1145 3130 miulme
1166 3081 1263 3130 eadent
1282 3095 1355 3145 quae
1375 3081 1432 3130 hoe
1452 3081 1518 3130 Ioco
1538 3085 1548 3130 1

351 3154 453 3202 duntur.
488 3151 638 3200 Difficultas
657 3151 772 3216 augetur
789 3149 985 3210 insequentium
998 3152 1139 3200 uerborum
1153 3151 1340 3219 ambiguitate,
1362 3166 1379 3201 e
1397 3153 1504 3216 quibus
1520 3169 1551 3201 ru

350 3223 495 3273 Torrenius
507 3222 638 3272 conclusit
648 3221 721 3269 illam
734 3221 918 3282 quaestionem
932 3221 965 3270 ad
979 3221 1112 3284 publicam
1125 3223 1281 3288 religionem
1294 3223 1484 3286 pertinuisse,
1501 3239 1551 3272 con

352 3310 431 3360 quam
448 3295 509 3344 ideo
526 3304 660 3357 peccasse
676 3291 806 3349 Fuluium,
826 3293 896 3353 quod
916 3293 1051 3342 decretum
1071 3293 1121 3342 sibi
1138 3294 1299 3356 triumphum
1321 3293 1526 3358 repudiasset,
1548 3309 1551 3342 t

350 3367 421 3417 male
439 3365 626 3415 aalmaduertit
642 3363 771 3425 Kappius.
819 3363 888 3411 Nam
910 3363 949 3412 ita
972 3363 1090 3417 demum.
1120 3365 1143 3414 si
1166 3365 1276 3428 propter
1299 3367 1437 3427 spretum
1466 3366 1551 3414 trium

299 3496 302 3500 ι
353 3439 480 3489 honorem
499 3439 625 3489 darnnurn
643 3433 744 3496 ceperit
760 3434 879 3493 Fuluius,
899 3435 971 3484 recte
989 3434 1114 3484 Valerius
1132 3436 1220 3502 pergit
1239 3437 1369 3500 sequenti
1394 3436 1540 3498 exemplo

346 3507 493 3576 pensem
504 3505 586 3575 r'ps'lar
595 3507 660 3561 etc.;
673 3506 702 3554 et
713 3505 847 3554 artissimo
861 3517 929 3554 sane
941 3519 1011 3555 nexu
1023 3506 1172 3568 triumphus
1185 3521 1244 3556 eum
1257 3507 1399 3574 religione
1415 3508 1551 3556 cohaere

351 3581 440 3631 Minus
457 3579 591 3644 quamde
608 3578 671 3640 ipsa
688 3590 717 3626 re
735 3577 835 3626 haereo
858 3590 929 3624 nunc
953 3577 987 3626 cle
1005 3577 1110 3634 rrertris,
1135 3591 1223 3640 neque
1240 3579 1329 3640 probo
1351 3577 1496 3626 'I'orrcnii
1520 3594 1551 3628 ee

351 3654 453 3702 ctorem
469 3648 592 3701 ainaim
609 3645 696 3698 amno
713 3661 766 3696 aaa
777 3643 861 3714 plara
879 3645 1065 3714 praecipitas,
1089 3661 1148 3696 eum
1174 3649 1299 3696 traditam
1324 3649 1519 3711 scripturam
1542 3665 1551 3699 ι

351 3736 383 3772 ee
400 3724 502 3772 habere
520 3721 637 3770 credam.
672 3717 838 3768 Sententiam
856 3718 947 3780 procul
966 3719 1046 3768 dubio
1064 3719 1135 3767 hane
1153 3719 1242 3768 mente
1259 3721 1447 3782 perceperat
1468 3720 1551 3769 Vale

350 3792 472 3842 Fuluium
489 3807 542 3841 nou
561 3792 613 3839 sihi
631 3791 818 3853 desumpsisse
834 3789 939 3838 maiora
956 3803 1037 3850 quarn
1056 3803 1125 3854 quae
1148 3789 1230 3851 paulo
1253 3791 1319 3852 post
1348 3791 1542 3839 acciderant

351 3877 412 3912 eum
429 3863 594 3925 triumphare
611 3861 744 3918 columae,
764 3875 824 3909 eum
840 3875 905 3909 mox
922 3859 1020 3910 ferisset
1043 3859 1207 3910 exulaturus.
1253 3861 1335 3918 Quod
1367 3863 1403 3910 ιι1
1428 3863 1551 3924 exprim

352 3934 515 4000 elegantiam
534 3931 668 3996 quandam
685 3932 827 3990 affectam,
845 3930 971 3991 quaesita
981 3931 1157 3980 translatione
1169 3931 1321 3981 orationem
1337 3933 1386 3980 ita
1410 3933 1551 3982 conform

351 4007 488 4066 umquam
505 4002 551 4053 ille
568 4002 692 4064 triumphi
710 4003 839 4052 honorem
857 4002 966 4066 perinde
985 4003 1065 4064 atque
1089 4002 1258 4051 immaturum
1283 4001 1424 4052 strictum
1458 4004 1501 4051 cle
1528 4020 1551 4051 a

351 4088 528 4140 praecerpere
545 4074 667 4125 noluerit.
709 4073 808 4135 Itaque·
824 4073 1015 4136 praecerpendt
1040 4075 1151 4122 uerbum
1174 4087 1228 4122 uon
1247 4074 1323 4122 idem
1347 4074 1527 4140 signifieat

352 4148 440 4198 aniate
458 4145 614 4211 praecipere
634 4158 691 4195 rem
715 4145 845 4203 loturam,
871 4145 940 4209 quod
965 4145 993 4193 ut
1015 4146 1205 4195 contenderem
1228 4143 1333 4210 (praet.
1357 4159 1392 4206 p.
1419 4139 1494 4207 311.)
1530 4147 1551 4194 1ι

350 4233 394 4270 me
411 4217 554 4283 explicatio
571 4216 699 4268 Torreuii.

420 4286 446 4343 4.
465 4290 504 4342 Gt.
523 4288 655 4339 hermian.
672 4288 757 4338 Mare.
774 4288 861 4342 XXV,
879 4281 905 4345 11,
926 4281 967 4340 ll).

420 4357 447 4414 5.
465 4360 495 4414 Ρ.
512 4357 641 4428 Sciptdoal)
658 4359 697 4412 ct.
715 4359 774 4410 Isiu.
791 4357 914 4416 XXVIII,
932 4353 975 4408 38.

420 4430 461 4485 Μ.
478 4429 618 4492 Marcelle)
644 4431 684 4481 ct.
701 4431 760 4479 Liu.
778 4429 876 4488 XXVI,
895 4425 939 4479 at.
963 4428 1031 4480 Plut.
1049 4426 1133 4478 Marc.
1151 4421 1196 4481 22.
1221 4425 1297 4481 Arrct.
1322 4427 1368 4479 de
1396 4426 1466 4483 uir.
1493 4429 1544 4480 ill.

420 4502 478 4555 siae
494 4501 548 4553 atto
565 4527 600 4541 ·-
617 4499 783 4567 miratu)
808 4501 915 4551 Erroris
939 4498 1076 4549 Valerium
1102 4501 1175 4549 reete
1198 4501 1288 4566 arguit
1317 4501 1540 4550 Perizonius

294 4627 299 4635 ,
351 4577 412 4627 ant
431 4590 454 4626 o.
472 4570 498 4634 ll,
516 4589 543 4637 p.
561 4567 614 4624 235
632 4573 767 4631 edllarl,
786 4573 855 4636 quod
873 4571 1029 4620 tradidisset
1041 4570 1168 4620 Marcello
1180 4571 1358 4634 triumphum
1380 4573 1551 4640 negatum

352 4649 414 4711 quta
432 4647 490 4695 atne
509 4646 562 4694 ullo
580 4645 738 4710 magletratu
764 4655 820 4692 rem
844 4643 988 4710 gessisset
1030 4643 1142 4690 Constat
1165 4643 1235 4691 enim
1259 4643 1472 4691 Marcellum
1508 4645 1544 4691 iu

352 4716 492 4769 muna
508 4713 627 4767 Siriliam
644 4713 793 4779 obtiuptaae
810 4715 1028 4778 prouinciamque
1039 4727 1099 4763 cum
1111 4713 1228 4764 exercItu
1241 4713 1355 4776 postea
1373 4713 1410 4764 ei
1425 4727 1551 4780 pror-op
