3409 5400
599 550 681 617 LIB.
704 550 762 629 Vl,
787 552 822 621 (i.
847 554 880 629 4,
902 561 934 630 ς.
959 554 989 621 1.
1012 554 1043 621 2.
1360 561 1427 628 493

206 720 241 775 ut
263 730 377 776 eorum
401 713 501 777 animi
525 712 569 777 ad
595 714 767 799 imperium
790 714 976 779 Romanum
1008 713 1162 778 tuendum
1191 720 1427 784 constantiores

207 829 335 894 essent,
371 820 489 883 maiori
520 822 603 906 parti
637 832 771 883 senatus
801 822 966 908 principes
994 820 1186 885 Latinorum
1215 822 1249 885 iu
1281 825 1427 890 ordinem

208 948 303 991 suurn
333 922 461 1011 sublegi
492 924 650 1011 placebat.
707 927 834 991 Annius
866 940 973 992 autem
1003 930 1194 1014 Campanus
1226 930 1323 993 etiarn
1352 953 1429 994 cou-

208 1032 312 1097 sulem
337 1031 471 1096 alterum
497 1032 611 1118 Capua
634 1036 739 1099 creari
764 1034 883 1098 debere
912 1035 1137 1101 adseuerabat.
1191 1036 1249 1099 Sic
1273 1048 1432 1101 contusus

185 1152 240 1204 oet
264 1159 366 1226 aeger
387 1139 529 1204 Romani
551 1142 677 1227 imperii
694 1142 825 1227 spiritus
842 1153 922 1207 crat.
968 1142 1058 1207 Tunc
1074 1142 1217 1207 Manlius
1235 1143 1431 1231 Torquatus,

211 1246 295 1311 filius
319 1246 389 1309 eius
415 1248 470 1333 qui
486 1245 622 1312 Latinos
639 1249 727 1334 apud
745 1246 897 1313 Veserim
913 1249 1024 1315 inclita
1039 1272 1153 1336 pugna
1168 1252 1306 1328 suderat,
1331 1273 1430 1338 quam

210 1364 335 1440 poterat
363 1352 452 1418 clara
481 1375 563 1419 uoce
592 1354 810 1431 denuntiauit,
845 1358 875 1420 si
910 1357 984 1442 quis
1016 1358 1180 1421 sociorum
1208 1360 1291 1422 inter
1318 1370 1430 1445 patres

209 1462 414 1547 conscriptos
439 1464 632 1526 sententiam
656 1462 765 1527 dicere
789 1484 892 1527 ausus
917 1474 1022 1538 esset,
1053 1466 1206 1528 contiuuo
1235 1487 1309 1529 eum
1332 1466 1430 1529 iuter·
1520 1532 1530 1547 .

211 1581 402 1657 empturum.
447 1566 518 1633 Hae
535 1572 632 1635 unius
649 1572 758 1635 minae
775 1580 807 1633 et
821 1570 1045 1636 Romanorum
1062 1570 1294 1659 languentibus
1311 1573 1430 1637 animis

174 1688 201 1733 ¹⁰
211 1676 352 1743 calorem
370 1677 542 1762 pristinum
558 1676 770 1741 reddiderunt
786 1688 817 1741 et
831 1675 960 1742 ltaliam
977 1676 1086 1742 adius
1103 1680 1242 1743 ciuitatis
1260 1679 1431 1744 nobiscum

211 1781 461 1871 exaequandum
484 1804 686 1871 consurgere
709 1804 831 1871 passae
859 1804 927 1849 non
955 1796 1041 1849 sunt.
1092 1784 1244 1873 Namque
1271 1798 1308 1850 ut
1329 1787 1431 1874 patris

211 1894 325 1967 armis
348 1892 394 1955 ita
417 1891 527 1955 uerbis
551 1890 606 1954 filii
629 1892 734 1957 fracta
756 1893 867 1958 cessit.

299 1998 366 2065 Par
389 1998 474 2063 illius
499 2020 630 2085 quoque
653 1997 757 2063 hionli
779 1999 947 2085 grauitas,
970 2000 1024 2062 cui
1047 2022 1120 2063 cum
1146 2000 1337 2066 consulatus
1361 2022 1432 2063 om·

212 2109 300 2173 nium
336 2125 500 2171 consensu
537 2104 717 2169 deferretur
754 2126 895 2191 eumque
928 2104 991 2169 sub
1025 2108 1235 2173 excusatione
1270 2108 1433 2172 aduersae

176 2228 203 2271 ¹⁵
212 2212 399 2279 ualitudinis
423 2210 591 2276 oculorum
615 2224 792 2287 recusaret,
815 2210 1013 2282 instantibus
1037 2215 1180 2289 cunctis,
1208 2214 1354 2288 ‘Alium'‚
1382 2214 1433 2276 iu·

213 2322 291 2408 quit,
320 2302 490 2399 ‘Quiritem
525 2318 686 2404 quaerite,
716 2318 759 2383 ad
788 2338 883 2405 quem
914 2314 1003 2382 hune
1030 2316 1189 2384 honorem
1219 2320 1433 2385 transferatis.

211 2426 298 2493 Nam
322 2426 351 2490 si
374 2446 427 2489 me
451 2444 565 2513 gerere
589 2445 663 2488 eum
687 2425 873 2512 coegeritis,
897 2444 960 2488 nec
984 2444 1047 2511 ego
1071 2446 1180 2489 mores
1196 2438 1325 2489 uestros
1348 2426 1434 2488 serre

212 2556 273 2599 nec
296 2554 358 2597 uos
382 2552 491 2596 meum
515 2532 687 2617 imperium
711 2532 836 2617 perpeti
858 2529 1025 2616 poteritis'.
1070 2530 1196 2597 Priuati
1219 2544 1286 2597 tam
1309 2516 1434 2617 ponde·

211 2663 292 2708 rosa
313 2660 394 2716 uox3
418 2659 515 2726 quam
540 2658 661 2726 graues
685 2638 795 2703 fasces
819 2636 966 2702 consulis
990 2637 1184 2703 extitissent!

175 2771 205 2815 ao
281 2746 412 2812 'Nihilo
447 2747 583 2832 segnior
616 2746 783 2832 Scipionis
818 2743 1006 2816 Aemiliani.
1033 2759 1089 2810 aut
1120 2746 1155 2812 in
1186 2747 1278 2811 curia
1310 2756 1366 2813 aut
1399 2748 1473 2820 iu2,

213 2856 367 2921 contione
395 2853 551 2941 grauitas,
599 2852 663 2933 Qui
686 2873 761 2916 cum
784 2851 921 2918 haberet
935 2865 1121 2918 consortem
1145 2874 1304 2919 censurae
1326 2852 1435 2918 Mum·

212 2964 328 3037 mium,
363 2971 398 3026 ut
427 2959 569 3024 nobilem
597 2961 642 3024 ita
670 2961 800 3024 eneruis
830 2961 934 3036 uitae,
967 2983 1027 3048 pro
1062 2962 1178 3026 rostris
1211 2959 1291 3024 dixit
1324 2981 1361 3026 se
1395 2981 1435 3026 ex

212 3102 239 3158 2.
256 3107 382 3171 princeps
400 3099 465 3154 Fu
516 3142 523 3156 .
545 3101 573 3158 A.
585 3099 634 3172 113.
654 3104 709 3171 legi
727 3099 755 3155 F.
768 3100 781 3169 ΙΙ
794 3104 871 3154 unius
889 3101 979 3156 Acti.
998 3103 1085 3154 eunius
1098 3099 1134 3155 D.
1158 3099 1193 3155 Vt
1209 3119 1258 3154 nos
1275 3101 1353 3154 etiam
1371 3101 1435 3155 Par.

225 3174 276 3242 114.
296 3189 399 3240 capuae
417 3171 469 3225 AC
510 3171 680 3226 ΕΓΓΓονν.
698 3175 712 3242 Η
728 3171 754 3226 5.
773 3176 898 3225 manilius
917 3173 945 3225 0.
965 3176 1064 3226 malins
1082 3171 1117 3226 Ε.
1136 3177 1242 3226 mallius
1260 3171 1355 3296 quii.
1374 3189 1435 3225 ues-

216 3249 297 3297 ecrim
315 3238 497 3296 ACDEFI'.
509 3243 558 3313 118.
578 3245 711 3311 continuo]
728 3249 791 3312 post
808 3261 869 3296 eum
886 3243 923 3298 Ε.
946 3243 1009 3300 odd.
1028 3261 1059 3296 sc
1077 3242 1140 3299 Par.
1159 3251 1185 3297 et
1205 3258 1275 3298 corr.
1318 3242 1351 3308 .11
1363 3244 1434 3310 eum]

216 3314 278 3369 odd.
298 3331 329 3366 se
350 3313 428 3366 Torr.
455 3311 515 3366 ΓΜ.
534 3312 571 3364 cul
588 3312 615 3369 l.
641 3315 673 3370 l.
700 3319 762 3367 eet
779 3313 850 3370 llll.
873 3313 902 3370 l.
929 3323 979 3368 est.
997 3315 1022 3366 l.
1041 3314 1054 3383 ΙΙ
1074 3311 1100 3367 9.
1119 3318 1302 3384 languentium
1324 3312 1355 3365 Γ.
1366 3312 1380 3380 ΙΙ
1395 3311 1436 3366 10.

216 3389 290 3439 italia
310 3385 338 3438 C.
351 3385 364 3452 ΙΙ
380 3383 419 3437 ll.
438 3388 620 3450 exequendum
639 3383 738 3437 ΒΕΓ.
755 3384 768 3452 ΙΙ
788 3382 830 3438 13.
848 3387 965 3452 quoque]
985 3384 1048 3439 aad.
1067 3394 1095 3435 et
1111 3384 1140 3437 D
1159 3392 1184 3436 et
1195 3400 1241 3452 pr.
1260 3380 1293 3434 A·
1312 3381 1326 3452 ΙΙ
1343 3385 1436 3435 manlii

216 3472 286 3510 corr.
304 3455 337 3510 A.
357 3452 418 3506 cdd.
437 3457 457 3505 l.
477 3456 506 3506 Ρ.
523 3457 639 3517 torquati
656 3470 746 3521 matpo
758 3453 789 3506 A.
802 3455 815 3522 ΙΙ
827 3456 879 3522 cui]
899 3453 963 3507 add.
975 3473 1028 3506 noo
1044 3455 1072 3508 0.
1087 3453 1099 3526 ΙΙ
1114 3455 1184 3521 cum]
1200 3455 1436 3523 postconsulatus

218 3527 280 3582 GE.
292 3527 306 3595 11
318 3523 381 3578 coris
394 3547 410 3578 s
426 3521 484 3586 (sed
494 3523 590 3576 lineola
608 3541 624 3576 c
643 3531 752 3577 cernet
767 3540 798 3576 aa
817 3525 977 3592 rescriptum
994 3525 1022 3576 ia
1039 3541 1136 3578 rasura
1148 3528 1203 3588 tus)
1215 3524 1249 3578 A.
1268 3525 1435 3578 consulatum

216 3598 248 3652 Γ.
262 3597 275 3668 ΙΙ
290 3601 407 3650 omnium
424 3625 460 3637 -
479 3611 592 3662 eumque
610 3600 661 3646 sub
680 3611 729 3648 om.
749 3595 780 3652 Γ.
794 3541 816 3666 i)
824 3593 864 3648 14.
883 3597 1018 3647 deleretur
1034 3595 1067 3650 A.
1089 3593 1286 3652 referretur'D.
1297 3593 1311 3661 ΙΙ
1323 3611 1435 3661 cumque

218 3670 247 3724 0.
259 3671 273 3739 ΙΙ
285 3666 468 3733 excusatione]
482 3672 547 3736 post
564 3669 698 3718 oculorum
719 3664 750 3717 Γ.
762 3667 775 3736 ΙΙ
796 3663 836 3718 15.
856 3673 999 3718 excusaret
1016 3664 1048 3720 Γ.
1068 3665 1081 3736 ΙΙ
1104 3664 1145 3718 ll.
1164 3668 1292 3736 cogeritis
1304 3680 1350 3734 pr.
1368 3667 1400 3722 A.
1411 3668 1425 3736 ΙΙ
1475 3673 1480 3684 “

219 3740 260 3797 18.
278 3743 416 3808 imperium
435 3755 523 3790 meum
541 3735 604 3792 EF.
622 3737 635 3805 ΙΙ
654 3739 762 3806 Priunti]
788 3737 817 3788 Si
835 3737 932 3801 priuati
950 3735 1010 3790 DF
1026 3743 1053 3791 et
1069 3751 1140 3792 corr.
1157 3737 1196 3794 A.
1219 3735 1296 3790 Yorr.
1314 3738 1327 3813 fl
1344 3743 1436 3791 tumen

217 3812 251 3867 Γ.
264 3813 277 3882 ΙΙ
291 3815 439 3878 ponderata
457 3807 519 3862 Dr.
533 3807 545 3877 ΙΙ
562 3807 604 3862 tu.
623 3811 698 3860 luces
716 3807 748 3861 A.
763 3809 775 3875 ΙΙ
787 3805 837 3862 21.
861 3811 1029 3862 contentione
1049 3808 1078 3864 0.
1092 3807 1105 3882 ss
1119 3837 1132 3863 ι
1152 3811 1306 3862 mummium
1333 3809 1365 3864 A.
1388 3828 1435 3864 nu·

215 3888 295 3936 mium
314 3881 349 3938 Ε.
361 3879 428 3954 1122.
447 3881 492 3950 ex]
512 3897 561 3947 pro
579 3879 611 3934 Γ.

214 4009 284 4060 hanc
309 4009 438 4059 historiae
457 4007 641 4058 contusionem
660 4006 687 4056 in
705 4005 811 4057 Valerio
830 4007 1009 4074 castigatam,
1029 4023 1108 4075 qnam
1126 4008 1227 4072 primns
1251 4008 1437 4060 animaduertit

215 4082 374 4140 Glareanus,
394 4080 423 4130 Pi
445 4080 506 4129 hius
520 4079 635 4128 librariis
648 4079 828 4142 imputandum
842 4080 1035 4136 arbitrabaturt
1055 4081 1146 4143 itaque
1158 4081 1209 4130 hoc
1222 4081 1281 4132 loco
1293 4081 1435 4150 legendum

216 4153 320 4202 censuit
340 4147 413 4202 Teuc
425 4095 549 4202 idonius
568 4146 724 4217 Torquatus.
743 4147 839 4217 stirpis
856 4147 922 4204 eso.
942 4149 988 4218 qui
999 4147 1111 4203 Latinos
1125 4147 1290 4218 -sederat
1310 4157 1337 4202 et
1354 4154 1436 4216 panio

215 4228 278 4286 post
295 4220 413 4290 Namque
430 4227 459 4273 ut
472 4237 502 4290 p.
521 4235 544 4272 r.
564 4223 591 4285 (i.
606 4237 628 4273 e.
638 4217 731 4288 populi
743 4217 868 4286 Εοηιωιι)
886 4220 968 4273 anuis
984 4220 1024 4273 ite
1040 4220 1130 4276 aeriis
1147 4221 1220 4275 illies
1234 4221 1332 4290 fracta
1350 4221 1435 4274 cessit.

216 4293 272 4346 Per
289 4290 404 4344 dudm
422 4307 520 4360 quoque
537 4289 636 4342 Manlii
650 4290 780 4358 prauitas,
800 4307 875 4360 quae
887 4308 922 4344 ne
940 4294 1037 4346 Latine
1056 4297 1161 4359 quidem
1181 4295 1251 4346 dieta
1269 4298 1339 4345 sont.

287 4360 379 4433 Capua
396 4361 495 4426 creari)
512 4364 619 4414 Priores
638 4365 806 4431 grammatici
825 4365 984 4416 Valerianos
1003 4368 1109 4418 codices
1129 4367 1213 4417 secuti
1226 4367 1289 4415 sunt
1307 4363 1436 4413 mendose

215 4437 374 4488 exhibentes
388 4433 503 4505 Capuae.
539 4435 631 4500 Neque
650 4435 719 4484 euim
737 4437 792 4484 iam
806 4436 933 4487 intererat
950 4439 1146 4503 Campanorum
1165 4437 1279 4486 alterum
1299 4435 1437 4484 consulem

214 4509 241 4560 in
260 4521 311 4562 sua
330 4511 396 4559 urbe
415 4507 499 4558 creari
524 4521 602 4573 quam
628 4507 713 4556 creari
738 4521 771 4557 ex
796 4521 826 4558 se
851 4508 928 4571 ipsis.
971 4509 1065 4576 itaque
1088 4507 1244 4558 necessario
1272 4501 1365 4570 capua
1388 4521 1435 4570 po·

215 4581 331 4630 neudum
353 4580 411 4630 erat
431 4581 509 4630 sexto
528 4592 607 4636 casu,
632 4592 710 4642 quem
734 4579 761 4628 in
786 4579 942 4642 compendio
967 4581 1046 4631 huius
1070 4579 1186 4642 exempli
1211 4574 1329 4625 seruauit
1353 4576 1436 4626 Iulius

214 4651 301 4704 Paris.
346 4651 432 4716 Atque
457 4651 551 4701 eodem
575 4649 653 4698 modo
676 4649 770 4699 Liuius
794 4649 870 4710 vlit,
892 4644 924 4710 5,
948 4647 965 4704 5
995 4651 1145 4716 composuit
1168 4644 1302 4699 consen
1326 4643 1435 4699 alteram

214 4717 326 4784 Roma,
346 4719 455 4772 dimin
474 4735 505 4772 ec
522 4717 603 4771 Latio
620 4718 711 4771 creort
727 4723 837 4789 oportet.

283 4792 310 4848 il.
330 4791 384 4854 Qui
401 4807 459 4845 mut
476 4788 583 4844 inbuet
600 4795 744 4844 consortem
761 4799 898 4854 censurae)
915 4792 955 4844 ct.
967 4793 1037 4846 auct.
1056 4791 1090 4843 de
1108 4791 1156 4844 nir.
1174 4789 1212 4845 ut
1230 4785 1274 4844 58.
