3409 5400
286 528 353 598 406
775 519 836 586 DE
859 515 1028 584 GRATIS.

287 686 432 776 periculo
455 694 640 772 respectum
663 683 793 770 pristini
815 680 967 746 beneficii
990 678 1188 764 anteposuit.
1233 675 1307 751 lile,
1343 695 1419 738 eum
1446 674 1517 738 iam

290 803 395 860 aetate
422 791 592 856 deficiente
627 811 769 878 magnes
802 789 898 874 regni
926 807 1008 872 opes
1037 795 1188 871 quainter
1216 794 1249 848 et
1275 782 1519 869 quinquaginta

289 901 429 966 filiorum
452 919 589 962 numere
619 898 807 982 relinquens
836 896 872 957 in
894 892 1012 957 lectulo
1041 893 1218 964 laberetur,
1249 889 1304 953 Μ’.
1331 887 1518 956 Manilium,

291 1007 346 1095 qui
374 1004 554 1091 proconsul
581 1003 727 1066 Africam
756 1000 937 1072 obtinebat,
968 999 1084 1064 litteris
1113 997 1301 1061 obsecrauit
1333 1007 1370 1058 nt
1405 993 1450 1058 ad
1478 1013 1518 1056 se

290 1115 481 1200 Scipionem
496 1109 715 1176 Aetnilisnum
733 1108 794 1172 sub
810 1128 849 1169 eo
866 1118 943 1169 tuuc
959 1106 1150 1169 militantem
1165 1105 1316 1176 mitteret
1337 1101 1519 1165 feliciorem
1532 1119 1546 1160 s

286 1229 430 1288 mertem
453 1239 548 1282 susm
571 1217 842 1285 interemtus,
874 1213 904 1275 si
930 1213 965 1274 in
988 1211 1149 1295 conplexu
1177 1209 1329 1272 dexterae
1357 1209 1429 1270 eius
1462 1227 1519 1269 su·

292 1345 441 1413 promum
464 1325 614 1408 spiritum
638 1343 677 1386 ee
694 1319 849 1384 mundata
863 1318 1039 1402 posuisset.
1083 1316 1140 1379 Ille
1156 1317 1333 1380 aduentum
1350 1313 1520 1399 Scipionis

292 1433 368 1496 fatis
385 1431 455 1493 suis
471 1427 756 1514 praecurrentibus
772 1425 856 1488 buce
878 1425 972 1486 uxori
987 1423 1164 1508 liberisque
1179 1431 1401 1508 praeceperat.
1416 1441 1520 1483 unum

292 1538 444 1602 interris
467 1534 623 1619 populum
649 1535 836 1598 Romanum
866 1541 899 1592 et
929 1551 1028 1593 unum
1058 1532 1091 1592 in
1124 1529 1245 1614 populo
1268 1529 1421 1592 Romano
1446 1527 1521 1590 Sci·

292 1644 402 1732 pionis
426 1642 559 1706 domum
582 1661 699 1713 nosse3
728 1639 858 1724 integra
880 1638 993 1700 omnia
1018 1636 1202 1700 Aemiliano
1224 1655 1414 1707 reserusre3
1443 1654 1559 1699 sumre

296 1747 585 1832 diuidendiregni
616 1745 770 1808 arbitrum
800 1743 974 1817 haberent;
1012 1743 1101 1828 quod
1128 1745 1157 1806 is
1187 1743 1355 1806 statuisset
1381 1739 1522 1826 perinde

297 1864 386 1940 cipite
410 1863 603 1918 testamento
628 1863 756 1916 cautum
773 1849 961 1917 inmutabile
985 1871 1024 1913 ac
1049 1861 1198 1914 sanctum
1223 1849 1415 1934 optinerent.
1462 1845 1524 1910 Tot

300 2031 324 2085 l.
343 2033 504 2095 aetatulam
523 2027 554 2081 F.
567 2029 579 2096 Η
591 2025 616 2081 3.
635 2043 772 2078 numerum
792 2025 905 2079 DTerr.
917 2027 978 2094 lim.
994 2029 1131 2078 manilium
1143 2024 1369 2079 acervum.
1384 2039 1425 2079 m.
1437 2026 1524 2076 maul-

299 2105 381 2155 mium
400 2100 437 2154 D·
453 2097 468 2167 ll
485 2097 510 2152 4.
530 2091 653 2165 procons.
676 2105 734 2166 (per
758 2097 947 2167 compendium)
969 2097 1034 2151 AB.
1058 2099 1218 2162 proconsule
1240 2095 1317 2150 Torr.
1334 2095 1347 2161 ΙΙ
1364 2093 1389 2147 li.
1409 2097 1524 2146 dextrae
1603 2132 1608 2140 .

301 2171 378 2226 Torr.
391 2171 404 2240 ll
416 2168 442 2222 8.
460 2175 518 2222 suis
537 2186 585 2222 em.
605 2169 640 2223 E.
652 2170 665 2238 ΙΙ
678 2173 813 2234 praecepit
831 2169 867 2223 E.
877 2170 892 2237 ΙΙ
903 2168 929 2221 s.
947 2169 1037 2235 terris}
1058 2166 1120 2221 cdd.
1140 2173 1243 2231 petrem
1261 2166 1290 2219 F.
1302 2169 1316 2236 ΙΙ
1331 2166 1369 2219 tu.
1391 2171 1478 2217 nosce
1496 2165 1524 2218 E

300 2249 326 2296 ct
344 2242 395 2295 itu.
413 2259 445 2293 cs
463 2241 492 2293 ia
508 2257 605 2294 rasura
624 2239 650 2294 C.
663 2242 676 2307 ΙΙ
691 2240 730 2292 ll.
750 2243 888 2292 arbitrium
907 2238 936 2294 F.
948 2242 962 2309 ΙΙ
973 2244 1104 2291 statueret
1121 2237 1157 2290 D.
1169 2238 1184 2306 ΙΙ
1197 2237 1237 2291 te.
1251 2239 1344 2304 utque]
1364 2253 1414 2290 em.
1430 2234 1485 2289 CF
1499 2241 1526 2287 et

297 2329 341 2384 pr.
360 2313 393 2369 A.
418 2317 446 2364 ut
464 2328 534 2364 cerr.
552 2311 584 2364 Α.
609 2314 633 2362 si
652 2311 687 2364 D.
712 2330 745 2362 uc
763 2311 875 2364 E'lbrr.
900 2329 932 2362 sc
956 2313 981 2362 si
999 2309 1030 2363 Γ.
1047 2309 1061 2378 ΙΙ
1077 2313 1200 2362 sanctum
1225 2313 1252 2361 et
1274 2310 1440 2361 immutabile
1459 2305 1488 2360 F.
1500 2306 1516 2375 ΙΙ

299 2384 477 2451 tollamque]
497 2386 632 2450 totumque
650 2381 681 2434 A.
702 2387 810 2446 totaque
830 2381 860 2435 C.
876 2386 966 2449 totque
984 2381 1017 2436 F.

804 2487 1016 2500 --n-

301 2547 396 2599 relatio
411 2548 449 2608 ed
468 2561 514 2604 ee.
540 2559 609 2610 quse
628 2559 712 2608 supra
729 2546 762 2594 de
782 2546 865 2612 ionga
883 2544 941 2593 eius
964 2543 1101 2592 senectute
1120 2543 1299 2599 diuiserunt,
1323 2542 1350 2590 in
1371 2541 1416 2590 bis
1434 2541 1527 2589 uerbis

302 2619 387 2668 latere
412 2619 523 2668 uidetur.
564 2615 618 2666 Sed
642 2617 708 2665 nibil
732 2615 921 2664 stlirmunerim
945 2629 994 2677 pro
1018 2617 1107 2670 certe,
1130 2614 1290 2676 praesertim
1315 2627 1374 2661 cum
1399 2625 1434 2661 ne
1457 2613 1528 2661 brec

303 2689 409 2755 quidem
428 2689 499 2738 notio
518 2688 593 2737 uerbi
610 2700 746 2753 superesse
764 2687 832 2735 adeo
852 2687 978 2750 frequens
996 2685 1040 2735 stt.

374 2754 432 2810 tae.
452 2771 510 2807 cte»
527 2757 581 2809 iem
599 2761 684 2808 aetate
702 2754 845 2825 deficiente)
864 2757 903 2807 ct.
921 2756 980 2805 bin.
997 2757 1060 2819 epit.
1079 2757 1137 2806 libr.
1151 2756 1183 2803 1..
1202 2754 1270 2819 App.
1284 2755 1349 2807 l’uu.
1364 2750 1425 2815 105,
1440 2772 1469 2820 p.
1482 2750 1526 2808 48.
1595 2756 1598 2761 ’

303 2829 412 2891 Eutrop.
430 2828 487 2885 llll,
509 2826 549 2881 ll.
574 2829 671 2879 Zonur.
689 2830 737 2883 tx.
756 2823 802 2879 ti.

376 2902 497 2964 quotam
510 2903 540 2949 vct
557 2896 742 2965 quinquaqinta
752 2896 873 2965 fitiorum
889 2905 1005 2957 numme)
1031 2899 1118 2948 Dandi
1137 2912 1244 2954 casum,
1263 2898 1370 2961 optimis
1388 2899 1526 2947 codicibus

302 2969 459 3027 subtilium,
477 2969 573 3017 iniuria
590 2970 740 3019 reiecerunt
751 2970 895 3019 'l'orrcnius
914 2970 941 3017 et
953 2970 1082 3031 Kappius,
1101 2970 1170 3034 querl
1188 2984 1242 3018 non
1254 2970 1377 3018 omnibus
1395 2969 1458 3025 titis.
1476 2972 1526 3018 sed

304 3041 390 3089 tribus
407 3041 510 3088 tuntum
527 3040 674 3102 (ripple.
694 3039 827 3106 Setting.
840 3035 878 3102 5.)
896 3040 1067 3104 autquinque
1085 3042 1192 3104 (Polyb.
1206 3034 1381 3099 xxxviiii)
1399 3039 1527 3107 legitimis

305 3124 417 3178 regnum
435 3110 588 3171 reliquisset
606 3111 768 3167 Masinissur
788 3111 963 3175 nequeenim
982 3112 1016 3159 dc
1035 3112 1141 3160 minutis
1160 3111 1203 3159 bis
1222 3112 1303 3160 rebus
1322 3124 1431 3173 semper
1448 3126 1527 3159 seru·

304 3184 364 3232 rete
382 3181 463 3232 retert
481 3180 612 3231 Valerius.
648 3182 715 3241 Quiri
734 3184 804 3242 quud
824 3184 857 3231 de
870 3182 929 3230 solo
945 3195 1030 3248 regno
1042 3182 1215 3246 relinquendo
1232 3196 1267 3231 ne
1280 3182 1392 3245 loquitur
1409 3183 1527 3243 quidem,

306 3252 355 3303 sed
374 3254 408 3301 de
426 3252 532 3319 mugnis
552 3252 628 3319 regni
653 3253 770 3315 opibust
800 3254 896 3301 Verum
921 3253 990 3300 baec
1011 3252 1095 3306 lentur
1120 3252 1231 3319 grauius
1255 3255 1441 3319 argumentum
1466 3252 1528 3301 inde

306 3325 411 3387 repeto.
437 3324 507 3389 quod
530 3322 641 3372 liliorum
665 3325 882 3373 commemoratio
905 3323 1012 3372 omnino
1036 3323 1202 3372 alienissima
1224 3327 1300 3371 esset
1322 3326 1358 3371 ub
1382 3324 1434 3372 boc
1457 3323 1527 3379 terto.

305 3395 357 3445 nist
376 3395 409 3442 rte
428 3394 572 3444 heredibus
591 3396 742 3461 cogitasset
756 3396 888 3448 Valerius.
907 3395 1004 3458 qulbus
1017 3396 1045 3442 nt
1063 3394 1192 3443 diuideret
1204 3394 1281 3461 regni
1293 3407 1359 3456 opcs
1378 3395 1528 3443 arcessitus

305 3466 365 3516 erat
382 3463 480 3528 Scipio.
522 3464 614 3529 ltaque
633 3467 691 3514 sine
711 3467 789 3515 dubio
808 3466 911 3516 illorum
931 3478 1042 3514 numero
1060 3466 1128 3513 istas
1146 3478 1214 3527 opes
1233 3464 1342 3514 relictas
1360 3476 1425 3513 esse
1444 3466 1528 3527 scrip·

307 3536 388 3587 serat.
424 3536 566 3599 Eutropius
584 3550 690 3597 quoque
708 3537 769 3592 titt.
795 3532 841 3592 ll,
866 3537 894 3585 in
918 3550 1030 3585 numere
1053 3535 1166 3584 illiorum
1190 3535 1348 3598 discrepans
1373 3550 1392 3583 a
1410 3535 1528 3589 Vsterio.

298 3608 346 3745 ⁸{lips
363 3606 458 3663 refert,
483 3602 629 3657 Masinissa
647 3636 681 3645 —
699 3604 812 3658 thttt
821 3604 892 3675 filiis
908 3602 1019 3659 relictis.
1039 3604 1188 3672 Scipionem
1205 3602 1348 3656 diuisores
1366 3604 1443 3671 repsi
1460 3604 1530 3656 ister

334 3675 375 3728 ies
393 3690 447 3727 erse
466 3674 550 3729 insit.

377 3745 407 3797 in
429 3746 522 3797 lectule
546 3746 688 3809 iuberetur)
717 3750 848 3813 i’erquum
873 3750 939 3799 mire
967 3750 1019 3797 boc
1049 3746 1146 3797 dictum
1173 3748 1206 3797 de
1229 3749 1336 3798 bomine
1360 3749 1529 3798 moribundo.

307 3822 397 3878 Quare
414 3832 467 3867 non
486 3818 557 3869 maie
570 3820 723 3869 Perizonirrs
742 3820 885 3887 legendum
904 3833 969 3868 csse
986 3819 1100 3868 coniecit
1116 3816 1252 3869 intestato
1266 3816 1437 3872 ditcber'etur.
1458 3834 1529 3869 eom·

307 3900 408 3949 perans
422 3890 532 3936 uerbum
545 3888 577 3945 V.
599 3888 621 3943 1.
642 3892 694 3938 ext.
711 3887 720 3939 1
743 3892 836 3939 cortem
850 3890 1001 3957 significatu
1014 3891 1130 3951 positum
1149 3891 1183 3939 de
1196 3890 1356 3945 Alexandro.
1375 3903 1531 3957 quamquam

306 3953 432 4005 uiolentia
449 3954 535 4007 morbi
552 3955 725 4010 dilabebatur.
768 3962 843 4020 Quod
868 3960 990 4024 equidem
1014 3962 1097 4026 longe
1119 3961 1244 4023 praeiere
1266 3961 1443 4010 recentiorum
1465 3976 1530 4022 quo·

308 4026 420 4075 rendum
438 4026 564 4077 librorum
578 4032 734 4093 scripturae.
754 4032 883 4093 probatae
896 4044 914 4077 a
926 4029 1063 4087 Torrenio,
1081 4028 1242 4081 intericiunt
1254 4028 1394 4082 luterem.
1430 4031 1530 4081 Nescio

306 4098 399 4145 bimen
417 4110 453 4143 sn
471 4097 576 4148 tetendi
593 4101 681 4163 possit
697 4103 826 4149 bonorum
846 4100 971 4148 librorum
990 4102 1149 4162 conspirans
1173 4103 1362 4152 testimonium.
1381 4101 1532 4153 ·simittter

308 4168 381 4215 certe
404 4166 561 4216 tabescenti
586 4172 613 4219 et
637 4171 774 4219 ‹toticiendi
798 4172 905 4221 notione
929 4172 981 4219 boc
1002 4172 1113 4221 uerbum
1136 4174 1226 4236 posuit
1248 4172 1314 4222 Tse
1340 4173 1373 4222 Vl
1398 4188 1462 4225 uun.
1486 4170 1529 4228 50.

308 4232 364 4288 tuit
380 4233 503 4303 spiritum
520 4251 568 4287 uec
584 4237 655 4289 ultra
673 4238 778 4291 biduum
797 4238 960 4293 duraturum

378 4304 427 4360 Μ’.
445 4304 598 4369 Mantum)
615 4312 752 4361 Constanti
771 4326 861 4361 errore
879 4314 986 4362 codices
1005 4328 1065 4362 cum
1079 4314 1177 4363 Valerii
1194 4316 1372 4364 tumidiorem
1391 4316 1531 4364 uuetomm

305 4380 378 4430 hunc
395 4380 427 4432 1..
446 4379 541 4429 Marcii
559 4381 698 4431 Censorini
720 4384 747 4431 in
770 4384 910 4433 consulatu
929 4385 1065 4451 collegam
1082 4385 1204 4435 Marcnm
1222 4386 1361 4435 Manilium
1383 4386 1531 4449 appellent,

306 4466 368 4501 cum
386 4450 464 4503 fuerit
481 4450 597 4501 Manius.
622 4452 673 4516 (Cf.
693 4452 760 4516 App.
779 4454 844 4506 Pun.
864 4450 906 4506 ib.
924 4454 1007 4504 Drsir.
1025 4456 1059 4503 ad
1078 4455 1138 4505 Liu.
1156 4457 1220 4519 eptt.
1238 4458 1297 4507 libr.
1316 4456 1426 4519 xcix.)
1464 4458 1533 4505 Gon·

306 4522 424 4573 sunum
441 4524 569 4589 gesserat
592 4538 618 4575 s.
638 4538 662 4573 u.
682 4539 705 4575 c.
725 4520 786 4582 605.
809 4528 1007 4592 prorogetoqnc
1023 4527 1134 4589 imperio
1156 4527 1308 4590 insequenti
1331 4540 1439 4591 quoque
1461 4542 1532 4577 anno

306 4592 424 4643 Auium
443 4594 606 4656 prouinciam
626 4595 782 4645 obtinuerat.

372 4658 583 4732 perducamque
598 4668 749 4717 testamento
769 4670 882 4726 cauum)
908 4666 1082 4718 Manifestum
1106 4669 1149 4717 est
1171 4670 1305 4719 excidisse
1329 4670 1356 4717 is
1380 4669 1534 4733 mbuypo

308 4733 399 4785 codice
416 4735 480 4801 post
492 4732 606 4805 perinde
623 4738 803 4807 copulatiusm
822 4738 981 4805 perticulam
998 4750 1041 4792 cc.
1060 4742 1148 4809 atque.
1166 4743 1197 4790 ut
1216 4740 1261 4791 uel
1279 4740 1361 4790 aliam
1381 4754 1417 4789 ex
1434 4742 1535 4792 eodem
