3409 5400
251 499 318 565 300
701 491 761 561 DE
787 489 1073 561 CONSTANTIA.

250 660 421 747 praestitit.
466 656 645 739 Pecuniam
668 678 727 742 pro
752 657 891 741 captiuis
914 654 1091 719 Hannibali
1113 665 1357 732 numerauerat3
1384 658 1477 721 frau-

252 766 347 833 datus
372 786 412 828 ea
434 763 561 850 publice
585 764 696 828 tacuit.
741 762 900 827 Dictatori
927 774 959 825 et
980 764 1176 849 magistrum
1199 766 1344 850 equitum
1367 761 1476 827 Minu·

249 875 337 939 cium
352 873 421 936 iure
437 872 565 956 imperii
580 883 714 935 senatus
732 882 946 957 aequauerat3
961 870 1125 935 silentium
1142 872 1220 957 egit.
1256 870 1475 956 Conpluribus

200 974 206 985 '
250 992 420 1069 praeterea
446 980 573 1043 iniuriis
596 978 769 1043 lacessitus
793 980 828 1041 in
852 978 968 1041 eodem
991 979 1091 1042 animi
1113 975 1226 1041 habitu
1248 979 1385 1052 mansit,
1413 998 1474 1041 nec

250 1108 406 1176 umquam
435 1086 496 1151 sibi
519 1084 567 1149 rei
590 1083 740 1169 publicae
763 1085 911 1170 permisit
939 1087 1046 1151 irasci.
1094 1084 1174 1149 Tam
1198 1107 1416 1170 perseuerans
1438 1088 1499 1150 ins

251 1218 363 1261 amore
388 1194 521 1258 ciuium:
546 1189 624 1276 quid
647 1192 681 1255 in
704 1190 788 1255 bello
806 1191 952 1278 gerendo
976 1213 1084 1255 nonne
1104 1193 1247 1277 parcius
1265 1191 1475 1258 constantia?

249 1301 424 1387 Imperium
458 1299 644 1364 Romanmn
680 1297 844 1362 Cannensi
887 1298 1010 1385 proelio
1044 1320 1150 1384 paene
1186 1299 1385 1364 destructum
1419 1302 1476 1365 uix

251 1410 401 1475 sufficere
430 1407 472 1471 ad
501 1406 659 1469 exercitus
689 1406 930 1491 comparandos
958 1405 1139 1471 uidebatur.
1183 1404 1296 1494 Itaque
1324 1408 1476 1472 frustrari

251 1529 283 1580 et
305 1515 434 1581 eludere
457 1512 644 1577 Poenorum
674 1513 814 1599 impetus
845 1533 945 1598 quam
973 1534 1109 1577 manum
1137 1512 1287 1577 cumbis
1311 1525 1380 1579 tota
1402 1516 1474 1579 acie

250 1644 423 1689 conserere
462 1618 578 1685 melius
613 1630 721 1694 ratuS,
759 1616 907 1704 plurimis
948 1620 1244 1684 conminationibus
1278 1620 1474 1686 Hannibalis
1485 1637 1513 1681 to

249 1733 417 1804 inritatus,
440 1748 541 1812 saepe
565 1728 663 1793 etiam
687 1746 748 1810 spe
769 1726 852 1790 bene
877 1725 1043 1812 gerendae
1065 1728 1114 1789 rei
1137 1727 1263 1802 oblata,
1294 1750 1473 1814 numquam

250 1863 273 1904 a
295 1834 423 1901 consilii
445 1832 633 1899 salubritate
662 1854 703 1895 ne
727 1833 821 1917 parui
847 1831 979 1917 quidem
1002 1835 1188 1898 certaminis
1212 1834 1400 1898 discrimine
1421 1856 1475 1898 re·

252 1944 367 2017 cessit,
403 1940 556 2027 quodque
586 1948 637 2001 est
664 1937 905 2012 difficillimum,
936 1937 1056 2025 ubique
1089 1941 1140 2004 ira
1167 1962 1206 2003 ac
1234 1962 1294 2026 spe
1323 1942 1474 2027 superior

251 2050 410 2136 apparuit.
461 2046 551 2132 Ergo
587 2054 621 2107 ut
648 2044 759 2129 Scipio
788 2044 984 2131 pugnando,
1016 2046 1063 2110 ita
1095 2045 1148 2110 bie
1184 2068 1251 2111 non
1286 2047 1473 2114 dimicando

249 2158 391 2223 maxime
415 2153 537 2218 ciuitati
559 2162 690 2215 nostrae
715 2152 917 2216 succurrisse
941 2153 1034 2216 uisus
1058 2164 1118 2217 est.
1163 2152 1255 2218 Alter
1277 2156 1364 2219 enim
1387 2155 1513 2219 cele-ts

250 2266 343 2329 ritate
367 2283 430 2326 sua
452 2258 690 2346 Karthaginem
718 2260 899 2344 oppressit,
929 2259 1008 2323 alter
1038 2262 1243 2325 cunctatione
1273 2262 1308 2327 id
1335 2264 1402 2350 egit
1429 2284 1472 2327 ne

249 2371 359 2437 Roma
381 2369 521 2454 opprimi
546 2374 672 2451 posset.

208 2472 238 2538 3.
340 2476 458 2541 Gaium
482 2477 578 2539 etiam
602 2474 758 2539 Pisonem
786 2476 922 2538 mirifice
946 2485 977 2539 et
1005 2484 1192 2539 constanter
1214 2474 1396 2541 turbulento
1423 2476 1473 2541 rei

250 2582 400 2669 publicae
415 2576 419 2587 “
436 2592 521 2647 statu
556 2582 667 2668 egisse
702 2580 871 2645 consulem
901 2582 1088 2646 narratione
1123 2582 1308 2668 insequenti
1340 2580 1471 2668 patebit.

249 2688 293 2755 M.
316 2688 466 2755 Palicani
488 2687 732 2752 seditiosissimi
753 2686 897 2753 hominis
917 2689 1082 2774 pestiferis
1099 2688 1263 2754 blanditiis
1280 2701 1510 2776 praereptusao

249 2795 360 2884 populi
386 2797 481 2860 fauor
509 2794 735 2859 consularibus
768 2796 908 2860 comitiis
940 2818 1104 2860 summum
1134 2795 1278 2861 dedecus
1302 2797 1471 2861 admittere

250 2904 445 2979 conabatur,
481 2901 719 2986 amplissimum
754 2904 785 2964 ei
819 2901 946 2965 deferre
979 2904 1151 2990 imperium
1186 2904 1338 2990 cupiens,
1376 2904 1469 2967 cuius

249 3010 440 3076 taeterrimis
466 3010 546 3074 actis
571 3009 765 3093 exquisitum
788 3010 898 3094 potius
914 3009 1107 3095 supplicium
1132 3032 1231 3097 quam
1254 3009 1338 3075 ullus
1361 3010 1469 3075 honos

250 3203 273 3257 l.
291 3206 434 3272 praestitit}
455 3205 567 3257 reddidit
584 3201 611 3255 F.
625 3201 638 3272 ΙΙ
649 3207 771 3256 numerat
789 3205 824 3258 E.
835 3204 849 3274 ΙΙ
861 3205 887 3258 2.
908 3207 952 3274 ea]
973 3207 1043 3259 enim
1061 3222 1096 3257 ea
1113 3201 1142 3259 F.
1156 3203 1169 3276 ΙΙ
1182 3207 1321 3272 pocubllce
1338 3221 1383 3274 pr.
1401 3203 1433 3258 A.
1444 3205 1459 3274 ΙΙ

247 3277 376 3330 Dictatori
395 3276 431 3342 at]
458 3278 631 3342 dictatorique
655 3275 692 3328 D.
716 3279 835 3328 dictatori
862 3280 942 3329 etiarn
960 3277 994 3331 Ε.
1018 3280 1146 3328 Dictatori
1164 3280 1189 3328 ei
1210 3275 1286 3331 Torr.
1305 3275 1318 3345 ΙΙ
1337 3279 1469 3347 magistro

248 3349 271 3401 A
277 3349 302 3401 Β
308 3347 360 3401 FP
377 3352 402 3398 et
415 3362 459 3415 pr.
481 3345 509 3406 C.
524 3345 535 3416 ΙΙ
550 3345 574 3398 t.
594 3351 736 3411 praetereo
753 3363 802 3400 om.
816 3345 847 3399 Γ.
860 3347 873 3414 ΙΙ
885 3352 1032 3414 permansit
1046 3346 1123 3403 Torr.
1138 3347 1149 3420 ΙΙ
1163 3346 1189 3401 5.
1210 3365 1265 3400 rem
1284 3350 1420 3414 publicam
1432 3347 1468 3400 Ε.

248 3435 292 3472 res
311 3419 418 3485 publica
436 3417 463 3469 F.
476 3417 489 3484 ΙΙ
501 3421 568 3470 'lum
587 3447 621 3456 —
641 3415 689 3484 llis)
709 3421 813 3477 ciuinrn,
833 3421 905 3487 quid]
925 3437 974 3472 om.
993 3418 1024 3474 Γ.
1037 3420 1050 3488 ΙΙ
1061 3421 1141 3488 Tam]
1160 3423 1269 3471 tandem
1281 3418 1309 3472 F.
1325 3419 1336 3489 ΙΙ
1351 3416 1376 3472 b.
1395 3437 1469 3470 amo·

248 3505 304 3543 rem
323 3489 380 3544 AF.
395 3487 407 3560 ΙΙ
421 3491 527 3556 ciuium]
548 3487 610 3542 add.
629 3491 678 3539 tutt
697 3488 773 3542 Torr.
786 3487 799 3556 ΙΙ
817 3492 898 3557 betto]
915 3497 979 3558 post
994 3495 1112 3560 gerendo
1130 3490 1164 3543 Β.
1185 3488 1248 3541 cdd.
1272 3507 1378 3558 quoque
1400 3488 1432 3543 Γ.
1443 3489 1457 3557 ΙΙ

246 3579 333 3615 nonne
356 3578 404 3616 om.
427 3559 458 3613 Γ.
473 3557 484 3630 ΙΙ
505 3559 529 3614 8.
555 3563 671 3612 uidebat’
694 3559 726 3612 Α.
749 3563 858 3612 uidebat
881 3561 907 3613 t*
929 3566 954 3612 et
976 3577 1047 3616 corr.
1073 3561 1109 3617 G,
1135 3561 1212 3614 Torr.
1239 3561 1244 3630 1
1266 3561 1306 3616 to.
1326 3576 1468 3614 conserere

247 3636 305 3686 acie
324 3632 389 3687 ΒΓ.
402 3634 546 3702 llplnribus
565 3629 751 3693 (memora
768 3631 781 3698 11
802 3631 841 3686 11.
861 3635 951 3698 specie
971 3631 998 3684 C.
1015 3632 1029 3698 ΙΙ
1049 3630 1089 3684 12.
1108 3649 1157 3683 nec
1175 3631 1212 3686 D.
1239 3633 1244 3696 Ι
1263 3629 1303 3686 13.
1323 3632 1366 3697 ac]
1387 3637 1415 3683 et
1432 3629 1467 3687 Ε.

258 3701 325 3774 1118.
345 3707 439 3757 Gaium
457 3735 491 3744 -
511 3701 576 3772 (19.)
597 3703 697 3769 patebit
714 3719 762 3756 om.
782 3701 903 3772 [1120.
928 3706 1054 3770 pellicani
1072 3703 1161 3757 ΑΘΓ.
1184 3706 1303 3772 paligani
1321 3701 1383 3755 Dr.
1408 3706 1468 3754 Pal·

247 3777 350 3826 lacinus
370 3782 409 3827 est
426 3791 442 3826 a
462 3815 469 3829 .
487 3775 550 3829 Per.
576 3773 617 3841 Gs.
641 3773 724 3826 Erat.
745 3773 828 3827 doctr.
849 3792 917 3828 nam.
942 3773 973 3830 V.
994 3791 1024 3844 p.
1043 3771 1104 3827 237.
1122 3775 1136 3844 Η
1153 3777 1333 3843 pestifcripr.
1350 3773 1467 3842 41121.

248 3847 329 3896 decus
348 3793 462 3914 111Ιὲ11
481 3849 619 3912 imperium
638 3847 742 3898 deferre
762 3844 838 3898 Tora
851 3841 918 3914 1123.
937 3847 1018 3912 ullus]
1038 3848 1186 3912 exquisitus
1205 3843 1242 3896 D·
1260 3848 1349 3897 nullus
1367 3843 1402 3898 Ε.

317 4027 422 4072 scamas
441 4029 607 4089 aequauerat)
625 4025 683 4074 Non
696 4027 807 4076 senatus
821 4027 950 4079 consulto.
970 4026 1019 4074 sed
1032 4024 1099 4072 scito
1108 4026 1197 4088 plebei
1212 4026 1334 4093 magistri
1349 4027 1468 4089 equitum

246 4094 385 4164 imperium
403 4094 539 4144 dictatorio
559 4096 643 4144 fuisso
662 4098 804 4160 aequatum
822 4098 954 4144 testantur
966 4096 1057 4144 Liuius
1075 4095 1158 4152 xxtt
1177 4091 1213 4147 25
1232 4099 1257 4146 et
1276 4097 1343 4146 Plut.
1362 4097 1428 4148 Feb.
1442 4092 1467 4146 9.

246 4167 332 4230 Atque
351 4165 431 4214 etiam
450 4164 509 4226 ipse
523 4166 645 4215 Valerius
662 4167 693 4222 V,
713 4165 738 4223 2,
758 4163 775 4216 4
793 4169 882 4230 plebei
902 4168 997 4215 scitum
1016 4168 1049 4216 de
1062 4180 1096 4214 oa
1114 4182 1144 4216 ro
1157 4168 1256 4216 faemm
1268 4170 1468 4218 commemorat.

247 4243 306 4298 Qua
325 4237 357 4286 dc
371 4235 581 4297 causaliipsius,
602 4238 688 4285 deleto
707 4239 961 4292 senatasuocabulo,
981 4237 1077 4300 plurali
1094 4252 1204 4287 numero
1218 4243 1395 4304 aequauerant
1413 4239 1469 4307 legi

246 4309 332 4360 iussit.
375 4307 428 4357 Sed
449 4307 519 4356 recte
538 4307 591 4356 ium
611 4307 733 4356 Vorstius
756 4323 773 4356 a
795 4309 911 4358 librariis
935 4311 961 4357 in
983 4311 1071 4371 ipsum
1095 4311 1232 4358 auctorem
1254 4310 1361 4372 culpam
1380 4311 1466 4367 uertit,

247 4395 324 4446 quem
343 4380 430 4428 minus
449 4379 573 4428 accurate
592 4378 625 4428 de
644 4379 695 4426 bac
713 4393 742 4427 re
761 4380 886 4429 retulisse
905 4380 1038 4437 dicemus,
1061 4381 1141 4430 ctiam
1164 4381 1189 4429 si
1212 4384 1275 4444 post
1296 4381 1385 4443 plebei
1403 4381 1467 4430 illud

246 4453 343 4501 scitum
362 4451 562 4500 idom-senatus
581 4449 735 4500 decreuerit.
777 4450 882 4499 Etenim
904 4451 998 4500 Licinis
1016 4455 1159 4516 postquam
1181 4455 1340 4502 namauerat
1359 4453 1386 4501 in
1404 4467 1467 4502 con·

247 4524 306 4573 silio
324 4522 412 4586 plebis
431 4535 577 4583 superasse
595 4521 751 4585 popularem
771 4521 879 4569 Minucii
898 4521 1031 4579 torrorem,
1056 4524 1239 4572 auctoritatem
1264 4524 1397 4589 rogationi
1421 4525 1466 4573 de·

246 4593 339 4648 tuisse,
358 4595 449 4642 tamen
467 4592 552 4648 xxti,
566 4587 609 4650 211,
624 4588 637 4640 1
655 4591 765 4641 Fabium
784 4592 810 4640 in
828 4591 921 4641 itinere
934 4592 1036 4643 litteras
1054 4597 1165 4644 senatus
1178 4595 1338 4644 cananitide
1351 4598 1466 4660 aequato

246 4661 356 4722 imperio
376 4664 515 4726 accepisse
534 4665 629 4722 retulit,
649 4664 694 4712 ubi
714 4662 773 4712 uide
793 4677 862 4727 quae
879 4664 1017 4712 aduolauit
1035 4664 1194 4714 Gronouius.
1236 4665 1319 4715 Paulo
1338 4667 1400 4716 ante
1419 4681 1468 4715 cur

247 4731 392 4783 mutaretur
408 4735 540 4796 particula
557 4739 591 4790 et.
613 4737 674 4784 anto
692 4731 844 4800 musabum
863 4733 960 4784 idonea
978 4748 1063 4784 causa
1075 4739 1133 4788 erat
1149 4736 1231 4787 nnita.
1266 4736 1381 4787 Intendit
1396 4738 1466 4787 enim
