3409 5400
302 464 368 556 eso
719 480 1108 552 orroerrrvnmn.

304 650 486 734 expectauit
512 648 611 735 igitur
641 648 726 711 lianc
757 648 896 711 iniuriae
929 648 1146 712 maturitatem
1174 647 1211 711 0.
1241 645 1377 721 Atilius,
1412 669 1526 713 uerum

304 756 440 822 barbam
464 776 558 819 suam
581 753 793 840 permulcenti
811 752 906 818 Gallo
929 755 1111 839 scipionem
1130 752 1316 819 uehementi
1338 755 1403 818 ictu
1426 756 1527 839 capiti

303 862 419 926 inflixit
441 863 536 947 eique
560 872 690 947 propter
714 860 861 924 dolorem
885 858 929 923 ad
952 880 988 923 se
1010 859 1227 925 occidendum
1249 862 1354 925 ruenti
1376 860 1525 946 cupidius

266 968 269 977 '
304 989 424 1052 corpus
460 967 581 1031 obtulit.
641 967 721 1053 Capi
756 986 836 1051 ergo
871 966 974 1029 uirtus
1009 968 1130 1040 nescit,
1169 968 1346 1051 patientiae
1381 966 1525 1030 dedecus

302 1077 448 1161 ignorat,
476 1074 626 1139 fortunae
658 1072 870 1137 succumbere
899 1074 988 1135 omni
1010 1072 1076 1136 fato
1101 1074 1224 1136 tristius
1248 1073 1350 1148 ducit,
1378 1094 1467 1137 noua
1493 1084 1554 1137 ets

304 1184 457 1268 speciosa
481 1202 606 1267 genera
629 1180 774 1244 interitus
799 1181 977 1266 excogitat,
1001 1181 1031 1244 si
1054 1179 1229 1265 quisquam
1250 1181 1372 1256 interit,
1397 1180 1453 1266 qui
1475 1180 1525 1244 sic

304 1290 511 1375 extinguitur.

262 1391 294 1456 8.
392 1395 592 1459 Reddendus
605 1404 655 1459 est
667 1414 751 1457 nunc
764 1393 935 1457 Romanae
953 1394 1111 1457 iuuentuti
1123 1393 1250 1459 debitus
1263 1393 1388 1480 gloriae
1405 1389 1526 1466 titulus,

305 1524 388 1589 quae
412 1500 447 1567 0.
472 1502 668 1587 Sempronio
691 1500 840 1565 Atratino
870 1498 1003 1563 consule
1031 1520 1106 1563 cum
1130 1498 1263 1566 Volscis
1292 1499 1383 1584 apud
1404 1497 1527 1563 Verru-

304 1610 416 1694 ginem
438 1628 554 1693 parum
577 1630 734 1693 prospere
758 1607 944 1682 dimicante,
966 1626 1008 1669 ne
1032 1607 1121 1670 acies
1145 1616 1260 1671 nostra
1281 1607 1347 1669 iam
1370 1602 1568 1671 inclinatam

303 1714 553 1801 propelleretur,
589 1716 681 1801 equis
709 1712 845 1797 delapsa
880 1734 918 1776 se
951 1714 1026 1798 ipsa
1059 1713 1246 1777 centuriauit
1275 1718 1364 1794 atqtre
1391 1713 1528 1775 troadam

304 1823 480 1887 exercitum
509 1822 639 1905 inrupit.
672 1819 766 1899 ·Quo
801 1818 924 1882 dimoto
952 1821 1136 1903 proximum
1163 1817 1322 1883 tumulum
1355 1820 1530 1903 occupauit

305 1926 475 2011 effecitque
509 1938 545 1989 ut
578 1927 684 1990 omnis
716 1923 915 1990 Volscorum
950 1948 1132 1991 conuersus
1166 1926 1307 2009 impetus
1340 1924 1526 2012 legionibus

305 2033 426 2095 nostris
461 2033 503 2097 ad
538 2032 780 2097 confirmandus
816 2034 945 2097 animos
986 2033 1129 2097 salutare
1169 2031 1389 2095 laxamentum
1423 2030 1526 2095 daret.

304 2136 428 2222 Itaque,
453 2160 525 2203 cum
548 2140 615 2203 iam
646 2140 686 2202 de
716 2136 882 2224 trophaeis
916 2138 1097 2202 statuendis
1133 2139 1330 2223 cogitarent,
1365 2135 1528 2221 proelium
1538 2160 1567 2203 ta

304 2253 399 2306 nocte
423 2243 607 2319 dirimente,
630 2246 814 2309 uictoresne
838 2267 882 2309 an
904 2247 982 2309 uicti
1005 2242 1210 2309 discederent
1230 2244 1346 2307 incerti
1368 2242 1527 2307 abierunt.

308 2419 330 2472 1.
348 2422 540 2473 immanitatem
557 2420 592 2475 E.
604 2422 617 2491 ΙΙ
629 2440 663 2475 m.
683 2424 771 2473 atilius
791 2436 861 2473 corr.
879 2421 912 2482 A,
930 2422 993 2475 Par.
1011 2438 1047 2474 m.
1065 2423 1185 2487 papirius
1204 2434 1273 2472 cerr.
1294 2418 1322 2473 G.
1337 2417 1350 2493 ΙΙ
1370 2415 1396 2473 3.
1415 2422 1528 2485 cupidos

304 2487 337 2541 E.
349 2490 362 2561 Η
374 2488 398 2544 4.
419 2495 483 2557 Capi
502 2522 536 2531 -
555 2490 604 2558 (i.)
625 2494 796 2563 extinguitur]
816 2493 882 2543 daec
898 2510 941 2547 uu.
961 2490 1073 2544 inscruit
1088 2492 1117 2543 t'a
1127 2490 1184 2559 fiae
1203 2493 1229 2555 8.
1252 2488 1291 2542 12.
1308 2496 1370 2559 post
1385 2506 1429 2543 aa.
1442 2493 1528 2559 digni·

305 2565 353 2611 tati
371 2578 438 2614 suae
457 2566 570 2615 reddidit
589 2563 620 2617 Γ.
632 2565 645 2631 ΙΙ
657 2567 785 2629 patientia
803 2562 925 2615 ABDl'
941 2568 967 2614 et
979 2578 1024 2631 pr.
1041 2561 1068 2615 0.
1083 2562 1095 2631 Ι]
1110 2559 1135 2617 5.
1146 2562 1278 2627 fortunae]
1300 2563 1476 2615 tortitudinem
1488 2560 1527 2615 D.

327 2634 446 2697 {tristius
466 2637 535 2686 ducit
554 2638 624 2687 omui
642 2638 698 2687 tato
719 2635 795 2689 Torr.
810 2634 822 2708 ΙΙ
843 2630 868 2686 6.
889 2636 986 2685 interiit
1002 2631 1063 2685 DF
1078 2638 1104 2684 et
1121 2647 1191 2685 corr.
1212 2630 1240 2685 0.
1261 2631 1273 2700 ΙΙ
1293 2628 1319 2685 8.
1338 2635 1364 2697 s.
1382 2630 1408 2685 8.
1427 2647 1476 2683 oar.
1495 2630 1528 2685 Γ.

327 2701 371 2772 te.
391 2706 470 2769 quac]
492 2721 595 2756 erasum
612 2706 644 2758 A.
670 2712 737 2772 quod
760 2707 787 2759 0.
808 2704 869 2759 aad.
890 2711 921 2766 Q.
942 2707 1035 2756 Catulo
1053 2703 1088 2756 Ε.
1106 2705 1120 2772 ΙΙ
1137 2721 1196 2754 cum
1220 2708 1373 2769 sempronio
1399 2701 1426 2757 C.
1446 2718 1527 2770 prae·

307 2789 397 2826 nomeu
415 2791 464 2828 om.
483 2775 518 2826 Ε.
539 2773 551 2844 ΙΙ
573 2781 726 2830 consulibus
741 2793 786 2845 pr.
805 2777 839 2832 Ε.
857 2776 871 2843 ΙΙ
888 2779 1059 2846 Verruginem
1077 2773 1112 2826 Ε.
1128 2776 1143 2842 ΙΙ
1162 2771 1202 2827 lla
1222 2779 1361 2841 seipsam
1380 2773 1457 2826 fiber.
1477 2790 1527 2824 ors.

306 2844 398 2897 BCE.
410 2842 423 2910 ΙΙ
436 2849 592 2898 centuriauit
610 2850 700 2916 atque]
727 2865 775 2899 um.
794 2847 826 2902 B.
846 2854 872 2900 et
884 2864 930 2917 pr.
948 2845 1075 2900 ACDE·
1099 2849 1257 2897 centuriauit
1281 2850 1418 2912 seipsam
1436 2859 1527 2912 murac

306 2914 341 2968 Ε.
356 2918 368 2982 ΙΙ
383 2918 498 2966 bostium
517 2932 565 2970 om.
584 2917 679 2971 Aci).
697 2919 710 2986 ΙΙ
731 2917 771 2971 12.
796 2923 902 2970 demoto
920 2917 1046 2971 ABCE.
1067 2915 1080 2984 ΙΙ
1101 2915 1142 2969 13.
1161 2918 1329 2984 Volscorum]
1355 2914 1417 2969 add.
1441 2919 1468 2966 in
1495 2931 1528 2967 sa

307 2984 353 3049 (Ε)
361 2984 438 3038 l'arr.
450 2984 463 3054 lt
478 2984 517 3040 15.
537 2991 676 3057 proelium]
697 2993 787 3056 presul
806 2989 839 3043 Β.
854 2988 867 3058 ΙΙ
884 2987 924 3042 te.
943 2991 1105 3056 uictoresne]
1127 2991 1242 3040 uictores
1259 2987 1297 3040 D.

378 3145 405 3199 C.
424 3145 530 3209 Atittee)
555 3147 673 3200 ALiuio
697 3157 724 3202 et
750 3153 892 3202 Plutarcho
916 3152 1038 3213 Papirius
1063 3153 1181 3201 uocatur.
1217 3151 1258 3199 De
1276 3149 1448 3213 praenomine
1467 3163 1527 3196 cum

309 3219 383 3268 triuio
403 3221 534 3268 consentit
552 3222 633 3270 lulius
652 3223 743 3280 Puris,
768 3225 889 3273 Marcum
908 3223 1052 3279 exbibens,
1078 3221 1148 3282 quod
1166 3221 1309 3271 Plutarcho
1329 3234 1433 3285 quoque
1452 3219 1528 3267 resti-

308 3292 432 3340 tuendum
451 3305 523 3348 esse,
544 3293 587 3341 ubi
607 3294 681 3344 codd.
700 3296 799 3364 Μαρίῳ
817 3294 938 3350 tradunt,
958 3293 1058 3342 monuit
1076 3292 1311 3342 Drakenborcbius
1336 3292 1370 3338 ad
1389 3290 1447 3341 Liu.
1466 3290 1484 3337 1.
1504 3306 1528 3340 c.

308 3363 430 3411 Valerius
450 3377 527 3426 quem
548 3364 647 3412 fontem
665 3369 773 3414 secretus
792 3380 880 3426 quoue
900 3378 989 3412 errore
1013 3364 1135 3412 inductus
1154 3361 1259 3412 Atilium
1281 3360 1415 3424 posuerit,
1442 3375 1528 3425 ueque

307 3433 375 3482 cuim
396 3432 561 3483 librariorum
581 3435 632 3483 hoc
652 3441 702 3492 cst,
722 3437 844 3500 equidem
863 3449 917 3483 non
935 3435 1023 3482 habeo
1042 3435 1138 3483 dicere.

373 3500 519 3568 patientiae
538 3501 658 3560 dedecus)
677 3507 717 3554 Ita
735 3506 861 3555 librorum
881 3505 1057 3568 corruptelam
1072 3501 1203 3570 patientia
1222 3504 1374 3552 ernendauit
1399 3517 1414 3552 e
1440 3502 1528 3552 cenic-

307 3575 381 3622 ctura
400 3575 504 3622 Medius
524 3579 550 3623 ct
568 3579 630 3625 aute
643 3592 703 3626 eum
717 3578 892 3626 recentiorum
905 3576 1005 3640 aliquot
1017 3576 1136 3624 codicum
1148 3574 1256 3625 librarii.
1293 3575 1367 3632 Quod
1387 3575 1527 3637 probatum

307 3645 469 3694 aPerizoulo
489 3662 547 3696 cum
568 3649 716 3710 recepisset
733 3647 886 3703 Torreuius,
906 3650 1079 3709 praepostere
1095 3647 1216 3708 Kappius
1234 3645 1371 3695 reuocauit
1390 3645 1529 3710 uolgatam

306 3716 473 3777 scripturam,
487 3717 701 3783 distinguendam
716 3721 798 3777 ratae,
809 3715 879 3784 Capi
888 3729 948 3780 erpo
957 3713 1043 3765 uirtus
1051 3713 1278 3782 aescitpatieatr'a,
1294 3711 1406 3766 dedecus
1414 3713 1528 3780 taboret,

307 3787 441 3847 tamquam
461 3785 493 3842 is,
514 3789 557 3851 qui
576 3790 730 3850 patientiam
749 3790 865 3844 exercet,
886 3802 920 3836 ea
939 3786 998 3851 cupi
1018 3787 1067 3836 dici
1085 3789 1189 3850 posset.

378 3851 403 3903 8.
428 3856 467 3903 ef.
485 3857 542 3905 Liu.
562 3855 680 3915 1111,38.

378 3923 535 3976 emanarit
553 3933 629 3994 atque
645 3927 766 3990 testium)
787 3930 920 3978 Damnum
937 3930 964 3980 b.
984 3929 1001 3978 Ι.
1020 3929 1168 3993 archetypo
1188 3929 1272 3977 codici
1290 3929 1406 3984 illatum,
1430 3928 1457 3976 in
1475 3941 1528 3988 quo

308 3995 376 4042 haec
395 3995 455 4043 sola
474 3995 580 4048 iuuenta
599 4003 673 4056 sunt,
699 3999 771 4064 equis
795 3995 905 4066 delapsa
922 4013 951 4050 se
968 3996 1029 4065 ipsa
1047 3997 1187 4050 caecatum
1205 3997 1322 4064 inrupit,
1344 3997 1438 4047 sarciri
1456 4013 1528 4046 com·

309 4066 386 4113 mode
404 4065 493 4127 potest
513 4069 637 4131 recteque
655 4071 711 4120 fere
731 4071 857 4119 sarcitum
876 4072 918 4119 est
942 4072 976 4119 ab
1001 4071 1173 4120 emendatore
1196 4069 1256 4118 libri
1275 4067 1406 4118 Danielini
1430 4069 1530 4117 auxilio

309 4135 365 4184 iulii
385 4136 496 4193 Paridis,
517 4140 560 4199 qui
580 4141 647 4188 baec
665 4141 691 4189 in
710 4141 895 4204 compendium
914 4141 1018 4207 redegit
1035 4143 1082 4198 ite,
1105 4138 1203 4206 equites
1221 4136 1323 4190 uenter·
1341 4137 1413 4205 equis
1429 4153 1458 4189 se
1476 4137 1531 4204 ipsi

308 4203 528 4265 emturiauerurrt,
547 4209 629 4259 etita
648 4208 718 4260 acies
736 4210 857 4261 restituta
879 4215 924 4263 est.
966 4212 988 4259 li
1013 4212 1108 4277 quibus
1133 4211 1305 4260 manifestum
1328 4215 1372 4260 est
1395 4210 1530 4258 excidisse

306 4280 333 4329 iu
353 4279 501 4343 archetypo
519 4296 563 4330 uu.
582 4279 740 4332 centuriauit
757 4287 833 4348 atquc
851 4282 907 4346 (aci
928 4282 963 4344 et)
981 4280 1101 4332 hostium.
1142 4285 1200 4341 Quo
1225 4283 1296 4331 tacto
1319 4281 1451 4348 gliscente
1472 4295 1529 4329 cor-

307 4351 412 4412 ruptela
429 4349 456 4397 iu
475 4350 610 4415 plerisque
629 4352 739 4402 alterius
759 4353 877 4402 familiae
895 4354 1030 4402 codicibus
1055 4353 1190 4416 perierunt
1208 4353 1289 4402 ctiam
1308 4354 1392 4400 uerba
1412 4365 1442 4400 se
1459 4347 1530 4415 ipsa,

308 4435 365 4468 crttm
385 4421 490 4469 interim
508 4422 534 4471 in
553 4423 686 4472 nonrmllis
705 4437 738 4472 ex
757 4425 799 4473 his
820 4425 938 4473 additum
956 4425 992 4473 eit
1010 4439 1026 4474 e
1045 4424 1196 4473 coniectura
1217 4424 1281 4472 iilud
1305 4420 1430 4474 doraum.
1457 4422 1530 4482 quod

307 4491 412 4539 orrrnino
431 4493 614 4542 necessarium
634 4495 730 4557 sponte
748 4508 779 4543 se
798 4495 938 4546 offerebat.
974 4495 1057 4544 Paulo
1076 4497 1139 4557 post
1154 4495 1244 4544 deleui
1260 4495 1345 4543 uerba
1363 4490 1391 4541 ἐκ
1402 4506 1438 4549 se,
1459 4505 1531 4552 quae

308 4561 334 4608 in
353 4562 512 4611 editionibus
532 4564 700 4628 excipiebant
721 4579 818 4614 nomeu
837 4566 1009 4623 Volscorum,
1034 4566 1083 4615 sed
1108 4579 1162 4614 uon
1186 4565 1319 4616 habentur
1340 4565 1367 4612 iu
1390 4562 1531 4612 codicibus

309 4643 373 4680 mss.
402 4634 552 4684 Conuersus
577 4635 670 4685 dieitur
691 4650 744 4685 non
767 4636 883 4686 indicato
907 4637 966 4686 loco
991 4653 1043 4701 quo
1062 4649 1093 4686 ec
1118 4636 1228 4688 uerterit
1248 4633 1373 4700 impetus,
1397 4647 1478 4702 quem
1502 4633 1532 4684 iu

310 4700 412 4761 equites
430 4703 491 4753 illos
510 4705 609 4756 tectum
627 4719 691 4757 esse
710 4707 789 4758 facile
807 4707 979 4777 intellegitur.
