3409 5400
1393 471 1436 539 55

298 624 369 692 lam
380 625 544 715 Berglrius
555 629 793 716 praefationem
808 631 917 716 priore
932 628 1007 694 loeo
1019 629 1213 696 collocatam
1229 643 1331 720 negat
1347 655 1435 698 com·

200 735 352 820 positam
383 755 459 800 esee
490 757 510 800 a
537 738 718 802 recentiore
751 736 901 811 homine,
935 747 1043 802 motus
1074 738 1300 823 potissimum,
1332 753 1366 804 ut
1386 742 1435 807 ui·

200 842 313 916 detur,
335 844 644 908 commemoratione
661 843 904 930 deperditorum
919 865 1005 908 nunc
1022 845 1165 930 capitum
1182 844 1223 906 de
1238 848 1436 922 nominibus,

199 949 246 1014 de
265 950 545 1036 praenominibus,
561 949 602 1014 de
614 952 877 1038 cognominibus,
888 961 973 1015 cett.
1017 951 1106 1017 Dicit
1116 973 1258 1039 namque
1271 963 1437 1018 auctorem

200 1059 280 1122 eius
303 1057 480 1122 manifesto
504 1068 536 1122 et
556 1059 662 1144 ipsius
686 1057 812 1123 Valerii
835 1082 938 1146 opus,
962 1059 1022 1124 sed
1044 1081 1165 1123 nouem
1188 1068 1312 1122 tantum
1334 1058 1436 1124 libros

200 1166 392 1238 continens,
416 1163 458 1229 ob
482 1164 596 1230 oculos
620 1163 776 1230 habuisse
800 1177 832 1230 et
848 1167 1108 1231 abbreuiatorem
1123 1167 1205 1240 eius,
1229 1177 1327 1251 atque
1349 1164 1436 1230 hunc

201 1271 341 1360 quidem
363 1273 526 1359 integrum
549 1271 694 1336 nondum
719 1273 852 1338 amissis
885 1273 1045 1359 capitibus
1075 1273 1158 1348 illis,
1189 1294 1327 1360 quorum
1356 1271 1438 1337 tituli

200 1381 238 1443 in
264 1377 469 1465 praefatione
492 1379 652 1466 legantur,
676 1399 749 1444 cum
772 1382 806 1444 in
830 1381 905 1466 ipsa
920 1380 1063 1466 epitoma
1078 1401 1164 1444 nunc
1180 1381 1321 1466 primum
1344 1379 1437 1445 dum·

202 1495 298 1552 taxat
321 1484 362 1549 de
384 1486 651 1572 praenominibus
677 1499 777 1564 extet3
807 1487 887 1552 illud
908 1507 988 1552 uero
1017 1487 1075 1551 aab
1102 1488 1191 1571 infra
1213 1489 1332 1570 scripto
1355 1508 1438 1553 cont·

196 1593 320 1676 pendia
341 1591 548 1658 referendum
580 1613 656 1658 esse
685 1593 727 1658 ad
759 1615 817 1670 ea,
848 1613 932 1682 quae
962 1595 997 1657 in
1028 1595 1092 1657 line
1120 1605 1313 1679 sequantur,
1341 1595 1438 1657 uerbo
1515 1643 1521 1650 .

206 1700 420 1783 quidemlrdt'i
430 1700 561 1764 Paridis
572 1703 648 1765 boec
667 1707 754 1776 attat·
777 1701 875 1766 Liber
891 1702 1030 1765 decim
1051 1701 1096 1764 de
1115 1686 1437 1783 praestaminibus

203 1813 240 1870 et
264 1805 479 1870 similibus.
1092 1841 1095 1847 ·

297 1911 380 1975 Viro
405 1912 596 1978 doctissimo
621 1916 842 1980 concedamus
867 1925 993 2002 oportet
1023 1915 1078 2002 qui
1109 1919 1329 2000 composuerit
1350 1915 1438 1983 hanc

204 2019 449 2107 praefationem
465 2017 590 2086 Valerii
612 2043 733 2086 nouem
755 2021 867 2097 libros,
891 2024 947 2109 qui
965 2023 1101 2087 nuncin
1119 2021 1287 2089 codicibus
1301 2025 1437 2090 circum·

204 2127 364 2200 ferantur,
384 2127 536 2212 cognitos
548 2124 716 2200 habuisse,
740 2127 866 2192 uidisse
881 2127 1022 2192 eundem
1034 2149 1109 2190 eam
1128 2129 1315 2211 epitomem,
1338 2152 1438 2215 quam

206 2232 270 2298 sub
294 2229 427 2298 Paridis
449 2233 582 2296 nomine
605 2253 690 2297 nuno
722 2233 823 2298 edidit
852 2234 940 2320 ang.
964 2232 1084 2297 Maius.
1137 2231 1231 2296 Hane
1260 2255 1340 2298 uero
1370 2235 1437 2320 epi·

205 2351 333 2404 tomam
357 2340 523 2404 etiamtum
552 2338 656 2403 fuisso
685 2341 848 2426 integram
877 2351 909 2402 et
937 2349 1048 2402 cetera
1078 2359 1209 2425 quoque
1239 2338 1280 2402 de
1302 2340 1437 2425 reliquis

206 2445 379 2511 nomiman
403 2444 578 2532 generibus
601 2446 711 2532 capita
732 2448 807 2532 ipsa
835 2454 964 2532 praeter
990 2443 1070 2508 illud
1100 2444 1141 2506 de
1169 2445 1438 2530 praenominibus

207 2552 396 2639 amplexam
419 2571 495 2615 esse
518 2573 585 2616 non
608 2551 714 2618 solum
734 2553 864 2617 idoneis
881 2553 992 2615 causis
1015 2572 1083 2615 non
1098 2553 1216 2636 poterit
1237 2551 1355 2625 aulaei,
1378 2550 1440 2616 sed

207 2681 251 2727 ne
274 2660 347 2725 ueri
369 2657 475 2725 simile
499 2658 629 2746 quidem
654 2671 715 2724 est.
764 2658 937 2724 Decimum
966 2659 1054 2725 enim
1081 2655 1168 2721 hunc
1196 2655 1314 2721 librum
1344 2655 1438 2723 Pari·

207 2770 325 2835 densis
348 2766 534 2853 compendii
557 2788 623 2831 non
638 2789 737 2832 unum
755 2767 978 2833 tautummodo
995 2776 1092 2852 caput
1114 2762 1155 2826 de
1170 2763 1438 2850 praenominibus

208 2878 273 2945 sed
295 2888 328 2941 et
350 2876 416 2941 alia
438 2873 561 2939 similia
583 2875 783 2939 continuisse
812 2872 1026 2959 praefationis
1057 2880 1170 2936 auctor
1197 2868 1312 2956 procul
1340 2868 1439 2933 dubio

208 2992 417 3073 cognouerat
446 2990 501 3049 aut
529 3001 547 3045 e
576 2980 719 3067 capitum
749 2979 893 3044 indiculo
922 2981 1085 3066 epitomae
1115 2978 1300 3064 praemisso
1333 2978 1378 3060 (p.
1406 2975 1439 3039 2.

209 3114 267 3179 ap.
290 3090 403 3171 Maii,
431 3108 450 3151 e
478 3108 545 3174 quo
571 3108 651 3161 nos,
686 3086 814 3153 etiamsi
842 3086 1002 3173 praefatio
1030 3087 1097 3150 ista
1124 3103 1191 3148 non
1219 3081 1263 3148 ad
1291 3080 1440 3145 notitiam

210 3210 363 3266 nostram
392 3194 614 3283 peruenisset,
650 3192 737 3259 idem
768 3191 961 3257 deberemus
990 3191 1164 3278 colligere,
1195 3198 1251 3253 am
1280 3206 1322 3253 ex
1348 3186 1439 3251 initio

211 3306 335 3373 decimi
357 3302 455 3369 huius
478 3300 673 3376 uoluminis,
706 3300 793 3387 quod
822 3300 858 3363 in
880 3296 1044 3369 nonnullis
1072 3294 1198 3361 Valerii
1234 3290 1438 3379 interpolatis

212 3411 386 3479 codicibus
410 3410 446 3476 in
467 3408 555 3474 hunc
577 3410 646 3473 fere
668 3406 802 3472 modum
826 3406 968 3479 effertur,
991 3404 1108 3487 incipit
1129 3401 1207 3466 liber
1228 3400 1366 3463 decimus

353 3520 385 3600 1)
407 3518 445 3583 de
460 3515 716 3601 praeamata
740 3513 805 3595 (uel
827 3512 1037 3600 singulariter
1059 3510 1096 3573 de
1113 3506 1337 3591 praemitte).

351 3626 385 3705 2)
408 3626 446 3691 de
466 3622 651 3688 notando.

352 3731 386 3813 3)
409 3733 447 3795 de
468 3728 708 3813 copaminibua.

351 3840 387 3918 4)
410 3838 447 3903 de
468 3835 691 3920 offiromiaidtu.

353 3946 387 4025 5)
409 3945 447 4009 de
469 3942 736 4027 appellationibus.

353 4052 387 4134 6)
410 4052 447 4117 de
468 4049 620 4131 nativ).

314 4160 416 4223 Varro
437 4156 596 4241 simplicia
617 4157 652 4219 in
673 4154 768 4219 Italic
791 4162 851 4217 etc.
908 4148 962 4213 Ad
990 4148 1053 4211 tale
1075 4146 1210 4235 ¹initium
1232 4142 1323 4210 haud
1346 4141 1443 4207 dubie

215 4278 347 4355 spectat
369 4262 580 4352 praefationis
605 4264 695 4338 finis,
723 4260 819 4327 cerba
846 4257 969 4341 quidem
995 4254 1070 4319 Iulii
1100 4253 1230 4316 Paridis
1258 4254 1333 4316 Meo
1362 4254 1443 4323 mi,

172 4512 182 4531 ·
216 4504 278 4555 eod.
302 4500 364 4551 vat.
388 4514 414 4549 n.
442 4490 510 4548 l923
533 4496 577 4548 iol
604 4494 665 4546 min.
685 4508 759 4545 saec.
783 4492 847 4551 XV,
874 4492 902 4541 in
921 4490 979 4539 cod.
998 4487 1084 4537 Paris.
1102 4498 1128 4537 n.
1146 4478 1214 4536 5851
1236 4496 1309 4532 eaeo.
1327 4478 1392 4535 XV,
1417 4478 1446 4527 ln

216 4576 279 4627 eod.
298 4570 443 4623 llarlelano
462 4584 487 4621 n.
505 4562 577 4619 ttae
595 4580 667 4617 saec.
686 4566 744 4623 XV.
765 4566 798 4616 al

287 4642 313 4707 ¹)
331 4644 373 4693 lta
390 4643 418 4691 in
436 4640 580 4703 Campensl
598 4638 697 4695 codice,
717 4652 768 4703 quo
788 4647 852 4686 usus
872 4635 915 4684 est
933 4632 1009 4702 Pigh.
1053 4628 1138 4694 Atque
1164 4638 1222 4677 ema
1241 4622 1348 4701 quidem
1364 4618 1445 4670 libra·

217 4718 276 4769 rius
296 4716 349 4767 duo
367 4714 505 4778 postrema
521 4710 612 4776 capita
629 4724 664 4761 ex
681 4709 789 4779 ingenio
808 4706 944 4771 suppleuit
965 4701 1094 4766 inscripta
1118 4694 1151 4750 de
1168 4684 1385 4763 appetebantur
1397 4704 1446 4759 po·
