<?xml version="1.0" encoding="UTF-8"?>
<!DOCTYPE html PUBLIC "-//W3C//DTD XHTML 1.0 Transitional//EN"
    "http://www.w3.org/TR/xhtml1/DTD/xhtml1-transitional.dtd">
<html xmlns="http://www.w3.org/1999/xhtml" xml:lang="en" lang="en">
 <head>
  <title>
</title>
<meta http-equiv="Content-Type" content="text/html;charset=utf-8" />
  <meta name='ocr-system' content='tesseract 3.04.00' />
  <meta name='ocr-capabilities' content='ocr_page ocr_carea ocr_par ocr_line ocrx_word'/>
</head>
<body>
  <div class='ocr_page' id='page_1' title='image "./valerimaximifac00parigoog_0705.png"; bbox 0 0 3409 5400; ppageno 0'>
   <div class='ocr_carea' id='block_1_1' title="bbox 281 462 1099 547">
    <p class='ocr_par' dir='ltr' id='par_1_1' title="bbox 281 462 1099 547">
     <span class='ocr_line' id='line_1_1' title="bbox 281 462 1099 547; baseline -0.006 -13"><span class='ocrx_word' id='word_1_1' title='bbox 281 476 347 545; x_wconf 78' lang='grc'><strong>690</strong></span> <span class='ocrx_word' id='word_1_2' title='bbox 604 540 607 547; x_wconf 45' lang='grc'><em>,</em></span> <span class='ocrx_word' id='word_1_3' title='bbox 682 464 742 531; x_wconf 77' lang='lat' dir='ltr'><strong>Dis</strong></span> <span class='ocrx_word' id='word_1_4' title='bbox 765 464 842 531; x_wconf 82' lang='lat' dir='ltr'><strong>IRA</strong></span> <span class='ocrx_word' id='word_1_5' title='bbox 865 462 957 531; x_wconf 82' lang='lat' dir='ltr'><strong>AVT</strong></span> <span class='ocrx_word' id='word_1_6' title='bbox 981 463 1099 531; x_wconf 89' lang='lat' dir='ltr'><strong>ODIO.</strong></span> 
     </span>
    </p>
   </div>
   <div class='ocr_carea' id='block_1_2' title="bbox 280 616 1556 1448">
    <p class='ocr_par' dir='ltr' id='par_1_2' title="bbox 280 616 1556 1448">
     <span class='ocr_line' id='line_1_2' title="bbox 282 616 1532 713; baseline -0.014 -16"><span class='ocrx_word' id='word_1_7' title='bbox 282 632 377 697; x_wconf 84' lang='lat' dir='ltr'><strong>stinis</strong></span> <span class='ocrx_word' id='word_1_8' title='bbox 407 639 438 693; x_wconf 89' lang='lat' dir='ltr'><strong>et</strong></span> <span class='ocrx_word' id='word_1_9' title='bbox 460 626 641 693; x_wconf 85' lang='lat' dir='ltr'><strong>uisceribus</strong></span> <span class='ocrx_word' id='word_1_10' title='bbox 666 626 789 713; x_wconf 82' lang='lat' dir='ltr'><strong>egestis</strong></span> <span class='ocrx_word' id='word_1_11' title='bbox 812 623 965 689; x_wconf 88' lang='lat' dir='ltr'><strong>hominos</strong></span> <span class='ocrx_word' id='word_1_12' title='bbox 999 627 1163 697; x_wconf 81' lang='lat' dir='ltr'><strong>inserere,</strong></span> <span class='ocrx_word' id='word_1_13' title='bbox 1196 622 1242 685; x_wconf 79' lang='lat' dir='ltr'><strong>ita</strong></span> <span class='ocrx_word' id='word_1_14' title='bbox 1273 629 1309 683; x_wconf 92' lang='lat' dir='ltr'><strong>ut</strong></span> <span class='ocrx_word' id='word_1_15' title='bbox 1345 616 1532 703; x_wconf 73' lang='lat' dir='ltr'><strong>capitibus</strong></span> 
     </span>
     <span class='ocr_line' id='line_1_3' title="bbox 283 720 1530 817; baseline -0.013 -17"><span class='ocrx_word' id='word_1_16' title='bbox 283 732 505 805; x_wconf 80' lang='lat' dir='ltr'><strong>tantummodo</strong></span> <span class='ocrx_word' id='word_1_17' title='bbox 518 734 692 807; x_wconf 82' lang='lat' dir='ltr'><strong>emineant,</strong></span> <span class='ocrx_word' id='word_1_18' title='bbox 717 753 846 817; x_wconf 87' lang='lat' dir='ltr'><strong>quoque</strong></span> <span class='ocrx_word' id='word_1_19' title='bbox 871 736 930 809; x_wconf 89' lang='lat' dir='ltr'><strong>[ut]</strong></span> <span class='ocrx_word' id='word_1_20' title='bbox 946 730 1066 793; x_wconf 87' lang='lat' dir='ltr'><strong>diutins</strong></span> <span class='ocrx_word' id='word_1_21' title='bbox 1086 747 1215 815; x_wconf 79' lang='lat' dir='ltr'><strong>poenae</strong></span> <span class='ocrx_word' id='word_1_22' title='bbox 1233 726 1418 796; x_wconf 76' lang='lat' dir='ltr'><strong>sufficiant,</strong></span> <span class='ocrx_word' id='word_1_23' title='bbox 1442 720 1530 785; x_wconf 87' lang='lat' dir='ltr'><strong>cibo</strong></span> 
     </span>
     <span class='ocr_line' id='line_1_4' title="bbox 282 828 1529 928; baseline -0.014 -22"><span class='ocrx_word' id='word_1_24' title='bbox 282 854 314 907; x_wconf 87' lang='lat' dir='ltr'><strong>ct</strong></span> <span class='ocrx_word' id='word_1_25' title='bbox 335 841 468 928; x_wconf 89' lang='lat' dir='ltr'><strong>potione</strong></span> <span class='ocrx_word' id='word_1_26' title='bbox 491 838 655 903; x_wconf 80' lang='lat' dir='ltr'><strong>infelicem</strong></span> <span class='ocrx_word' id='word_1_27' title='bbox 686 838 835 923; x_wconf 87' lang='lat' dir='ltr'><strong>spiritum</strong></span> <span class='ocrx_word' id='word_1_28' title='bbox 862 856 1061 923; x_wconf 77' lang='lat' dir='ltr'><strong>prorogare,</strong></span> <span class='ocrx_word' id='word_1_29' title='bbox 1090 831 1196 897; x_wconf 90' lang='lat' dir='ltr'><strong>donec</strong></span> <span class='ocrx_word' id='word_1_30' title='bbox 1223 832 1311 897; x_wconf 88' lang='lat' dir='ltr'><strong>intus</strong></span> <span class='ocrx_word' id='word_1_31' title='bbox 1336 828 1529 915; x_wconf 69' lang='lat' dir='ltr'><strong>putrefacti</strong></span> 
     </span>
     <span class='ocr_line' id='line_1_5' title="bbox 280 934 1530 1027; baseline -0.013 -15"><span class='ocrx_word' id='word_1_32' title='bbox 280 947 416 1013; x_wconf 83' lang='lat' dir='ltr'><strong>laniatui</strong></span> <span class='ocrx_word' id='word_1_33' title='bbox 439 946 505 1009; x_wconf 91' lang='lat' dir='ltr'><strong>sint</strong></span> <span class='ocrx_word' id='word_1_34' title='bbox 528 943 733 1015; x_wconf 79' lang='lat' dir='ltr'><strong>animalibus,</strong></span> <span class='ocrx_word' id='word_1_35' title='bbox 759 962 841 1027; x_wconf 82' lang='lat' dir='ltr'><strong>ques</strong></span> <span class='ocrx_word' id='word_1_36' title='bbox 866 941 985 1005; x_wconf 81' lang='lat' dir='ltr'><strong>tabidis</strong></span> <span class='ocrx_word' id='word_1_37' title='bbox 1008 942 1044 1004; x_wconf 91' lang='lat' dir='ltr'><strong>in</strong></span> <span class='ocrx_word' id='word_1_38' title='bbox 1064 937 1255 1023; x_wconf 80' lang='lat' dir='ltr'><strong>corporibus</strong></span> <span class='ocrx_word' id='word_1_39' title='bbox 1271 936 1367 1001; x_wconf 86' lang='lat' dir='ltr'><strong>nasci</strong></span> <span class='ocrx_word' id='word_1_40' title='bbox 1395 934 1530 999; x_wconf 82' lang='lat' dir='ltr'><strong>solent</strong></span> 
     </span>
     <span class='ocr_line' id='line_1_6' title="bbox 283 1043 1556 1135; baseline -0.015 -17"><span class='ocrx_word' id='word_1_41' title='bbox 283 1052 466 1135; x_wconf 84' lang='lat' dir='ltr'><strong>Queremur</strong></span> <span class='ocrx_word' id='word_1_42' title='bbox 489 1072 575 1115; x_wconf 89' lang='lat' dir='ltr'><strong>nunc</strong></span> <span class='ocrx_word' id='word_1_43' title='bbox 600 1071 674 1113; x_wconf 83' lang='lat' dir='ltr'><strong>cunt</strong></span> <span class='ocrx_word' id='word_1_44' title='bbox 698 1070 805 1111; x_wconf 90' lang='lat' dir='ltr'><strong>rerum</strong></span> <span class='ocrx_word' id='word_1_45' title='bbox 830 1059 959 1121; x_wconf 80' lang='lat' dir='ltr'><strong>nature,</strong></span> <span class='ocrx_word' id='word_1_46' title='bbox 988 1044 1077 1131; x_wconf 89' lang='lat' dir='ltr'><strong>quod</strong></span> <span class='ocrx_word' id='word_1_47' title='bbox 1099 1066 1162 1109; x_wconf 88' lang='lat' dir='ltr'><strong>nos</strong></span> <span class='ocrx_word' id='word_1_48' title='bbox 1184 1043 1295 1107; x_wconf 85' lang='lat' dir='ltr'><strong>multis</strong></span> <span class='ocrx_word' id='word_1_49' title='bbox 1323 1054 1357 1106; x_wconf 86' lang='lat' dir='ltr'><strong>et</strong></span> <span class='ocrx_word' id='word_1_50' title='bbox 1380 1043 1556 1128; x_wconf 77' lang='lat' dir='ltr'><strong>asper-iss</strong></span> 
     </span>
     <span class='ocr_line' id='line_1_7' title="bbox 283 1148 1529 1225; baseline -0.011 0"><span class='ocrx_word' id='word_1_51' title='bbox 283 1158 445 1225; x_wconf 79' lang='lat' dir='ltr'><strong>aduersae</strong></span> <span class='ocrx_word' id='word_1_52' title='bbox 469 1154 665 1219; x_wconf 84' lang='lat' dir='ltr'><strong>ualetudinis</strong></span> <span class='ocrx_word' id='word_1_53' title='bbox 689 1152 907 1218; x_wconf 85' lang='lat' dir='ltr'><strong>incommodis</strong></span> <span class='ocrx_word' id='word_1_54' title='bbox 936 1151 1096 1215; x_wconf 83' lang='lat' dir='ltr'><strong>obnoxios</strong></span> <span class='ocrx_word' id='word_1_55' title='bbox 1126 1172 1203 1215; x_wconf 86' lang='lat' dir='ltr'><strong>esse</strong></span> <span class='ocrx_word' id='word_1_56' title='bbox 1230 1148 1389 1225; x_wconf 84' lang='lat' dir='ltr'><strong>uoluerit,</strong></span> <span class='ocrx_word' id='word_1_57' title='bbox 1420 1148 1529 1213; x_wconf 75' lang='lat' dir='ltr'><strong>habi·</strong></span> 
     </span>
     <span class='ocr_line' id='line_1_8' title="bbox 282 1254 1530 1350; baseline -0.012 -21"><span class='ocrx_word' id='word_1_58' title='bbox 282 1277 415 1350; x_wconf 88' lang='lat' dir='ltr'><strong>tumque</strong></span> <span class='ocrx_word' id='word_1_59' title='bbox 440 1260 590 1327; x_wconf 78' lang='lat' dir='ltr'><strong>caelestis</strong></span> <span class='ocrx_word' id='word_1_60' title='bbox 615 1258 742 1323; x_wconf 91' lang='lat' dir='ltr'><strong>roboris</strong></span> <span class='ocrx_word' id='word_1_61' title='bbox 767 1257 931 1323; x_wconf 84' lang='lat' dir='ltr'><strong>hnmanae</strong></span> <span class='ocrx_word' id='word_1_62' title='bbox 955 1257 1142 1321; x_wconf 90' lang='lat' dir='ltr'><strong>condicioni</strong></span> <span class='ocrx_word' id='word_1_63' title='bbox 1157 1254 1356 1343; x_wconf 76' lang='lat' dir='ltr'><strong>denegatum</strong></span> <span class='ocrx_word' id='word_1_64' title='bbox 1371 1255 1530 1320; x_wconf 82' lang='lat' dir='ltr'><strong>moleste</strong></span> 
     </span>
     <span class='ocr_line' id='line_1_9' title="bbox 283 1358 1530 1448; baseline -0.01 -13"><span class='ocrx_word' id='word_1_65' title='bbox 283 1370 538 1441; x_wconf 65' lang='lat' dir='ltr'><strong>saranescum</strong></span> <span class='ocrx_word' id='word_1_66' title='bbox 563 1376 608 1429; x_wconf 91' lang='lat' dir='ltr'><strong>toi</strong></span> <span class='ocrx_word' id='word_1_67' title='bbox 631 1366 794 1429; x_wconf 80' lang='lat' dir='ltr'><strong>cruciatus</strong></span> <span class='ocrx_word' id='word_1_68' title='bbox 820 1363 950 1428; x_wconf 86' lang='lat' dir='ltr'><strong>sibimet</strong></span> <span class='ocrx_word' id='word_1_69' title='bbox 972 1363 1047 1448; x_wconf 85' lang='lat' dir='ltr'><strong>ipsa</strong></span> <span class='ocrx_word' id='word_1_70' title='bbox 1069 1360 1248 1428; x_wconf 76' lang='lat' dir='ltr'><strong>mortalitas</strong></span> <span class='ocrx_word' id='word_1_71' title='bbox 1276 1358 1417 1445; x_wconf 84' lang='lat' dir='ltr'><strong>inpulsu</strong></span> <span class='ocrx_word' id='word_1_72' title='bbox 1443 1382 1530 1424; x_wconf 87' lang='lat' dir='ltr'><strong>crn-</strong></span> 
     </span>
    </p>
   </div>
   <div class='ocr_carea' id='block_1_3' title="bbox 284 1472 691 1559">
    <p class='ocr_par' dir='ltr' id='par_1_3' title="bbox 284 1472 691 1559">
     <span class='ocr_line' id='line_1_10' title="bbox 284 1472 691 1559; baseline -0.01 -20"><span class='ocrx_word' id='word_1_73' title='bbox 284 1475 425 1541; x_wconf 87' lang='lat' dir='ltr'><strong>delitstis</strong></span> <span class='ocrx_word' id='word_1_74' title='bbox 450 1472 691 1559; x_wconf 77' lang='lat' dir='ltr'><strong>excogitauerit.</strong></span> 
     </span>
    </p>
   </div>
   <div class='ocr_carea' id='block_1_4' title="bbox 689 2118 1560 2187">
    <p class='ocr_par' dir='ltr' id='par_1_4' title="bbox 689 2118 1560 2187">
     <span class='ocr_line' id='line_1_11' title="bbox 689 2118 1560 2187; baseline -0.007 -2"><span class='ocrx_word' id='word_1_75' title='bbox 689 2120 748 2185; x_wconf 81' lang='lat' dir='ltr'><strong>DD</strong></span> <span class='ocrx_word' id='word_1_76' title='bbox 772 2120 849 2185; x_wconf 83' lang='lat' dir='ltr'><strong>IRA</strong></span> <span class='ocrx_word' id='word_1_77' title='bbox 871 2118 963 2185; x_wconf 79' lang='lat' dir='ltr'><strong>AVT</strong></span> <span class='ocrx_word' id='word_1_78' title='bbox 986 2118 1104 2187; x_wconf 85' lang='lat' dir='ltr'><strong>ODIO.</strong></span> <span class='ocrx_word' id='word_1_79' title='bbox 1533 2138 1560 2181; x_wconf 81' lang='lat' dir='ltr'><strong>u</strong></span> 
     </span>
    </p>
   </div>
   <div class='ocr_carea' id='block_1_5' title="bbox 221 2314 1519 2720">
    <p class='ocr_par' dir='ltr' id='par_1_5' title="bbox 221 2314 1519 2720">
     <span class='ocr_line' id='line_1_12' title="bbox 221 2314 1519 2405; baseline -0.005 -19"><span class='ocrx_word' id='word_1_80' title='bbox 221 2327 275 2394; x_wconf 85' lang='grc' dir='ltr'><strong>ΙΙΙ,</strong></span> <span class='ocrx_word' id='word_1_81' title='bbox 373 2318 428 2385; x_wconf 84' lang='lat' dir='ltr'><strong>Ira</strong></span> <span class='ocrx_word' id='word_1_82' title='bbox 451 2338 580 2405; x_wconf 90' lang='lat' dir='ltr'><strong>quoque</strong></span> <span class='ocrx_word' id='word_1_83' title='bbox 604 2326 659 2381; x_wconf 88' lang='lat' dir='ltr'><strong>sut</strong></span> <span class='ocrx_word' id='word_1_84' title='bbox 674 2314 785 2379; x_wconf 88' lang='lat' dir='ltr'><strong>odium</strong></span> <span class='ocrx_word' id='word_1_85' title='bbox 809 2316 842 2381; x_wconf 90' lang='lat' dir='ltr'><strong>in</strong></span> <span class='ocrx_word' id='word_1_86' title='bbox 859 2314 1045 2399; x_wconf 89' lang='lat' dir='ltr'><strong>pectoribus</strong></span> <span class='ocrx_word' id='word_1_87' title='bbox 1060 2314 1213 2381; x_wconf 84' lang='lat' dir='ltr'><strong>humenis</strong></span> <span class='ocrx_word' id='word_1_88' title='bbox 1234 2335 1378 2401; x_wconf 77' lang='lat' dir='ltr'><strong>magnos</strong></span> <span class='ocrx_word' id='word_1_89' title='bbox 1393 2314 1519 2379; x_wconf 83' lang='lat' dir='ltr'><strong>fluctus</strong></span> 
     </span>
     <span class='ocr_line' id='line_1_13' title="bbox 286 2419 1518 2511; baseline -0.002 -22"><span class='ocrx_word' id='word_1_90' title='bbox 286 2426 436 2501; x_wconf 79' lang='lat' dir='ltr'><strong>excitant,</strong></span> <span class='ocrx_word' id='word_1_91' title='bbox 458 2445 618 2511; x_wconf 91' lang='lat' dir='ltr'><strong>procursu</strong></span> <span class='ocrx_word' id='word_1_92' title='bbox 641 2421 777 2487; x_wconf 86' lang='lat' dir='ltr'><strong>celerior</strong></span> <span class='ocrx_word' id='word_1_93' title='bbox 800 2420 867 2495; x_wconf 82' lang='lat' dir='ltr'><strong>ilia,</strong></span> <span class='ocrx_word' id='word_1_94' title='bbox 890 2421 1031 2485; x_wconf 89' lang='lat' dir='ltr'><strong>nocendi</strong></span> <span class='ocrx_word' id='word_1_95' title='bbox 1046 2420 1198 2507; x_wconf 91' lang='lat' dir='ltr'><strong>cupidine</strong></span> <span class='ocrx_word' id='word_1_96' title='bbox 1212 2419 1277 2485; x_wconf 93' lang='lat' dir='ltr'><strong>hoc</strong></span> <span class='ocrx_word' id='word_1_97' title='bbox 1296 2421 1518 2505; x_wconf 79' lang='lat' dir='ltr'><strong>pertinacius.</strong></span> 
     </span>
     <span class='ocr_line' id='line_1_14' title="bbox 286 2526 1517 2618; baseline -0.003 -23"><span class='ocrx_word' id='word_1_98' title='bbox 286 2542 421 2618; x_wconf 87' lang='lat' dir='ltr'><strong>uterque</strong></span> <span class='ocrx_word' id='word_1_99' title='bbox 451 2530 723 2596; x_wconf 77' lang='lat' dir='ltr'><strong>consternationis</strong></span> <span class='ocrx_word' id='word_1_100' title='bbox 752 2526 869 2611; x_wconf 87' lang='lat' dir='ltr'><strong>plenus</strong></span> <span class='ocrx_word' id='word_1_101' title='bbox 900 2527 1038 2591; x_wconf 79' lang='lat' dir='ltr'><strong>effectus</strong></span> <span class='ocrx_word' id='word_1_102' title='bbox 1067 2549 1107 2591; x_wconf 81' lang='lat' dir='ltr'><strong>ac</strong></span> <span class='ocrx_word' id='word_1_103' title='bbox 1135 2549 1314 2613; x_wconf 79' lang='lat' dir='ltr'><strong>numquam</strong></span> <span class='ocrx_word' id='word_1_104' title='bbox 1342 2527 1419 2591; x_wconf 88' lang='lat' dir='ltr'><strong>sine</strong></span> <span class='ocrx_word' id='word_1_105' title='bbox 1448 2538 1517 2592; x_wconf 91' lang='lat' dir='ltr'><strong>tor·</strong></span> 
     </span>
     <span class='ocr_line' id='line_1_15' title="bbox 286 2631 1515 2720; baseline 0 -19"><span class='ocrx_word' id='word_1_106' title='bbox 286 2648 395 2702; x_wconf 87' lang='lat' dir='ltr'><strong>mento</strong></span> <span class='ocrx_word' id='word_1_107' title='bbox 413 2636 465 2700; x_wconf 86' lang='lat' dir='ltr'><strong>sui</strong></span> <span class='ocrx_word' id='word_1_108' title='bbox 480 2635 652 2710; x_wconf 82' lang='lat' dir='ltr'><strong>uiolentus,</strong></span> <span class='ocrx_word' id='word_1_109' title='bbox 670 2635 747 2720; x_wconf 82' lang='lat' dir='ltr'><strong>quia</strong></span> <span class='ocrx_word' id='word_1_110' title='bbox 763 2631 920 2708; x_wconf 86' lang='lat' dir='ltr'><strong>dolorem,</strong></span> <span class='ocrx_word' id='word_1_111' title='bbox 937 2654 1011 2697; x_wconf 91' lang='lat' dir='ltr'><strong>cum</strong></span> <span class='ocrx_word' id='word_1_112' title='bbox 1027 2632 1235 2708; x_wconf 77' lang='lat' dir='ltr'><strong>insensuali,</strong></span> <span class='ocrx_word' id='word_1_113' title='bbox 1250 2634 1380 2719; x_wconf 82' lang='lat' dir='ltr'><strong>petitur,</strong></span> <span class='ocrx_word' id='word_1_114' title='bbox 1396 2654 1515 2700; x_wconf 75' lang='lat' dir='ltr'><strong>amam</strong></span> 
     </span>
    </p>
   </div>
   <div class='ocr_carea' id='block_1_6' title="bbox 288 2739 1544 2826">
    <p class='ocr_par' dir='ltr' id='par_1_6' title="bbox 288 2739 1544 2826">
     <span class='ocr_line' id='line_1_16' title="bbox 288 2739 1544 2826; baseline -0.006 -18"><span class='ocrx_word' id='word_1_115' title='bbox 288 2740 505 2808; x_wconf 90' lang='lat' dir='ltr'><strong>sollicitudine</strong></span> <span class='ocrx_word' id='word_1_116' title='bbox 523 2764 564 2806; x_wconf 90' lang='lat' dir='ltr'><strong>ne</strong></span> <span class='ocrx_word' id='word_1_117' title='bbox 578 2763 645 2806; x_wconf 87' lang='lat' dir='ltr'><strong>non</strong></span> <span class='ocrx_word' id='word_1_118' title='bbox 657 2739 824 2825; x_wconf 81' lang='lat' dir='ltr'><strong>continget</strong></span> <span class='ocrx_word' id='word_1_119' title='bbox 840 2739 917 2802; x_wconf 89' lang='lat' dir='ltr'><strong>ultio</strong></span> <span class='ocrx_word' id='word_1_120' title='bbox 930 2740 1057 2803; x_wconf 70' lang='lat' dir='ltr'><strong>anxium.</strong></span> <span class='ocrx_word' id='word_1_121' title='bbox 1088 2740 1157 2804; x_wconf 85' lang='lat' dir='ltr'><strong>Sed</strong></span> <span class='ocrx_word' id='word_1_122' title='bbox 1172 2740 1380 2826; x_wconf 80' lang='lat' dir='ltr'><strong>proprietatis</strong></span> <span class='ocrx_word' id='word_1_123' title='bbox 1395 2760 1544 2804; x_wconf 81' lang='lat' dir='ltr'><strong>eorumu</strong></span> 
     </span>
    </p>
   </div>
   <div class='ocr_carea' id='block_1_7' title="bbox 288 2893 1511 3177">
    <p class='ocr_par' dir='ltr' id='par_1_7' title="bbox 288 2893 1511 2967">
     <span class='ocr_line' id='line_1_17' title="bbox 288 2893 1511 2967; baseline -0.002 -15"><span class='ocrx_word' id='word_1_124' title='bbox 288 2897 314 2953; x_wconf 71' lang='lat'><strong>2.</strong></span> <span class='ocrx_word' id='word_1_125' title='bbox 333 2913 454 2962; x_wconf 84' lang='lat' dir='ltr'><strong>quosque</strong></span> <span class='ocrx_word' id='word_1_126' title='bbox 475 2895 598 2951; x_wconf 79' lang='lat' dir='ltr'><strong>ODEF.</strong></span> <span class='ocrx_word' id='word_1_127' title='bbox 610 2897 624 2963; x_wconf 84' lang='grc' dir='ltr'><strong>ΙΙ</strong></span> <span class='ocrx_word' id='word_1_128' title='bbox 636 2900 664 2948; x_wconf 88' lang='lat' dir='ltr'><strong>ui</strong></span> <span class='ocrx_word' id='word_1_129' title='bbox 680 2912 729 2949; x_wconf 87' lang='lat' dir='ltr'><strong>om.</strong></span> <span class='ocrx_word' id='word_1_130' title='bbox 749 2893 857 2950; x_wconf 78' lang='lat' dir='ltr'><strong>PTorr.</strong></span> <span class='ocrx_word' id='word_1_131' title='bbox 868 2895 883 2963; x_wconf 88' lang='grc' dir='ltr'><strong>ΙΙ</strong></span> <span class='ocrx_word' id='word_1_132' title='bbox 894 2911 998 2962; x_wconf 80' lang='lat' dir='ltr'><strong>peenas</strong></span> <span class='ocrx_word' id='word_1_133' title='bbox 1011 2912 1056 2965; x_wconf 78' lang='lat' dir='ltr'><strong>pr.</strong></span> <span class='ocrx_word' id='word_1_134' title='bbox 1075 2895 1108 2950; x_wconf 75' lang='lat' dir='ltr'><strong>A.</strong></span> <span class='ocrx_word' id='word_1_135' title='bbox 1119 2895 1133 2963; x_wconf 92' lang='grc' dir='ltr'><strong>ΙΙ</strong></span> <span class='ocrx_word' id='word_1_136' title='bbox 1144 2899 1260 2950; x_wconf 73' lang='lat' dir='ltr'><strong>sufficiet</strong></span> <span class='ocrx_word' id='word_1_137' title='bbox 1279 2913 1325 2967; x_wconf 84' lang='lat' dir='ltr'><strong>pr.</strong></span> <span class='ocrx_word' id='word_1_138' title='bbox 1342 2896 1377 2952; x_wconf 80' lang='lat' dir='ltr'><strong>A.</strong></span> <span class='ocrx_word' id='word_1_139' title='bbox 1394 2897 1409 2966; x_wconf 87' lang='grc' dir='ltr'><strong>ΙΙ</strong></span> <span class='ocrx_word' id='word_1_140' title='bbox 1426 2896 1452 2950; x_wconf 74' lang='lat' dir='ltr'><strong>d.</strong></span> <span class='ocrx_word' id='word_1_141' title='bbox 1471 2901 1511 2949; x_wconf 80' lang='lat' dir='ltr'><strong>is·</strong></span> 
     </span>
    </p>

    <p class='ocr_par' dir='ltr' id='par_1_8' title="bbox 288 2966 1511 3038">
     <span class='ocr_line' id='line_1_18' title="bbox 288 2966 1511 3038; baseline -0.001 -20"><span class='ocrx_word' id='word_1_142' title='bbox 288 2971 358 3033; x_wconf 89' lang='lat' dir='ltr'><strong>pidis</strong></span> <span class='ocrx_word' id='word_1_143' title='bbox 379 2967 433 3021; x_wconf 78' lang='lat' dir='ltr'><strong>cF.</strong></span> <span class='ocrx_word' id='word_1_144' title='bbox 445 2967 459 3036; x_wconf 82' lang='grc' dir='ltr'><strong>ΙΙ</strong></span> <span class='ocrx_word' id='word_1_145' title='bbox 470 2966 496 3020; x_wconf 84' lang='grc'><strong>5.</strong></span> <span class='ocrx_word' id='word_1_146' title='bbox 515 2983 676 3034; x_wconf 71' lang='lat' dir='ltr'><strong>quaeremus</strong></span> <span class='ocrx_word' id='word_1_147' title='bbox 693 2981 738 3034; x_wconf 85' lang='lat' dir='ltr'><strong>pr.</strong></span> <span class='ocrx_word' id='word_1_148' title='bbox 757 2967 788 3020; x_wconf 80' lang='lat' dir='ltr'><strong>A.</strong></span> <span class='ocrx_word' id='word_1_149' title='bbox 806 2969 819 3035; x_wconf 82' lang='grc' dir='ltr'><strong>ΙΙ</strong></span> <span class='ocrx_word' id='word_1_150' title='bbox 836 2971 933 3019; x_wconf 76' lang='lat' dir='ltr'><strong>nutura</strong></span> <span class='ocrx_word' id='word_1_151' title='bbox 956 2983 1043 3018; x_wconf 86' lang='lat' dir='ltr'><strong>rerum</strong></span> <span class='ocrx_word' id='word_1_152' title='bbox 1069 2966 1145 3020; x_wconf 77' lang='lat' dir='ltr'><strong>Torr.</strong></span> <span class='ocrx_word' id='word_1_153' title='bbox 1165 2966 1178 3038; x_wconf 81' lang='grc' dir='ltr'><strong>ΙΙ</strong></span> <span class='ocrx_word' id='word_1_154' title='bbox 1193 2970 1310 3036; x_wconf 78' lang='lat' dir='ltr'><strong>nepotis]</strong></span> <span class='ocrx_word' id='word_1_155' title='bbox 1330 2971 1456 3020; x_wconf 73' lang='lat' dir='ltr'><strong>aduersis</strong></span> <span class='ocrx_word' id='word_1_156' title='bbox 1478 2967 1511 3021; x_wconf 80' lang='lat' dir='ltr'><strong>F.</strong></span> 
     </span>
    </p>

    <p class='ocr_par' dir='ltr' id='par_1_9' title="bbox 291 3033 1510 3177">
     <span class='ocr_line' id='line_1_19' title="bbox 291 3033 1510 3162; baseline 0.002 -73"><span class='ocrx_word' id='word_1_157' title='bbox 291 3038 354 3162; x_wconf 49' lang='grc' dir='ltr'><strong>νμ.</strong></span> <span class='ocrx_word' id='word_1_158' title='bbox 373 3037 526 3088; x_wconf 75' lang='lat' dir='ltr'><strong>ualitudinis</strong></span> <span class='ocrx_word' id='word_1_159' title='bbox 547 3035 699 3091; x_wconf 74' lang='lat' dir='ltr'><strong>ODEFI&#39;.</strong></span> <span class='ocrx_word' id='word_1_160' title='bbox 714 3037 726 3104; x_wconf 77' lang='grc' dir='ltr'><strong>ΙΙ</strong></span> <span class='ocrx_word' id='word_1_161' title='bbox 742 3040 822 3089; x_wconf 90' lang='lat' dir='ltr'><strong>uoluit</strong></span> <span class='ocrx_word' id='word_1_162' title='bbox 836 3053 882 3106; x_wconf 80' lang='lat' dir='ltr'><strong>pr.</strong></span> <span class='ocrx_word' id='word_1_163' title='bbox 901 3036 938 3091; x_wconf 85' lang='lat' dir='ltr'><strong>D.</strong></span> <span class='ocrx_word' id='word_1_164' title='bbox 950 3037 964 3104; x_wconf 90' lang='grc' dir='ltr'><strong>ΙΙ</strong></span> <span class='ocrx_word' id='word_1_165' title='bbox 975 3033 1000 3090; x_wconf 84' lang='grc'><strong>8.</strong></span> <span class='ocrx_word' id='word_1_166' title='bbox 1019 3040 1154 3090; x_wconf 81' lang='lat' dir='ltr'><strong>crudeliils</strong></span> <span class='ocrx_word' id='word_1_167' title='bbox 1176 3039 1208 3092; x_wconf 77' lang='grc' dir='ltr'><strong>Ε.</strong></span> <span class='ocrx_word' id='word_1_168' title='bbox 1222 3037 1235 3106; x_wconf 72' lang='grc' dir='ltr'><strong>ΙΙ</strong></span> <span class='ocrx_word' id='word_1_169' title='bbox 1253 3037 1291 3092; x_wconf 91' lang='lat' dir='ltr'><strong>lO.</strong></span> <span class='ocrx_word' id='word_1_170' title='bbox 1305 3039 1389 3107; x_wconf 81' lang='lat' dir='ltr'>AVT]</span> <span class='ocrx_word' id='word_1_171' title='bbox 1410 3049 1437 3091; x_wconf 82' lang='lat' dir='ltr'><strong>ei</strong></span> <span class='ocrx_word' id='word_1_172' title='bbox 1449 3037 1510 3092; x_wconf 79' lang='lat' dir='ltr'><strong>Dii</strong></span> 
     </span>
     <span class='ocr_line' id='line_1_20' title="bbox 313 3106 1137 3177; baseline 0.001 -16"><span class='ocrx_word' id='word_1_173' title='bbox 313 3123 368 3166; x_wconf 84' lang='lat' dir='ltr'><strong>orr.</strong></span> <span class='ocrx_word' id='word_1_174' title='bbox 381 3107 393 3177; x_wconf 86' lang='grc' dir='ltr'><strong>ΙΙ</strong></span> <span class='ocrx_word' id='word_1_175' title='bbox 410 3106 448 3161; x_wconf 93' lang='lat' dir='ltr'><strong>ii.</strong></span> <span class='ocrx_word' id='word_1_176' title='bbox 468 3109 522 3174; x_wconf 83' lang='lat' dir='ltr'><strong>sui]</strong></span> <span class='ocrx_word' id='word_1_177' title='bbox 543 3112 569 3160; x_wconf 90' lang='lat' dir='ltr'><strong>et</strong></span> <span class='ocrx_word' id='word_1_178' title='bbox 589 3107 665 3162; x_wconf 78' lang='lat' dir='ltr'><strong>Torr.</strong></span> <span class='ocrx_word' id='word_1_179' title='bbox 677 3108 691 3176; x_wconf 88' lang='grc' dir='ltr'><strong>ΙΙ</strong></span> <span class='ocrx_word' id='word_1_180' title='bbox 706 3107 745 3162; x_wconf 83' lang='grc'><strong>15.</strong></span> <span class='ocrx_word' id='word_1_181' title='bbox 764 3113 943 3173; x_wconf 80' lang='lat' dir='ltr'><strong>proprietates</strong></span> <span class='ocrx_word' id='word_1_182' title='bbox 961 3107 984 3159; x_wconf 81' lang='grc'><em>0</em></span> <span class='ocrx_word' id='word_1_183' title='bbox 999 3113 1025 3160; x_wconf 82' lang='lat' dir='ltr'><strong>et</strong></span> <span class='ocrx_word' id='word_1_184' title='bbox 1036 3123 1082 3176; x_wconf 80' lang='lat' dir='ltr'><strong>pr.</strong></span> <span class='ocrx_word' id='word_1_185' title='bbox 1100 3107 1137 3162; x_wconf 88' lang='lat' dir='ltr'><strong>D.</strong></span> 
     </span>
    </p>
   </div>
   <div class='ocr_carea' id='block_1_8' title="bbox 283 3247 1508 4733">
    <p class='ocr_par' dir='ltr' id='par_1_10' title="bbox 290 3247 1508 3460">
     <span class='ocr_line' id='line_1_21' title="bbox 364 3247 1507 3318; baseline -0.002 -16"><span class='ocrx_word' id='word_1_186' title='bbox 364 3249 405 3303; x_wconf 90' lang='lat' dir='ltr'><strong>il.</strong></span> <span class='ocrx_word' id='word_1_187' title='bbox 423 3263 522 3318; x_wconf 76' lang='lat' dir='ltr'><strong>quoquc</strong></span> <span class='ocrx_word' id='word_1_188' title='bbox 541 3249 590 3318; x_wconf 77' lang='lat' dir='ltr'><strong>[ut]</strong></span> <span class='ocrx_word' id='word_1_189' title='bbox 610 3247 720 3314; x_wconf 75' lang='lat' dir='ltr'><strong>diutius)</strong></span> <span class='ocrx_word' id='word_1_190' title='bbox 740 3251 894 3302; x_wconf 81' lang='lat' dir='ltr'><strong>Perizonius</strong></span> <span class='ocrx_word' id='word_1_191' title='bbox 912 3255 985 3302; x_wconf 84' lang='lat' dir='ltr'><strong>recte</strong></span> <span class='ocrx_word' id='word_1_192' title='bbox 1002 3251 1159 3314; x_wconf 77' lang='lat' dir='ltr'><strong>perticulam</strong></span> <span class='ocrx_word' id='word_1_193' title='bbox 1178 3255 1215 3309; x_wconf 74' lang='lat' dir='ltr'><strong>ut.</strong></span> <span class='ocrx_word' id='word_1_194' title='bbox 1234 3267 1315 3316; x_wconf 80' lang='lat' dir='ltr'><strong>quum</strong></span> <span class='ocrx_word' id='word_1_195' title='bbox 1334 3252 1507 3316; x_wconf 76' lang='lat' dir='ltr'><strong>expositionis</strong></span> 
     </span>
     <span class='ocr_line' id='line_1_22' title="bbox 290 3323 1508 3390; baseline -0.002 -17"><span class='ocrx_word' id='word_1_196' title='bbox 290 3323 379 3390; x_wconf 77' lang='lat' dir='ltr'><strong>grstia</strong></span> <span class='ocrx_word' id='word_1_197' title='bbox 396 3323 541 3386; x_wconf 75' lang='lat' dir='ltr'><strong>ascriptum</strong></span> <span class='ocrx_word' id='word_1_198' title='bbox 561 3323 636 3386; x_wconf 84' lang='lat' dir='ltr'><strong>puisi</strong></span> <span class='ocrx_word' id='word_1_199' title='bbox 654 3324 687 3372; x_wconf 83' lang='lat' dir='ltr'><strong>sd</strong></span> <span class='ocrx_word' id='word_1_200' title='bbox 706 3335 813 3389; x_wconf 77' lang='lat' dir='ltr'><strong>quoque,</strong></span> <span class='ocrx_word' id='word_1_201' title='bbox 833 3323 973 3372; x_wconf 75' lang='lat' dir='ltr'><strong>delendam</strong></span> <span class='ocrx_word' id='word_1_202' title='bbox 992 3323 1104 3381; x_wconf 81' lang='lat' dir='ltr'><strong>censuit,</strong></span> <span class='ocrx_word' id='word_1_203' title='bbox 1123 3323 1164 3372; x_wconf 89' lang='lat' dir='ltr'><strong>cui</strong></span> <span class='ocrx_word' id='word_1_204' title='bbox 1183 3325 1343 3387; x_wconf 80' lang='lat' dir='ltr'><strong>astipuletur</strong></span> <span class='ocrx_word' id='word_1_205' title='bbox 1354 3323 1508 3373; x_wconf 84' lang='lat' dir='ltr'><strong>Torrenins.</strong></span> 
     </span>
     <span class='ocr_line' id='line_1_23' title="bbox 290 3389 1058 3460; baseline 0 -17"><span class='ocrx_word' id='word_1_206' title='bbox 290 3395 359 3444; x_wconf 81' lang='lat' dir='ltr'><strong>Ante</strong></span> <span class='ocrx_word' id='word_1_207' title='bbox 377 3390 542 3442; x_wconf 76' lang='lat' dir='ltr'><strong>Perizonium</strong></span> <span class='ocrx_word' id='word_1_208' title='bbox 562 3393 643 3460; x_wconf 80' lang='lat' dir='ltr'><strong>uulgo</strong></span> <span class='ocrx_word' id='word_1_209' title='bbox 663 3394 791 3443; x_wconf 75' lang='lat' dir='ltr'><strong>edebatur</strong></span> <span class='ocrx_word' id='word_1_210' title='bbox 810 3398 886 3458; x_wconf 77' lang='lat' dir='ltr'><strong>cipue</strong></span> <span class='ocrx_word' id='word_1_211' title='bbox 903 3397 934 3442; x_wconf 81' lang='lat' dir='ltr'><strong>st</strong></span> <span class='ocrx_word' id='word_1_212' title='bbox 951 3389 1058 3444; x_wconf 72' lang='lat' dir='ltr'><strong>diutius</strong></span> 
     </span>
    </p>

    <p class='ocr_par' dir='ltr' id='par_1_11' title="bbox 283 3459 1508 4733">
     <span class='ocr_line' id='line_1_24' title="bbox 361 3459 1507 3530; baseline 0.001 -18"><span class='ocrx_word' id='word_1_213' title='bbox 361 3459 408 3513; x_wconf 80' lang='lat' dir='ltr'><strong>ira</strong></span> <span class='ocrx_word' id='word_1_214' title='bbox 426 3477 524 3529; x_wconf 76' lang='lat' dir='ltr'><strong>quoque</strong></span> <span class='ocrx_word' id='word_1_215' title='bbox 542 3467 589 3514; x_wconf 83' lang='lat' dir='ltr'><strong>aut</strong></span> <span class='ocrx_word' id='word_1_216' title='bbox 605 3459 705 3526; x_wconf 81' lang='lat' dir='ltr'><strong>odium)</strong></span> <span class='ocrx_word' id='word_1_217' title='bbox 725 3464 765 3514; x_wconf 82' lang='lat' dir='ltr'><strong>iiu</strong></span> <span class='ocrx_word' id='word_1_218' title='bbox 783 3467 876 3513; x_wconf 63' lang='lat' dir='ltr'><strong>elicior</strong></span> <span class='ocrx_word' id='word_1_219' title='bbox 894 3464 1038 3527; x_wconf 79' lang='lat' dir='ltr'><strong>scripsisse</strong></span> <span class='ocrx_word' id='word_1_220' title='bbox 1057 3464 1160 3513; x_wconf 83' lang='lat' dir='ltr'><strong>uidetur</strong></span> <span class='ocrx_word' id='word_1_221' title='bbox 1176 3464 1300 3528; x_wconf 87' lang='lat' dir='ltr'><strong>respecin</strong></span> <span class='ocrx_word' id='word_1_222' title='bbox 1311 3465 1507 3530; x_wconf 83' lang='lat' dir='ltr'><strong>insequentium</strong></span> 
     </span>
     <span class='ocr_line' id='line_1_25' title="bbox 291 3534 1507 3598; baseline -0.002 -14"><span class='ocrx_word' id='word_1_223' title='bbox 291 3536 481 3598; x_wconf 79' lang='lat' dir='ltr'><strong>exemplorum,</strong></span> <span class='ocrx_word' id='word_1_224' title='bbox 501 3547 611 3594; x_wconf 86' lang='lat' dir='ltr'><strong>quorum</strong></span> <span class='ocrx_word' id='word_1_225' title='bbox 630 3534 769 3592; x_wconf 78' lang='lat' dir='ltr'><strong>siisirem.</strong></span> <span class='ocrx_word' id='word_1_226' title='bbox 789 3535 843 3584; x_wconf 81' lang='lat' dir='ltr'><strong>siis</strong></span> <span class='ocrx_word' id='word_1_227' title='bbox 861 3535 950 3583; x_wconf 84' lang='lat' dir='ltr'><strong>odium</strong></span> <span class='ocrx_word' id='word_1_228' title='bbox 960 3536 1163 3597; x_wconf 77' lang='lat' dir='ltr'><strong>repraesentent</strong></span> <span class='ocrx_word' id='word_1_229' title='bbox 1177 3548 1210 3584; x_wconf 86' lang='lat' dir='ltr'><strong>eo</strong></span> <span class='ocrx_word' id='word_1_230' title='bbox 1228 3536 1348 3592; x_wconf 81' lang='lat' dir='ltr'><strong>consilio.</strong></span> <span class='ocrx_word' id='word_1_231' title='bbox 1368 3539 1397 3584; x_wconf 90' lang='lat' dir='ltr'><strong>ut</strong></span> <span class='ocrx_word' id='word_1_232' title='bbox 1414 3535 1507 3584; x_wconf 84' lang='lat' dir='ltr'><strong>similis</strong></span> 
     </span>
     <span class='ocr_line' id='line_1_26' title="bbox 291 3604 1507 3669; baseline 0 -14"><span class='ocrx_word' id='word_1_233' title='bbox 291 3619 382 3656; x_wconf 86' lang='lat' dir='ltr'><strong>eorum</strong></span> <span class='ocrx_word' id='word_1_234' title='bbox 401 3605 512 3655; x_wconf 78' lang='lat' dir='ltr'><strong>effectus</strong></span> <span class='ocrx_word' id='word_1_235' title='bbox 530 3605 693 3654; x_wconf 80' lang='lat' dir='ltr'><strong>ostendetur.</strong></span> <span class='ocrx_word' id='word_1_236' title='bbox 729 3605 821 3666; x_wconf 80' lang='lat' dir='ltr'><strong>itaque</strong></span> <span class='ocrx_word' id='word_1_237' title='bbox 839 3605 964 3665; x_wconf 78' lang='lat' dir='ltr'><strong>quamuis</strong></span> <span class='ocrx_word' id='word_1_238' title='bbox 982 3604 1106 3669; x_wconf 77' lang='lat' dir='ltr'><strong>aequalis</strong></span> <span class='ocrx_word' id='word_1_239' title='bbox 1124 3607 1218 3654; x_wconf 87' lang='lat' dir='ltr'><strong>codem</strong></span> <span class='ocrx_word' id='word_1_240' title='bbox 1236 3608 1321 3656; x_wconf 77' lang='lat' dir='ltr'><strong>relatu</strong></span> <span class='ocrx_word' id='word_1_241' title='bbox 1341 3607 1376 3655; x_wconf 76' lang='lat' dir='ltr'><strong>sd</strong></span> <span class='ocrx_word' id='word_1_242' title='bbox 1395 3607 1507 3655; x_wconf 77' lang='lat' dir='ltr'><strong>eundem</strong></span> 
     </span>
     <span class='ocr_line' id='line_1_27' title="bbox 291 3675 1508 3739; baseline 0.001 -15"><span class='ocrx_word' id='word_1_243' title='bbox 291 3677 423 3726; x_wconf 77' lang='lat' dir='ltr'><strong>actionem</strong></span> <span class='ocrx_word' id='word_1_244' title='bbox 443 3675 606 3738; x_wconf 76' lang='lat' dir='ltr'><strong>pertincant,</strong></span> <span class='ocrx_word' id='word_1_245' title='bbox 630 3689 679 3725; x_wconf 86' lang='lat' dir='ltr'><strong>nec</strong></span> <span class='ocrx_word' id='word_1_246' title='bbox 704 3677 810 3724; x_wconf 87' lang='lat' dir='ltr'><strong>omnino</strong></span> <span class='ocrx_word' id='word_1_247' title='bbox 834 3676 946 3726; x_wconf 82' lang='lat' dir='ltr'><strong>ultorum</strong></span> <span class='ocrx_word' id='word_1_248' title='bbox 970 3675 1056 3725; x_wconf 77' lang='lat' dir='ltr'><strong>altero</strong></span> <span class='ocrx_word' id='word_1_249' title='bbox 1078 3676 1248 3734; x_wconf 71' lang='lat' dir='ltr'><strong>excludetur,</strong></span> <span class='ocrx_word' id='word_1_250' title='bbox 1272 3678 1396 3739; x_wconf 72' lang='lat' dir='ltr'><strong>poterant</strong></span> <span class='ocrx_word' id='word_1_251' title='bbox 1418 3679 1508 3726; x_wconf 69' lang='lat' dir='ltr'><strong>temen</strong></span> 
     </span>
     <span class='ocr_line' id='line_1_28' title="bbox 290 3745 1508 3812; baseline 0.002 -18"><span class='ocrx_word' id='word_1_252' title='bbox 290 3746 359 3796; x_wconf 80' lang='lat' dir='ltr'><strong>hacc</strong></span> <span class='ocrx_word' id='word_1_253' title='bbox 377 3745 500 3812; x_wconf 79' lang='lat' dir='ltr'><strong>coniungi</strong></span> <span class='ocrx_word' id='word_1_254' title='bbox 519 3757 567 3806; x_wconf 86' lang='lat' dir='ltr'><strong>per</strong></span> <span class='ocrx_word' id='word_1_255' title='bbox 585 3749 643 3802; x_wconf 79' lang='lat' dir='ltr'><strong>sut,</strong></span> <span class='ocrx_word' id='word_1_256' title='bbox 663 3747 885 3810; x_wconf 79' lang='lat' dir='ltr'><strong>quemadmodum</strong></span> <span class='ocrx_word' id='word_1_257' title='bbox 903 3747 929 3795; x_wconf 91' lang='lat' dir='ltr'><strong>in</strong></span> <span class='ocrx_word' id='word_1_258' title='bbox 953 3747 1029 3796; x_wconf 89' lang='lat' dir='ltr'><strong>titulo</strong></span> <span class='ocrx_word' id='word_1_259' title='bbox 1048 3760 1153 3811; x_wconf 83' lang='lat' dir='ltr'><strong>quoquc</strong></span> <span class='ocrx_word' id='word_1_260' title='bbox 1170 3747 1250 3796; x_wconf 84' lang='lat' dir='ltr'><strong>huius</strong></span> <span class='ocrx_word' id='word_1_261' title='bbox 1267 3748 1378 3810; x_wconf 80' lang='lat' dir='ltr'><strong>ospitis.</strong></span> <span class='ocrx_word' id='word_1_262' title='bbox 1402 3748 1447 3812; x_wconf 88' lang='lat' dir='ltr'><strong>qui</strong></span> <span class='ocrx_word' id='word_1_263' title='bbox 1464 3749 1508 3796; x_wconf 82' lang='lat' dir='ltr'><strong>ds·</strong></span> 
     </span>
     <span class='ocr_line' id='line_1_29' title="bbox 291 3815 1507 3879; baseline 0.002 -15"><span class='ocrx_word' id='word_1_264' title='bbox 291 3819 413 3877; x_wconf 85' lang='lat' dir='ltr'><strong>sumpius</strong></span> <span class='ocrx_word' id='word_1_265' title='bbox 432 3819 475 3864; x_wconf 86' lang='lat' dir='ltr'><strong>cst</strong></span> <span class='ocrx_word' id='word_1_266' title='bbox 493 3829 508 3864; x_wconf 88' lang='lat' dir='ltr'><strong>e</strong></span> <span class='ocrx_word' id='word_1_267' title='bbox 528 3815 616 3863; x_wconf 86' lang='lat' dir='ltr'><strong>uerbis</strong></span> <span class='ocrx_word' id='word_1_268' title='bbox 636 3829 653 3862; x_wconf 84' lang='lat' dir='ltr'><strong>u</strong></span> <span class='ocrx_word' id='word_1_269' title='bbox 672 3815 777 3866; x_wconf 83' lang='lat' dir='ltr'><strong>Vnicrio</strong></span> <span class='ocrx_word' id='word_1_270' title='bbox 796 3817 822 3866; x_wconf 91' lang='lat' dir='ltr'><strong>in</strong></span> <span class='ocrx_word' id='word_1_271' title='bbox 841 3817 1041 3879; x_wconf 68' lang='lat' dir='ltr'><strong>indispositis,</strong></span> <span class='ocrx_word' id='word_1_272' title='bbox 1065 3818 1161 3867; x_wconf 80' lang='lat' dir='ltr'><strong>ecdem</strong></span> <span class='ocrx_word' id='word_1_273' title='bbox 1184 3819 1218 3868; x_wconf 88' lang='lat' dir='ltr'><strong>de</strong></span> <span class='ocrx_word' id='word_1_274' title='bbox 1236 3831 1322 3868; x_wconf 82' lang='lat' dir='ltr'><strong>csuss</strong></span> <span class='ocrx_word' id='word_1_275' title='bbox 1338 3820 1411 3868; x_wconf 84' lang='lat' dir='ltr'><strong>recte</strong></span> <span class='ocrx_word' id='word_1_276' title='bbox 1429 3819 1507 3867; x_wconf 55' lang='lat' dir='ltr'><strong>&amp;ism</strong></span> 
     </span>
     <span class='ocr_line' id='line_1_30' title="bbox 290 3883 1507 3953; baseline 0.006 -22"><span class='ocrx_word' id='word_1_277' title='bbox 290 3885 317 3932; x_wconf 88' lang='lat' dir='ltr'><strong>in</strong></span> <span class='ocrx_word' id='word_1_278' title='bbox 337 3883 440 3933; x_wconf 81' lang='lat' dir='ltr'><strong>Paridis</strong></span> <span class='ocrx_word' id='word_1_279' title='bbox 460 3885 616 3946; x_wconf 86' lang='lat' dir='ltr'><strong>compendio</strong></span> <span class='ocrx_word' id='word_1_280' title='bbox 635 3886 732 3951; x_wconf 84' lang='lat' dir='ltr'><strong>iegitur</strong></span> <span class='ocrx_word' id='word_1_281' title='bbox 750 3883 794 3936; x_wconf 80' lang='lat' dir='ltr'><strong>De</strong></span> <span class='ocrx_word' id='word_1_282' title='bbox 811 3883 856 3937; x_wconf 82' lang='lat' dir='ltr'><strong>ira</strong></span> <span class='ocrx_word' id='word_1_283' title='bbox 880 3891 925 3936; x_wconf 81' lang='lat' dir='ltr'><strong>out</strong></span> <span class='ocrx_word' id='word_1_284' title='bbox 943 3883 1013 3938; x_wconf 83' lang='lat' dir='ltr'><strong>odio.</strong></span> <span class='ocrx_word' id='word_1_285' title='bbox 1049 3887 1143 3948; x_wconf 80' lang='lat' dir='ltr'><strong>Neque</strong></span> <span class='ocrx_word' id='word_1_286' title='bbox 1166 3889 1227 3938; x_wconf 88' lang='lat' dir='ltr'><strong>ideo</strong></span> <span class='ocrx_word' id='word_1_287' title='bbox 1245 3889 1431 3938; x_wconf 71' lang='lat' dir='ltr'><strong>disiunctione</strong></span> <span class='ocrx_word' id='word_1_288' title='bbox 1448 3903 1507 3953; x_wconf 74' lang='lat' dir='ltr'><strong>par·</strong></span> 
     </span>
     <span class='ocr_line' id='line_1_31' title="bbox 289 3953 1507 4021; baseline 0.007 -21"><span class='ocrx_word' id='word_1_289' title='bbox 289 3953 397 4002; x_wconf 66' lang='lat' dir='ltr'><strong>ticinium</strong></span> <span class='ocrx_word' id='word_1_290' title='bbox 416 3957 462 4002; x_wconf 83' lang='lat' dir='ltr'><strong>aut</strong></span> <span class='ocrx_word' id='word_1_291' title='bbox 480 3954 646 4015; x_wconf 86' lang='lat' dir='ltr'><strong>copuluiiuus</strong></span> <span class='ocrx_word' id='word_1_292' title='bbox 666 3960 691 4004; x_wconf 83' lang='lat' dir='ltr'><strong>et</strong></span> <span class='ocrx_word' id='word_1_293' title='bbox 709 3957 760 4006; x_wconf 83' lang='lat' dir='ltr'><strong>uim</strong></span> <span class='ocrx_word' id='word_1_294' title='bbox 780 3959 807 4006; x_wconf 88' lang='lat' dir='ltr'><strong>ct</strong></span> <span class='ocrx_word' id='word_1_295' title='bbox 826 3958 910 4007; x_wconf 87' lang='lat' dir='ltr'><strong>uicem</strong></span> <span class='ocrx_word' id='word_1_296' title='bbox 929 3959 1049 4008; x_wconf 84' lang='lat' dir='ltr'><strong>obtinere</strong></span> <span class='ocrx_word' id='word_1_297' title='bbox 1067 3959 1188 4015; x_wconf 76' lang='lat' dir='ltr'><strong>dicimus,</strong></span> <span class='ocrx_word' id='word_1_298' title='bbox 1206 3961 1277 4021; x_wconf 85' lang='lat' dir='ltr'><strong>quod</strong></span> <span class='ocrx_word' id='word_1_299' title='bbox 1296 3959 1354 4009; x_wconf 84' lang='lat' dir='ltr'><strong>fleri</strong></span> <span class='ocrx_word' id='word_1_300' title='bbox 1365 3973 1507 4021; x_wconf 78' lang='lat' dir='ltr'><strong>numquun</strong></span> 
     </span>
     <span class='ocr_line' id='line_1_32' title="bbox 289 4023 1506 4094; baseline 0.004 -22"><span class='ocrx_word' id='word_1_301' title='bbox 289 4023 387 4086; x_wconf 72' lang='lat' dir='ltr'><strong>potest,</strong></span> <span class='ocrx_word' id='word_1_302' title='bbox 407 4024 454 4072; x_wconf 85' lang='lat' dir='ltr'><strong>sed</strong></span> <span class='ocrx_word' id='word_1_303' title='bbox 474 4023 674 4075; x_wconf 84' lang='lat' dir='ltr'><strong>disiunctionem</strong></span> <span class='ocrx_word' id='word_1_304' title='bbox 693 4027 824 4092; x_wconf 78' lang='lat' dir='ltr'><strong>quendum</strong></span> <span class='ocrx_word' id='word_1_305' title='bbox 845 4029 871 4076; x_wconf 90' lang='lat' dir='ltr'><strong>in</strong></span> <span class='ocrx_word' id='word_1_306' title='bbox 890 4042 923 4078; x_wconf 91' lang='lat' dir='ltr'><strong>co</strong></span> <span class='ocrx_word' id='word_1_307' title='bbox 941 4028 1099 4085; x_wconf 82' lang='lat' dir='ltr'><strong>inuenimus.</strong></span> <span class='ocrx_word' id='word_1_308' title='bbox 1120 4031 1189 4093; x_wconf 88' lang='lat' dir='ltr'><strong>qnod</strong></span> <span class='ocrx_word' id='word_1_309' title='bbox 1204 4043 1298 4080; x_wconf 85' lang='lat' dir='ltr'><strong>omncs</strong></span> <span class='ocrx_word' id='word_1_310' title='bbox 1317 4031 1354 4080; x_wconf 89' lang='lat' dir='ltr'><strong>iiii</strong></span> <span class='ocrx_word' id='word_1_311' title='bbox 1372 4034 1506 4094; x_wconf 69' lang='lat' dir='ltr'><strong>pectenem</strong></span> 
     </span>
     <span class='ocr_line' id='line_1_33' title="bbox 290 4093 1507 4160; baseline 0.004 -18"><span class='ocrx_word' id='word_1_312' title='bbox 290 4093 466 4142; x_wconf 77' lang='lat' dir='ltr'><strong>humanorum</strong></span> <span class='ocrx_word' id='word_1_313' title='bbox 483 4093 591 4151; x_wconf 76' lang='lat' dir='ltr'><strong>fluctus.</strong></span> <span class='ocrx_word' id='word_1_314' title='bbox 616 4097 659 4160; x_wconf 89' lang='lat' dir='ltr'><strong>qui</strong></span> <span class='ocrx_word' id='word_1_315' title='bbox 677 4097 730 4146; x_wconf 83' lang='lat' dir='ltr'><strong>ism</strong></span> <span class='ocrx_word' id='word_1_316' title='bbox 754 4102 936 4156; x_wconf 74' lang='lat' dir='ltr'><strong>recensentur.</strong></span> <span class='ocrx_word' id='word_1_317' title='bbox 955 4103 1002 4148; x_wconf 84' lang='lat' dir='ltr'><strong>sut</strong></span> <span class='ocrx_word' id='word_1_318' title='bbox 1021 4099 1063 4149; x_wconf 74' lang='lat' dir='ltr'><strong>irs</strong></span> <span class='ocrx_word' id='word_1_319' title='bbox 1080 4101 1205 4150; x_wconf 81' lang='lat' dir='ltr'><strong>untedio</strong></span> <span class='ocrx_word' id='word_1_320' title='bbox 1223 4101 1332 4150; x_wconf 73' lang='lat' dir='ltr'><strong>excitati</strong></span> <span class='ocrx_word' id='word_1_321' title='bbox 1349 4105 1418 4152; x_wconf 82' lang='lat' dir='ltr'><strong>euni.</strong></span> <span class='ocrx_word' id='word_1_322' title='bbox 1455 4101 1507 4150; x_wconf 63' lang='lat' dir='ltr'><strong>Oc</strong></span> 
     </span>
     <span class='ocr_line' id='line_1_34' title="bbox 291 4164 1508 4234; baseline 0.004 -20"><span class='ocrx_word' id='word_1_323' title='bbox 291 4165 413 4214; x_wconf 82' lang='lat' dir='ltr'><strong>scursiur</strong></span> <span class='ocrx_word' id='word_1_324' title='bbox 430 4165 519 4213; x_wconf 82' lang='lat' dir='ltr'><strong>sulem</strong></span> <span class='ocrx_word' id='word_1_325' title='bbox 538 4164 606 4214; x_wconf 82' lang='lat' dir='ltr'><strong>liscc</strong></span> <span class='ocrx_word' id='word_1_326' title='bbox 625 4165 763 4216; x_wconf 84' lang='lat' dir='ltr'><strong>disiunctio</strong></span> <span class='ocrx_word' id='word_1_327' title='bbox 788 4169 834 4216; x_wconf 80' lang='lat' dir='ltr'><strong>iiie</strong></span> <span class='ocrx_word' id='word_1_328' title='bbox 854 4170 1003 4220; x_wconf 80' lang='lat' dir='ltr'><strong>sententies</strong></span> <span class='ocrx_word' id='word_1_329' title='bbox 1022 4170 1117 4226; x_wconf 77' lang='lat' dir='ltr'><strong>torma.</strong></span> <span class='ocrx_word' id='word_1_330' title='bbox 1141 4171 1168 4219; x_wconf 90' lang='lat' dir='ltr'><strong>in</strong></span> <span class='ocrx_word' id='word_1_331' title='bbox 1191 4186 1244 4234; x_wconf 84' lang='lat' dir='ltr'><strong>que</strong></span> <span class='ocrx_word' id='word_1_332' title='bbox 1266 4185 1336 4221; x_wconf 75' lang='lat' dir='ltr'><strong>sane</strong></span> <span class='ocrx_word' id='word_1_333' title='bbox 1359 4171 1508 4234; x_wconf 79' lang='lat' dir='ltr'><strong>copulatius</strong></span> 
     </span>
     <span class='ocr_line' id='line_1_35' title="bbox 291 4231 1505 4301; baseline 0.004 -17"><span class='ocrx_word' id='word_1_334' title='bbox 291 4235 341 4301; x_wconf 83' lang='lat' dir='ltr'><strong>dici</strong></span> <span class='ocrx_word' id='word_1_335' title='bbox 361 4237 489 4298; x_wconf 80' lang='lat' dir='ltr'><strong>expectes</strong></span> <span class='ocrx_word' id='word_1_336' title='bbox 508 4231 645 4285; x_wconf 79' lang='lat' dir='ltr'><strong>etodium.</strong></span> <span class='ocrx_word' id='word_1_337' title='bbox 682 4236 805 4288; x_wconf 85' lang='lat' dir='ltr'><strong>Similiter</strong></span> <span class='ocrx_word' id='word_1_338' title='bbox 829 4238 879 4294; x_wconf 83' lang='lat'>111.</span> <span class='ocrx_word' id='word_1_339' title='bbox 902 4237 933 4295; x_wconf 76' lang='lat' dir='ltr'><strong>d.</strong></span> <span class='ocrx_word' id='word_1_340' title='bbox 952 4235 983 4296; x_wconf 81' lang='lat'><strong>3.</strong></span> <span class='ocrx_word' id='word_1_341' title='bbox 1008 4241 1054 4289; x_wconf 89' lang='lat' dir='ltr'><strong>ubi</strong></span> <span class='ocrx_word' id='word_1_342' title='bbox 1076 4241 1215 4290; x_wconf 83' lang='lat' dir='ltr'><strong>disiunctio</strong></span> <span class='ocrx_word' id='word_1_343' title='bbox 1239 4243 1351 4292; x_wconf 76' lang='lat' dir='ltr'><strong>duarum</strong></span> <span class='ocrx_word' id='word_1_344' title='bbox 1373 4242 1505 4292; x_wconf 79' lang='lat' dir='ltr'><strong>notionum</strong></span> 
     </span>
     <span class='ocr_line' id='line_1_36' title="bbox 290 4305 1505 4374; baseline 0.004 -18"><span class='ocrx_word' id='word_1_345' title='bbox 290 4306 402 4374; x_wconf 83' lang='lat' dir='ltr'><strong>sentitur</strong></span> <span class='ocrx_word' id='word_1_346' title='bbox 421 4305 477 4356; x_wconf 80' lang='lat' dir='ltr'><strong>iore</strong></span> <span class='ocrx_word' id='word_1_347' title='bbox 496 4305 582 4362; x_wconf 79' lang='lat' dir='ltr'><strong>nuile.</strong></span> <span class='ocrx_word' id='word_1_348' title='bbox 607 4307 675 4356; x_wconf 84' lang='lat' dir='ltr'><strong>sdeo</strong></span> <span class='ocrx_word' id='word_1_349' title='bbox 695 4314 722 4356; x_wconf 90' lang='lat' dir='ltr'><strong>ut</strong></span> <span class='ocrx_word' id='word_1_350' title='bbox 740 4322 787 4370; x_wconf 82' lang='lat' dir='ltr'><strong>per</strong></span> <span class='ocrx_word' id='word_1_351' title='bbox 812 4312 837 4357; x_wconf 79' lang='lat' dir='ltr'><strong>et</strong></span> <span class='ocrx_word' id='word_1_352' title='bbox 856 4323 904 4358; x_wconf 86' lang='lat' dir='ltr'><strong>eus</strong></span> <span class='ocrx_word' id='word_1_353' title='bbox 924 4312 1103 4361; x_wconf 75' lang='lat' dir='ltr'><strong>conectendos</strong></span> <span class='ocrx_word' id='word_1_354' title='bbox 1127 4325 1192 4363; x_wconf 85' lang='lat' dir='ltr'><strong>esse</strong></span> <span class='ocrx_word' id='word_1_355' title='bbox 1209 4314 1320 4372; x_wconf 72' lang='lat' dir='ltr'><strong>credas.</strong></span> <span class='ocrx_word' id='word_1_356' title='bbox 1340 4317 1432 4364; x_wconf 65' lang='lat' dir='ltr'><strong>umen</strong></span> <span class='ocrx_word' id='word_1_357' title='bbox 1454 4312 1505 4361; x_wconf 84' lang='lat' dir='ltr'><strong>dis·</strong></span> 
     </span>
     <span class='ocr_line' id='line_1_37' title="bbox 288 4376 1506 4450; baseline 0.007 -25"><span class='ocrx_word' id='word_1_358' title='bbox 288 4377 421 4427; x_wconf 89' lang='lat' dir='ltr'><strong>iunctione</strong></span> <span class='ocrx_word' id='word_1_359' title='bbox 440 4377 519 4427; x_wconf 85' lang='lat' dir='ltr'><strong>utitur</strong></span> <span class='ocrx_word' id='word_1_360' title='bbox 537 4376 673 4434; x_wconf 80' lang='lat' dir='ltr'><strong>Valerius,</strong></span> <span class='ocrx_word' id='word_1_361' title='bbox 694 4393 856 4442; x_wconf 88' lang='lat' dir='ltr'><strong>componens</strong></span> <span class='ocrx_word' id='word_1_362' title='bbox 879 4377 948 4431; x_wconf 80' lang='lat' dir='ltr'><strong>uude</strong></span> <span class='ocrx_word' id='word_1_363' title='bbox 963 4380 1124 4447; x_wconf 82' lang='lat' dir='ltr'><strong>processerit</strong></span> <span class='ocrx_word' id='word_1_364' title='bbox 1141 4385 1188 4432; x_wconf 79' lang='lat' dir='ltr'><strong>ost</strong></span> <span class='ocrx_word' id='word_1_365' title='bbox 1204 4397 1254 4449; x_wconf 78' lang='lat' dir='ltr'><strong>quo</strong></span> <span class='ocrx_word' id='word_1_366' title='bbox 1267 4381 1420 4450; x_wconf 70' lang='lat' dir='ltr'><strong>peruenerit</strong></span> <span class='ocrx_word' id='word_1_367' title='bbox 1437 4380 1506 4446; x_wconf 71' lang='lat' dir='ltr'><strong>(Ser-</strong></span> 
     </span>
     <span class='ocr_line' id='line_1_38' title="bbox 288 4443 1506 4520; baseline 0.004 -20"><span class='ocrx_word' id='word_1_368' title='bbox 288 4443 349 4500; x_wconf 81' lang='lat' dir='ltr'><strong>ttius</strong></span> <span class='ocrx_word' id='word_1_369' title='bbox 363 4443 475 4510; x_wconf 79' lang='lat' dir='ltr'><strong>Tullius)</strong></span> <span class='ocrx_word' id='word_1_370' title='bbox 494 4451 597 4498; x_wconf 75' lang='lat' dir='ltr'><strong>sicitas</strong></span> <span class='ocrx_word' id='word_1_371' title='bbox 609 4445 693 4514; x_wconf 81' lang='lat' dir='ltr'><strong>ipsius</strong></span> <span class='ocrx_word' id='word_1_372' title='bbox 705 4447 795 4500; x_wconf 82' lang='lat' dir='ltr'><strong>titulus</strong></span> <span class='ocrx_word' id='word_1_373' title='bbox 806 4454 926 4507; x_wconf 76' lang='lat' dir='ltr'><strong>testatur.</strong></span> <span class='ocrx_word' id='word_1_374' title='bbox 939 4450 1033 4503; x_wconf 82' lang='lat' dir='ltr'><strong>seruili</strong></span> <span class='ocrx_word' id='word_1_375' title='bbox 1044 4451 1195 4518; x_wconf 75' lang='lat' dir='ltr'><strong>coysouisc</strong></span> <span class='ocrx_word' id='word_1_376' title='bbox 1205 4457 1232 4504; x_wconf 79' lang='lat' dir='ltr'><strong>et</strong></span> <span class='ocrx_word' id='word_1_377' title='bbox 1248 4451 1323 4519; x_wconf 71' lang='lat' dir='ltr'><strong>repis</strong></span> <span class='ocrx_word' id='word_1_378' title='bbox 1334 4451 1506 4520; x_wconf 72' lang='lat' dir='ltr'><strong>appellatione</strong></span> 
     </span>
     <span class='ocr_line' id='line_1_39' title="bbox 283 4513 1504 4590; baseline 0.007 -24"><span class='ocrx_word' id='word_1_379' title='bbox 283 4513 427 4584; x_wconf 72' lang='lat' dir='ltr'><strong>perpletis.</strong></span> <span class='ocrx_word' id='word_1_380' title='bbox 463 4519 518 4570; x_wconf 84' lang='lat' dir='ltr'><strong>Nec</strong></span> <span class='ocrx_word' id='word_1_381' title='bbox 537 4519 645 4568; x_wconf 88' lang='lat' dir='ltr'><strong>mulium</strong></span> <span class='ocrx_word' id='word_1_382' title='bbox 664 4519 724 4570; x_wconf 89' lang='lat' dir='ltr'><strong>indc</strong></span> <span class='ocrx_word' id='word_1_383' title='bbox 744 4521 856 4572; x_wconf 87' lang='lat' dir='ltr'><strong>discedit</strong></span> <span class='ocrx_word' id='word_1_384' title='bbox 873 4525 945 4584; x_wconf 86' lang='lat' dir='ltr'><strong>qnod</strong></span> <span class='ocrx_word' id='word_1_385' title='bbox 962 4525 1070 4586; x_wconf 87' lang='lat' dir='ltr'><strong>scripsit</strong></span> <span class='ocrx_word' id='word_1_386' title='bbox 1087 4523 1140 4582; x_wconf 81' lang='lat' dir='ltr'><strong>ix,</strong></span> <span class='ocrx_word' id='word_1_387' title='bbox 1166 4520 1198 4582; x_wconf 76' lang='grc'><strong>2,</strong></span> <span class='ocrx_word' id='word_1_388' title='bbox 1222 4519 1253 4582; x_wconf 79' lang='grc'><strong>3,</strong></span> <span class='ocrx_word' id='word_1_389' title='bbox 1275 4521 1350 4574; x_wconf 73' lang='lat' dir='ltr'><strong>Adeo</strong></span> <span class='ocrx_word' id='word_1_390' title='bbox 1368 4521 1504 4590; x_wconf 63' lang='lat' dir='ltr'><strong>ssimi·</strong></span> 
     </span>
     <span class='ocr_line' id='line_1_40' title="bbox 288 4585 1504 4661; baseline 0.007 -24"><span class='ocrx_word' id='word_1_391' title='bbox 288 4585 423 4638; x_wconf 80' lang='lat' dir='ltr'><strong>iioss’ssimi</strong></span> <span class='ocrx_word' id='word_1_392' title='bbox 445 4586 557 4640; x_wconf 74' lang='lat' dir='ltr'><strong>dominis</strong></span> <span class='ocrx_word' id='word_1_393' title='bbox 576 4593 706 4656; x_wconf 79' lang='lat' dir='ltr'><strong>praetura</strong></span> <span class='ocrx_word' id='word_1_394' title='bbox 729 4589 834 4642; x_wconf 70' lang='lat' dir='ltr'><strong>mulum</strong></span> <span class='ocrx_word' id='word_1_395' title='bbox 864 4597 911 4642; x_wconf 83' lang='lat' dir='ltr'><strong>sut</strong></span> <span class='ocrx_word' id='word_1_396' title='bbox 931 4590 1112 4659; x_wconf 75' lang='lat' dir='ltr'><strong>reipublicae</strong></span> <span class='ocrx_word' id='word_1_397' title='bbox 1136 4593 1261 4646; x_wconf 68' lang='lat' dir='ltr'><strong>maiestas</strong></span> <span class='ocrx_word' id='word_1_398' title='bbox 1277 4591 1346 4646; x_wconf 68' lang='lat' dir='ltr'><strong>uuit</strong></span> <span class='ocrx_word' id='word_1_399' title='bbox 1361 4593 1457 4661; x_wconf 60' lang='lat' dir='ltr'><strong>pum</strong></span> <span class='ocrx_word' id='word_1_400' title='bbox 1479 4595 1504 4646; x_wconf 86' lang='lat' dir='ltr'><strong>in</strong></span> 
     </span>
     <span class='ocr_line' id='line_1_41' title="bbox 288 4659 1504 4733; baseline 0.007 -28"><span class='ocrx_word' id='word_1_401' title='bbox 288 4659 384 4720; x_wconf 80' lang='lat' dir='ltr'><strong>quibus</strong></span> <span class='ocrx_word' id='word_1_402' title='bbox 401 4664 495 4709; x_wconf 83' lang='lat' dir='ltr'><strong>scotor</strong></span> <span class='ocrx_word' id='word_1_403' title='bbox 513 4661 620 4712; x_wconf 87' lang='lat' dir='ltr'><strong>minime</strong></span> <span class='ocrx_word' id='word_1_404' title='bbox 638 4662 750 4712; x_wconf 74' lang='lat' dir='ltr'><strong>alierum</strong></span> <span class='ocrx_word' id='word_1_405' title='bbox 763 4665 847 4714; x_wconf 80' lang='lat' dir='ltr'><strong>altero</strong></span> <span class='ocrx_word' id='word_1_406' title='bbox 860 4664 998 4714; x_wconf 77' lang='lat' dir='ltr'><strong>intercludi</strong></span> <span class='ocrx_word' id='word_1_407' title='bbox 1011 4666 1101 4726; x_wconf 79' lang='lat' dir='ltr'><strong>uoluit,</strong></span> <span class='ocrx_word' id='word_1_408' title='bbox 1121 4667 1192 4731; x_wconf 88' lang='lat' dir='ltr'><strong>quod</strong></span> <span class='ocrx_word' id='word_1_409' title='bbox 1204 4666 1318 4717; x_wconf 87' lang='lat' dir='ltr'><strong>siiicitur</strong></span> <span class='ocrx_word' id='word_1_410' title='bbox 1328 4667 1504 4733; x_wconf 74' lang='lat' dir='ltr'><strong>gemmetics</strong></span> 
     </span>
    </p>
   </div>
   <div class='ocr_carea' id='block_1_9' title="bbox 0 0 1710 5400">
    <p class='ocr_par' dir='ltr' id='par_1_12' title="bbox 0 0 1710 5400">
     <span class='ocr_line' id='line_1_42' title="bbox 0 0 1710 5400; baseline 0 0"><span class='ocrx_word' id='word_1_411' title='bbox 0 0 1710 5400; x_wconf 95' lang='lat' dir='ltr'><strong> </strong></span> 
     </span>
    </p>
   </div>
  </div>
 </body>
</html>
