3409 5400
350 473 393 542 58

347 641 456 704 niatos
478 647 515 704 ut
536 639 697 726 pertinere
721 637 865 726 quodam
888 638 987 704 modo
1002 649 1108 727 potest
1127 637 1211 706 haec
1227 641 1405 726 inscriptio,
1425 641 1467 706 ita
1485 661 1548 726 pro·

348 748 433 812 fecto
456 747 491 812 in
514 746 729 834 designandis
741 745 838 812 huius
863 747 925 811 uiri
947 748 1033 812 curis
1057 759 1191 812 nonest
1209 740 1392 834 aptissima,
1414 749 1548 812 seiunctis

350 864 460 942 aperte
483 854 640 942 exemplis
664 854 825 919 Romanis
857 853 899 919 ab
927 851 1073 918 historiis
1102 855 1260 930 diuersiS,
1291 855 1407 942 quibus
1435 854 1505 941 quid
1524 857 1548 918 ir.

347 960 411 1027 hoc
435 983 533 1050 opere
555 960 754 1046 respondeat
775 983 843 1025 non
866 983 1036 1048 assequor.
1082 961 1125 1026 Et
1146 963 1177 1028 si
1194 961 1356 1049 Bergkius
1379 961 1548 1049 opinabatur

349 1093 370 1135 a
392 1069 474 1135 Titio
497 1068 606 1133 Probo
630 1089 769 1156 quoqne,
794 1089 891 1154 quern
911 1069 1111 1136 admodum
1134 1093 1155 1135 a
1169 1069 1250 1134 lulio
1266 1068 1396 1143 Paride,
1416 1069 1548 1134 Ianuari(

348 1177 543 1263 Nepotiano,
567 1175 651 1249 aliie,
676 1171 800 1239 Valerii
810 1174 912 1242 libros
934 1179 969 1243 in
985 1181 1146 1265 epitomae
1161 1178 1301 1241 formam
1318 1197 1393 1241 esse
1407 1176 1547 1241 redactos

349 1304 512 1348 smnmam
535 1293 645 1347 tamen
668 1281 904 1357 difficultatem,
935 1287 991 1372 qui
1015 1287 1085 1348 lieri
1108 1286 1248 1371 potuerit
1274 1297 1309 1348 ut
1337 1305 1377 1349 ex
1406 1283 1464 1348 bac
1493 1286 1548 1349 eim

348 1392 492 1476 epitoma
513 1391 649 1475 repetita
678 1389 874 1475 subscriptio
905 1393 938 1455 in
967 1392 1057 1457 calco
1089 1393 1186 1458 alieni
1215 1412 1350 1477 prorsus
1379 1393 1481 1478 operis
1505 1390 1548 1456 ad·

348 1497 506 1572 haereret,
531 1498 618 1587 quod
640 1499 830 1584 inscriptum
859 1509 929 1562 erat
951 1498 1026 1562 Iulii
1047 1501 1177 1564 Paridis
1199 1503 1333 1584 epitoma
1353 1501 1453 1564 mecm
1473 1499 1548 1562 libro

347 1627 418 1669 rum
438 1606 556 1671 Valerii
570 1607 716 1681 Muciani,
739 1627 806 1669 non
830 1605 1002 1692 expedisse
1026 1628 1063 1669 se
1086 1607 1158 1693 ipse
1180 1608 1231 1671 uir
1253 1607 1368 1672 doctus
1393 1609 1548 1671 confitetur

435 1711 478 1776 At
489 1734 592 1777 nexus
605 1712 738 1801 quidam
750 1731 889 1777 neccsse
901 1723 950 1774 est
967 1712 1050 1777 inter
1069 1725 1238 1801 utrumque
1255 1715 1360 1778 filerit.
1406 1713 1548 1778 Putaueri

345 1822 444 1909 igitur
468 1819 586 1906 aliquis
610 1801 685 1882 curn
708 1819 875 1904 praedicto
897 1819 1047 1895 librario,
1077 1821 1165 1908 quod
1192 1823 1334 1886 maxime
1365 1822 1399 1885 in
1420 1830 1548 1906 prompt

347 1939 407 2001 cst,
429 1936 556 2013 partem
577 1924 674 1990 huius
699 1925 894 2012 compendii,
918 1937 949 1989 et
972 1925 1103 2014 quidem
1119 1925 1281 1993 decimum
1297 1927 1338 1992 de
1360 1928 1548 2014 praenomin

346 2033 501 2098 uolumen
523 2053 590 2096 non
613 2055 635 2096 a
656 2030 776 2096 Paride
800 2033 861 2098 sed
884 2057 905 2098 a
927 2031 1036 2097 Probo
1060 2054 1135 2097 esse
1168 2036 1394 2120 compositum.
1445 2031 1548 2096 Verur

348 2139 426 2227 quid
448 2149 516 2204 tum
538 2149 688 2226 putemus
719 2139 759 2203 de
782 2138 913 2204 Paridis
943 2141 1070 2205 decimo
1101 2140 1199 2216 libro,
1231 2163 1328 2228 quem
1356 2139 1397 2205 ab
1428 2160 1466 2202 eo
1495 2159 1548 2201 cnr

345 2246 480 2334 reliquis
503 2267 621 2312 nouem
645 2245 919 2334 comprehensum
942 2268 1017 2313 esse
1041 2258 1072 2312 et
1095 2247 1234 2335 epistula
1255 2259 1288 2311 et
1310 2249 1452 2333 capitum
1473 2245 1548 2309 inde

347 2354 542 2420 documento
567 2351 668 2420 sunt?
704 2353 786 2436 Quis
811 2367 925 2422 contra
947 2357 1133 2420 certissima
1154 2355 1238 2419 baec
1261 2354 1449 2418 testimonia
1469 2364 1548 2416 totar

346 2461 435 2528 illam
459 2461 669 2548 particulam,
694 2483 777 2549 quae
802 2465 975 2529 coniuncta
998 2484 1072 2527 cnm
1095 2460 1364 2549 praecedentibus
1388 2460 1484 2524 nobis
1507 2472 1548 2522 tra

290 2615 295 2624 -
348 2569 416 2661 dita
439 2581 498 2643 est,
522 2566 629 2632 cidem
653 2571 778 2633 auctori
801 2568 1038 2657 abrogaueritl
1073 2569 1203 2634 Similia
1217 2567 1318 2633 multa
1339 2578 1468 2632 centum
1492 2588 1548 2652 qu<

349 2696 410 2765 que
435 2673 519 2749 aliie,
544 2695 628 2762 quae
652 2677 831 2762 excogitari
853 2689 1003 2761 possunt,
1027 2676 1234 2763 opinionibus
1266 2677 1407 2742 obstant.
1460 2672 1548 2760 Itaqu

346 2794 382 2849 ut
404 2784 624 2848 coniecturam
646 2802 844 2867 proponam,
869 2785 920 2850 cui
943 2784 1061 2849 saltem
1083 2783 1164 2848 nihil
1193 2783 1401 2859 aduersatur,
1430 2783 1548 2846 fortass

350 2892 385 2955 Ο.
403 2890 505 2955 Titius
528 2889 657 2956 Probus
681 2891 813 2978 antiquo
837 2900 982 2978 tempore
1006 2889 1153 2955 studiose
1168 2893 1335 2956 etiamtum
1351 2888 1548 2979 cogitantibt

346 2998 428 3064 uiris
452 2998 557 3063 doctis
588 2997 629 3062 de
659 2997 896 3063 conseruandis
926 3008 1073 3062 ueterum
1103 3009 1271 3063 auctorum
1300 2998 1454 3085 operibus
1487 3017 1548 3061 con

347 3105 457 3193 plures
481 3104 605 3172 similes
627 3106 711 3170 inter
734 3124 770 3169 se
793 3124 901 3170 rerum
915 3104 1177 3170 memorabilium
1192 3106 1379 3191 scriptores,
1403 3127 1424 3169 a
1439 3124 1478 3170 se
1501 3104 1548 3187 ips

349 3226 404 3279 aut
436 3212 477 3279 ab
502 3212 574 3278 aliis
598 3213 632 3277 in
660 3210 857 3298 compendia
876 3212 1044 3288 redactos,
1072 3214 1107 3277 in
1128 3234 1227 3279 unam
1257 3203 1455 3293 συναγωγήν
1478 3208 1548 3274 coll

269 3315 273 3329 '
350 3332 452 3409 gerat,
477 3320 570 3407 eique
593 3318 717 3384 titulmn
740 3320 935 3405 praefixerat
958 3319 990 3383 0.
1006 3320 1083 3383 Titii
1097 3321 1194 3384 Probi
1215 3321 1349 3405 cpdontc
1369 3315 1548 3381 satoriam

348 3431 546 3495 dioeraomm
572 3429 837 3510 memploramqae
859 3427 1079 3491 Romam.
1134 3427 1278 3510 Quorum
1309 3426 1548 3509 scriptorumt

348 3538 461 3602 timum
490 3544 670 3601 statuamus
706 3535 810 3599 firissc
840 3530 1012 3599 Valerium
1042 3532 1221 3600 Maximum
1258 3531 1488 3598 abbreulatum
1522 3551 1546 3615 p

347 3642 463 3709 Iulium
478 3641 642 3719 Paridem,
661 3652 697 3707 ut
711 3641 921 3730 significabat
935 3640 1075 3727 epistula
1094 3640 1170 3705 huic
1193 3640 1355 3726 epitomae
1377 3640 1548 3726 praemiss

350 3750 492 3834 priorem
507 3758 615 3813 autern
637 3751 734 3813 totius
750 3749 926 3813 uoluminis
942 3758 1068 3834 partem
1085 3747 1167 3812 alios
1186 3747 1300 3811 nescio
1317 3767 1401 3833 quos
1426 3756 1547 3809 auctor

350 3855 566 3920 continentem
589 3864 723 3919 nostrae
747 3857 846 3921 aetati
868 3856 1071 3942 deperditam
1095 3874 1170 3919 esse
1193 3855 1264 3918 siue
1287 3874 1379 3926 casu,
1402 3852 1480 3917 siue
1505 3872 1548 3937 qu

349 3960 517 4027 Rusticius
544 3956 715 4045 Helpidius
742 3959 942 4035 Domnulus,
980 3982 1075 4051 quem
1112 3961 1227 4026 eadem
1261 3959 1463 4045 subscriptio
1494 3956 1548 4021 hu

349 4070 466 4135 librum
489 4066 708 4153 descripsisse
732 4077 763 4129 et
779 4068 976 4135 emendasse
996 4079 1141 4144 testatur,
1165 4068 1271 4133 solum
1287 4066 1446 4131 Paridem
1470 4075 1548 4151 post

349 4177 436 4243 ritati
459 4195 593 4241 seruare
605 4173 752 4250 uoluerit,
775 4182 901 4239 retenta
912 4186 1023 4241 tamen
1033 4177 1180 4241 uniuersi
1199 4175 1308 4261 operis
1324 4173 1548 4259 subscriptior

351 4296 446 4373 atque
470 4283 582 4349 omnia
604 4284 672 4347 iam
694 4279 795 4368 plana
818 4292 920 4356 erunt,
945 4304 1029 4368 quae
1041 4283 1187 4350 difficilia
1197 4281 1391 4347 uidebantur
1404 4279 1548 4367 explica*

349 4400 475 4457 remota
497 4389 531 4453 in
558 4390 671 4474 primis
699 4389 784 4453 mira
814 4386 872 4453 illa
900 4388 941 4452 de
972 4390 1099 4456 duobus
1128 4390 1313 4456 auctoribus
1344 4387 1547 4472 discrepant

352 4521 425 4565 oum
441 4494 581 4585 epistula
595 4508 682 4560 recte
697 4496 820 4575 Paridi,
843 4499 1038 4584 subscriptio
1052 4510 1138 4562 recte
1150 4495 1258 4561 Probo
1271 4495 1390 4563 tribuat
1401 4495 1548 4579 epitome

352 4609 398 4673 ita
410 4618 444 4673 ut
456 4613 605 4671 neutrum
617 4606 836 4671 testimonium
848 4603 1049 4672 mentiatur?
1073 4602 1166 4684 Quae
1179 4603 1386 4690 suspiciones
1396 4622 1507 4689 quam
1524 4623 1548 4664 s·

354 4712 528 4801 ambiguae
548 4711 716 4801 ipsebene
740 4716 863 4791 senti03
887 4712 1064 4779 seddonec
1080 4710 1303 4799 probabiliora
1318 4709 1456 4799 prolata
1481 4730 1547 4773 eru
