3409 5400
333 895 363 963 3.

331 1434 362 1501 4.

376 535 441 602 692
558 475 565 488 ·
776 525 837 593 1111
860 523 936 590 ins
960 522 1051 592 AVT
1074 521 1191 592 ODIO.

375 702 408 758 ct
428 691 558 763 merito,
587 686 649 778 sed
670 697 780 751 tamen
802 685 970 772 aliquanto
994 685 1110 750 melius
1134 705 1201 748 non
1225 683 1358 748 dictum.
1410 680 1480 746 Nan
1496 683 1531 766 qt·

374 794 495 883 populo
520 794 671 860 Romano
694 793 795 858 irasci
818 793 983 876 sapienter
1006 789 1140 879 potest‘l

462 901 575 988 Itaque
598 921 640 964 ne
663 899 710 964 illi
732 898 864 984 quidem
887 897 1059 982 probandi,
1084 897 1235 982 quemuis
1258 897 1383 961 facturn
1401 913 1492 958 eorum
1507 914 1531 952 n·

372 1009 504 1076 bilitntis
527 1007 702 1094 splendore
726 1017 907 1090 protectum
931 1007 989 1080 sit,
1014 1007 1085 1091 qui,
1109 1004 1197 1086 quod
1222 1003 1280 1068 Cn.
1305 1001 1450 1074 Flauius,
1468 997 1529 1060 hunt

372 1114 471 1181 limae
494 1112 659 1201 quondam
688 1113 802 1186 sortis,
830 1125 1018 1197 praeturam
1049 1110 1186 1194 adeptus
1216 1119 1300 1182 erat,
1331 1107 1447 1172 offensi
1470 1103 1524 1168 anui·

374 1243 492 1310 aureos
516 1219 646 1284 sibimet
667 1218 750 1302 ipsis
774 1229 806 1282 et
826 1217 980 1302 phaleras
1007 1217 1099 1303 equis
1124 1216 1193 1280 suis
1211 1215 1375 1278 detractas
1399 1215 1531 1279 abiecerit

373 1327 497 1394 doloris
519 1325 734 1411 inpotentiam
758 1334 880 1388 tantum
905 1345 972 1386 non
994 1321 1082 1386 luctu
1104 1321 1255 1407 professo
1279 1323 1399 1386 testati.

462 1431 551 1498 Talis
578 1432 647 1496 irae
675 1442 782 1495 motus
812 1441 868 1494 aut
899 1427 1102 1515 singulorum
1139 1439 1194 1490 aut
1220 1448 1405 1512 paucorum
1433 1426 1531 1490 aduersi

372 1539 529 1628 populum
553 1539 759 1611 uniuersum;
788 1535 999 1607 multitudinis
1028 1555 1108 1620 erga
1132 1534 1296 1618 principes
1321 1557 1362 1598 ac
1387 1534 1476 1598 duces
1494 1533 1531 1592 eiu

372 1646 473 1711 modi.
518 1643 643 1709 Manlio
667 1641 831 1728 Torquato
855 1639 1093 1724 amplissimam
1117 1651 1148 1704 et
1168 1639 1443 1727 gloriosissimam
1464 1633 1531 1700 exin

372 1753 449 1818 tinia
472 1763 504 1814 et
527 1751 706 1834 Campanis
735 1749 906 1812 uictoriam
936 1749 968 1810 in
999 1747 1113 1810 urbem
1143 1747 1311 1822 referenti,
1344 1769 1420 1811 cum
1446 1745 1531 1810 senior

372 1879 488 1922 omnes
510 1856 633 1921 laetitia
656 1865 793 1918 ouantes
817 1865 1034 1928 occurrerent,
1057 1853 1219 1918 iuniorum
1242 1874 1339 1918 nemo
1365 1853 1486 1918 obuiam
1503 1871 1530 1934 pn

372 1965 487 2035 cessit,
510 1960 600 2047 quud
622 1959 721 2025 filium
745 1959 1004 2034 adulescentem,
1032 1959 1209 2024 fortissime
1237 1959 1401 2024 aduersus
1423 1957 1531 2042 imperit

371 2091 467 2136 suum
482 2066 687 2154 proeliatum,
706 2068 814 2132 securi
830 2077 1048 2152 percusserat.
1095 2065 1220 2132 Miserti
1237 2079 1313 2130 sunt
1329 2066 1473 2154 aequalis
1486 2060 1531 2126 nin}

370 2197 489 2264 aspere
512 2175 624 2261 puniti.
670 2173 738 2238 Nec
762 2173 884 2238 factum
909 2193 1021 2236 eorum
1046 2171 1197 2246 defendo,
1222 2174 1281 2238 sed
1297 2175 1368 2238 irae
1391 2174 1457 2236 uim
1469 2167 1531 2234 indii

371 2304 457 2372 quae
481 2283 577 2348 unius
602 2281 742 2345 ciuitatis
766 2291 798 2342 et
820 2287 945 2344 aetates
970 2291 1001 2342 et
1025 2277 1171 2343 adfectus
1196 2279 1342 2344 diuidere
1368 2279 1474 2345 ualuit.

370 2455 397 2514 Ξ.
416 2463 552 2527 sapienter
569 2461 649 2510 irasci
667 2456 702 2511 E.
720 2456 734 2524 ΙΙ
749 2454 775 2510 3.
795 2457 820 2520 S.
839 2452 856 2508 ³
875 2471 924 2507 om.
945 2452 975 2508 Γ.
992 2455 1047 2524 111.
1071 2451 1218 2520 inpotenti&
1238 2454 1297 2516 (red
1308 2453 1321 2470 ”
1344 2474 1362 2509 u
1381 2471 1450 2509 corr.
1467 2449 1531 2526 1111

370 2531 526 2596 impotentia
544 2527 713 2582 CDETorr.
727 2531 739 2596 ΙΙ
754 2543 806 2578 non
824 2542 873 2580 nm,
885 2525 947 2578 OE.
961 2525 973 2592 ΙΙ
988 2529 1085 2578 luctum
1103 2524 1303 2581 Aonnrorr.
1315 2527 1329 2595 ΙΙ
1340 2531 1460 2594 proiecto
1470 2519 1531 2577 ,icit

373 2599 449 2654 Torr.
461 2603 474 2670 ΙΙ
486 2600 511 2653 8.
530 2603 605 2652 Telis
624 2629 658 2638 —
677 2597 726 2663 (tt)
745 2599 875 2650 eiusmodi
894 2612 943 2649 em.
962 2593 1055 2665 11119.
1069 2599 1251 2665 multitudinis}
1272 2595 1333 2650 add.
1348 2609 1439 2652 sutem
1457 2591 1531 2659 (rnre

381 2671 474 2743 llergs
491 2700 525 2710 -
544 2671 611 2737 (10.)
630 2673 732 2723 Latinis
750 2685 799 2723 om.
813 2683 858 2738 pr.
877 2669 908 2720 Α.
930 2666 941 2737 ΙΙ
961 2669 1004 2735 nr]
1029 2671 1056 2720 et
1073 2667 1108 2722 E.
1129 2666 1141 2739 ΙΙ
1160 2671 1309 2721 huiusmodi
1328 2669 1365 2723 E.
1386 2671 1399 2741 ΙΙ
1422 2669 1458 2723 111.
1479 2681 1527 2717 nrt·-

372 2742 432 2797 ΟΓ.
447 2744 528 2794 mulio
546 2742 581 2795 E.
593 2744 607 2808 ΙΙ
626 2739 666 2794 il.
685 2756 841 2805 percussum
861 2738 925 2791 ΟΕ.
941 2746 1129 2803 percusserunt
1146 2739 1183 2795 D.
1203 2744 1334 2804 percussit
1354 2740 1388 2795 P.
1412 2738 1530 2806 percussi.r

372 2811 450 2867 Tor-r.
464 2812 477 2881 ss
491 2815 610 2864 miserati
628 2810 656 2863 C.
674 2811 830 2877 {inequales
849 2808 877 2861 D
896 2816 922 2862 et
939 2825 1009 2863 corr.
1027 2812 1058 2863 A.
1075 2810 1088 2878 ΙΙ
1109 2810 1148 2866 15.
1170 2814 1256 2863 iudico
1274 2811 1311 2865 D.
1331 2812 1343 2881 ΙΙ
1368 2810 1411 2866 lt.
1430 2818 1455 2863 et
1471 2815 1530 2859 aetite

369 2886 397 2933 et
414 2899 463 2936 cm.
482 2882 539 2948 1⁸.ss
551 2884 633 2933 uoluit
652 2880 703 2933 ΟΡ
720 2887 745 2933 et
758 2898 803 2949 pr.
821 2880 854 2933 A.
878 2878 937 2935 Vid.
956 2878 993 2931 nd
1009 2879 1075 2941 1111.
1095 2882 1120 2943 1,
1140 2888 1190 2935 est.
1208 2880 1233 2935 2.

369 3042 461 3106 Neque
479 3056 543 3090 uero
560 3042 615 3090 tam
634 3042 878 3109 neglegentissime
902 3044 961 3093 ioco
981 3044 1126 3106 scripsisse
1144 3044 1277 3093 Valerium
1302 3045 1462 3095 documento
1478 3050 1507 3090 est
1518 3036 1529 3083 1

368 3113 434 3161 ridts
451 3112 577 3175 epitome,
596 3112 621 3161 in
635 3128 688 3176 qua
699 3111 741 3162 An
753 3127 801 3162 uos
812 3110 945 3163 censuim
957 3110 1032 3163 scitis
1050 3114 1154 3181 tegitur.
1174 3116 1292 3177 protecto
1311 3130 1365 3164 non
1385 3130 1421 3166 ex
1439 3114 1529 3164 conire·

369 3183 571 3233 ebbreuietoris.
608 3182 700 3247 ltaque
718 3184 905 3233 reuocauimus
918 3184 978 3241 hoc.
998 3186 1075 3249 quod,
1095 3186 1192 3235 editum
1212 3186 1273 3235 olim
1293 3186 1421 3253 nPighio
1440 3179 1529 3235 erint

367 3254 439 3305 lleno
455 3254 533 3311 libro,
553 3254 597 3318 qni
614 3257 755 3316 acceperut
774 3270 789 3303 e
808 3256 899 3304 codice
918 3256 1047 3305 Beruensl
1066 3260 1198 3314 correcto.
1223 3258 1303 3305 miror
1326 3257 1492 3321 improbasse
1505 3251 1529 3299 Pr*

367 3328 481 3384 zonium,
499 3324 663 3377 Torrentem.
680 3326 811 3389 Knppium
828 3328 936 3389 propter
954 3327 1195 3393 interrogationem.
1216 3342 1293 3391 quem
1313 3342 1366 3377 non
1387 3327 1529 3378 conueniret

366 3398 531 3447 bitrnbentnr
549 3396 719 3459 praecedenti
736 3398 817 3445 uerbo
832 3394 982 3462 praefatus.
1001 3398 1171 3447 immemores
1184 3398 1278 3447 similis
1297 3412 1411 3460 prorsus
1430 3384 1529 3455 exempl*

368 3464 392 3524 1.
415 3465 455 3547 11.
468 3464 522 3547 ,tac
540 3471 600 3585 uque
613 3464 783 3533 praefatione
800 3480 870 3524 usas,
890 3462 992 3524 *uuirt
1010 3471 1037 3516 tu
1056 3464 1270 3532 ipsorurticnius
1288 3466 1338 3518 titi
1355 3468 1413 3520 uiri
1430 3464 1528 3535 sepultiit

366 3538 549 3588 commum·

436 3604 463 3660 ³.
482 3608 521 3658 ct
538 3607 595 3658 Ltu.
613 3607 660 3664 111,
677 3601 721 3659 tu.
746 3608 811 3661 Ptin.
830 3608 857 3657 lt.
875 3623 901 3657 n.
921 3608 1044 3666 xxxin,
1066 3606 1090 3667 l,
1108 3606 1149 3674 (11)
1169 3608 1192 3662 1.
1217 3610 1249 3661 Δ.
1270 3611 1336 3661 Geli.
1355 3612 1401 3671 VI,
1420 3609 1446 3663 9.

431 3674 714 3744 praetereundem
734 3682 803 3741 erut)
830 3678 913 3729 immo
937 3680 1101 3729 aedilitatem
1126 3681 1256 3736 curulem.
1285 3682 1318 3731 de
1343 3698 1398 3746 qus
1422 3676 1528 3731 consentit

365 3762 459 3797 omnes
484 3749 529 3813 qui
551 3749 620 3797 hanc
639 3762 694 3797 rem
712 3750 827 3816 tetigere
850 3750 995 3812 scriptores
1014 3754 1094 3815 atque
1118 3754 1197 3801 etium
1216 3753 1276 3814 ipse
1296 3752 1355 3803 vat.
1378 3752 1415 3802 11.
1439 3747 1469 3809 5,
1489 3742 1528 3799 11

364 3816 457 3880 Pomp.
475 3820 510 3867 de
528 3820 595 3885 orig.
614 3819 661 3869 iur.
679 3818 734 3885 dig.
753 3820 773 3878 1,
792 3816 818 3877 2.
838 3818 863 3877 1.
900 3822 1018 3884 Apparet
1036 3824 1171 3873 auctorem
1187 3823 1267 3872 solitu
1283 3823 1392 3873 leuitate
1411 3824 1462 3873 hoc
1479 3828 1526 3883 qttt

364 3884 423 3934 loco
441 3888 519 3936 foede
537 3889 643 3950 tapsum
664 3902 735 3942 csse.

436 3952 536 4006 dolores
557 3956 726 4023 inpotentium
749 3986 784 3997 --
805 3959 913 4024 testati.)
941 3962 971 4012 In
994 3964 1117 4012 omnibus
1141 3964 1271 4026 exemplis
1295 3965 1323 4014 et
1345 3960 1518 4025 manuscriptis

364 4023 505 4104 impressis
534 4026 603 4075 haee
627 4029 664 4078 its
687 4030 823 4095 teguntur,
852 4028 952 4083 doloris
975 4032 1120 4100 inpotentis
1143 4036 1241 4083 tanturn
1269 4049 1320 4085 nort
1343 4033 1440 4085 luctum
1461 4025 1527 4099 prust

364 4097 460 4147 testate.
496 4096 571 4155 Quae
589 4112 647 4146 curn
667 4102 889 4161 praecedentibus
908 4117 960 4152 non
979 4107 1051 4153 reete
1073 4105 1230 4162 cohaerent.
1254 4119 1340 4169 paene
1364 4106 1474 4156 dixerim
1496 4111 1527 4149 ser

363 4167 469 4215 omniuo
488 4170 587 4215 carent
629 4167 721 4229 Neque
740 4172 809 4219 enirn
828 4174 862 4219 sd
887 4186 942 4221 rem
962 4174 1075 4235 pertinet
1093 4176 1196 4225 nubiles
1219 4176 1279 4225 illos
1297 4176 1384 4225 luctus
1402 4168 1526 4226 testimoni

363 4238 480 4293 dedisse.
498 4236 628 4302 siquidem
647 4236 703 4286 irse
720 4240 876 4302 impotentia
894 4242 1102 4295 demonstrande
1120 4250 1178 4296 eret
1197 4246 1311 4305 auctori.
1336 4250 1417 4311 atque
1436 4248 1499 4296 hene
1512 4238 1526 4285 si

362 4308 442 4359 (1111110
460 4308 521 4358 illos
539 4310 654 4356 leslalos
673 4320 736 4357 esse
755 4310 805 4357 (lici
824 4314 972 4373 oportebat,
992 4316 1036 4376 qui
1056 4318 1167 4366 abiectis
1187 4317 1274 4367 anulis
1292 4321 1394 4367 tantum
1412 4332 1464 4368 non
1481 4316 1526 4362 lucit

359 4380 493 4442 publicum
511 4393 577 4444 pree
589 4392 620 4428 se
632 4378 762 4428 terebent.
798 4377 852 4429 Sed
866 4383 954 4448 magis
970 4386 1050 4436 etiam
1063 4387 1174 4437 offendit
1186 4388 1357 4445 confirmatio.
1378 4404 1448 4454 quae
1460 4384 1526 4435 anien

353 4447 487 4514 prefecto.
507 4452 554 4499 eut
571 4450 650 4515 plene
669 4450 757 4498 otiosa
774 4452 821 4499 aut
838 4451 892 4500 aiio
911 4460 983 4505 certe
1002 4457 1060 4507 luco
1080 4458 1245 4510 collocanda.
1281 4460 1398 4527 Egregie
1417 4459 1492 4526 igitur
1506 4453 1526 4499 di

356 4520 452 4570 11011108
470 4522 506 4570 ad
522 4521 579 4571 Isiu·
597 4520 654 4571 llll·
671 4516 702 4577 2,
729 4515 761 4570 12
779 4520 849 4571 haec
868 4525 951 4572 uerba
969 4527 1007 4575 its
1024 4530 1211 4579 constituenda
1229 4542 1292 4579 esse
1311 4530 1412 4579 monuit
1431 4532 1457 4577 ut
1473 4536 1525 4577 nunt

355 4603 400 4665 rue
418 4591 489 4639 edita
507 4594 577 4648 sunt.
596 4592 648 4641 nisi
665 4592 735 4656 quod
753 4591 825 4641 male
847 4594 939 4643 neseio
965 4611 1017 4659 que
1036 4600 1070 4648 de
1089 4600 1174 4649 e'susa
1192 4596 1381 4665 impatientium
1406 4598 1525 4662 seripsttt

353 4658 699 4790 metallum
708 4662 833 4715 Grououii
842 4664 1022 4718 coniecturum
1031 4668 1187 4723 Perizonius
1199 4672 1227 4721 et
1235 4670 1387 4732 ronanus,
1400 4664 1525 4733 recipiendi
