3409 5400
599 483 1053 568 emuniri-e.
1272 534 1276 549 ·
1351 500 1437 575 an
1510 490 1511 494 ‘

213 640 376 707 dimittere
411 664 528 708 ausum
570 658 687 710 senatu
721 650 832 713 mouit.
901 652 976 715 Non
1012 655 1114 742 digna
1149 662 1295 745 exempla
1325 670 1345 738 †
1372 676 1439 731 tam

211 750 371 823 breuiter,
403 751 467 814 nisi
495 752 677 816 maioribus
709 774 860 840 urgerer,
889 759 1096 825 referrentur.
1144 764 1231 843 Quid
1255 768 1340 833 enim
1370 780 1438 836 tam

212 854 345 919 dillicile
368 858 459 921 factu
482 878 581 943 quam
603 859 777 945 copulatae
801 864 950 928 societati
971 870 1104 952 generis
1130 881 1160 931 et
1175 872 1356 957 imaginum
1380 876 1436 939 de·

211 963 352 1027 formem
382 964 418 1027 in
444 966 586 1049 patriam
613 966 752 1031 reditum
780 968 940 1045 indicere,
955 983 1025 1035 aaut
1043 978 1269 1041 ¹communioni
1295 982 1436 1045 nominis

185 1086 253 1132 sae
275 1069 422 1135 familiae
443 1073 565 1133 ueteris
581 1074 832 1158 propinquitatis
858 1079 942 1141 serie
962 1078 1151 1145 cohaerenti
1166 1084 1334 1169 uirgarum
1358 1107 1435 1151 con·

211 1175 387 1240 tumeliosa
409 1176 548 1241 uerbera
570 1176 737 1254 adbibere,
761 1192 817 1244 aut
832 1186 1019 1251 censorium
1043 1188 1251 1271 supercilium
1273 1191 1434 1257 aduersus

210 1282 390 1347 fraternam
413 1285 581 1348 caritatem
604 1284 833 1371 destringere?
871 1290 997 1355 Dentur
1020 1292 1103 1356 haec
1128 1294 1260 1381 singula
1283 1299 1433 1382 quamuis

210 1387 309 1453 claris
332 1390 533 1461 ciuitatibus,
566 1390 696 1454 abunde
726 1403 834 1458 tamen
863 1396 969 1481 gloria
999 1399 1191 1483 disciplinae
1214 1401 1362 1468 militaris
1386 1405 1436 1468 in-

210 1506 354 1560 structae
382 1496 585 1561 uidebuntur.

173 1618 201 1659 ro
300 1602 343 1666 At
365 1614 480 1667 nostra
501 1602 592 1675 urbs,
616 1626 701 1696 quae
725 1610 814 1673 omni
838 1628 959 1695 genere
983 1612 1191 1677 mirificorum
1214 1614 1434 1700 exemplorum
1444 1618 1475 1683 6.

209 1720 313 1773 totum
341 1723 500 1773 terrarum
528 1710 815 1804 orbem-repleuit,
844 1718 1077 1801 imperatorum
1108 1723 1239 1805 proprio
1269 1721 1433 1807 sanguine

209 1827 384 1881 manantes
413 1839 549 1882 secures
578 1818 717 1897 [habet],
752 1842 793 1883 ne
825 1822 952 1887 turbato
982 1824 1114 1889 militiae
1144 1827 1257 1891 ordine
1288 1824 1434 1891 uindicta

209 1921 358 1997 deesset,
382 1926 564 1989 excestria
587 1923 716 2010 publice
740 1924 929 2011 speciosae,
954 1932 1106 2014 priuatim
1134 1933 1289 2020 lugubres
1313 1931 1434 2018 duplici

209 2027 299 2091 uultu
323 2032 455 2115 recepit,
476 2030 603 2094 incerta
614 2032 801 2116 gratulandi
823 2036 915 2118 prius
940 2056 982 2099 an
1005 2037 1205 2123 adloquendi
1228 2040 1336 2103 officio
1359 2039 1456 2103 funt

174 2154 200 2197 to
210 2146 350 2221 geretur.
403 2134 505 2222 lgitnr
538 2158 601 2223 ego
638 2158 768 2225 quoque
800 2138 984 2203 haesitante
1014 2145 1123 2206 animo
1154 2166 1215 2207 uos
1244 2143 1433 2208 bellicarum

207 2262 317 2305 rerum
341 2243 545 2306 seuerissimi
568 2244 734 2318 custodes,
757 2244 907 2308 Postumi
931 2244 1068 2311 Tuberte
1093 2260 1123 2310 et
1143 2248 1245 2312 Manli
1261 2248 1431 2333 Torquate,

211 2381 234 2434 l.
254 2382 363 2450 ausum]
383 2380 446 2435 add.
466 2387 524 2434 suis
543 2388 633 2435 tamen
652 2388 790 2435 mensibus
809 2386 872 2437 Par.
887 2386 899 2457 ll
920 2388 978 2437 Non
998 2416 1031 2425 —
1051 2385 1099 2453 (9.)
1119 2391 1276 2439 uidebuntur
1293 2404 1341 2439 om.
1360 2386 1391 2439 Γ.
1406 2388 1418 2454 ll

209 2453 279 2521 Non]
304 2458 362 2506 tarn
386 2454 414 2505 t'a
437 2469 535 2505 rasura
558 2453 595 2509 D.
613 2455 626 2522 ΙΙ
643 2457 778 2522 exempla]
799 2455 861 2508 odd.
886 2474 956 2519 quae
977 2455 1053 2509 Torr.
1065 2460 1078 2527 Η
1089 2456 1114 2511 3.
1138 2460 1220 2525 iactu]
1240 2458 1269 2509 ir
1285 2472 1382 2510 rasura
1402 2454 1431 2510 0.

209 2526 310 2576 factum
347 2540 369 2577 r.
388 2524 420 2577 A.
441 2527 497 2575 fatu
517 2524 551 2577 E.
564 2524 577 2593 ΙΙ
590 2528 737 2576 deformem
752 2542 795 2595 pr.
815 2525 847 2578 A.
860 2527 873 2595 Η
891 2525 915 2579 i.
934 2530 1093 2597 distringere
1116 2528 1139 2581 Α
1165 2536 1191 2580 et
1213 2544 1280 2581 corr.
1304 2526 1339 2581 E.
1370 2524 1431 2579 Vtri.

209 2592 246 2646 ad
263 2590 301 2650 ΙΙ,
321 2541 347 2655 ζ,
367 2590 418 2662 6.ΙΙ
429 2594 455 2648 8.
472 2599 603 2646 instructa
621 2610 690 2647 corr.
709 2594 742 2647 Α.
754 2598 767 2667 ΙΙ
782 2596 821 2650 10.
841 2599 876 2649 nt
893 2624 928 2639 -
947 2594 1013 2664 (15.)
1033 2616 1137 2666 qnoque
1156 2616 1204 2651 om.
1223 2598 1255 2651 Γ.
1267 2598 1280 2665 ΙΙ
1292 2614 1369 2661 quem
1384 2614 1431 2667 pr.

211 2665 238 2719 C.
259 2666 272 2734 ΙΙ
295 2665 336 2720 ll.
361 2670 454 2718 orbern
476 2670 607 2719 terrarum
640 2665 718 2719 Torr.
735 2666 748 2734 ΙΙ
768 2664 809 2724 12.
833 2672 973 2722 manentes
997 2670 1088 2738 (priua
1110 2688 1125 2722 e
1145 2675 1244 2740 puncto
1267 2674 1382 2721 notatum
1406 2674 1433 2721 et

209 2737 431 2807 suprascriptam
447 2746 475 2799 a)
482 2753 528 2805 pr.
541 2737 573 2789 Α.
592 2742 731 2790 madentes
750 2755 820 2793 corr.
836 2739 867 2792 A.
887 2739 927 2808 Cf.
948 2739 994 2796 Vl,
1013 2738 1073 2799 8.3.
1086 2739 1099 2808 Η
1112 2737 1311 2808 securuspr.A.
1324 2739 1431 2808 libabat

209 2825 258 2862 ota.
278 2807 409 2871 (E)'l'orr.
420 2807 435 2875 ΙΙ
449 2804 490 2861 13.
503 2825 519 2860 e
536 2812 634 2860 castris
649 2806 725 2860 Turr.
737 2811 750 2878 Η
765 2808 804 2862 ll.
818 2815 891 2876 prius
905 2815 1057 2880 gratulandi
1070 2811 1104 2863 Ε.
1117 2812 1130 2882 ΙΙ
1143 2811 1312 2878 adloquendi]
1326 2813 1432 2863 dolendi

209 2878 334 3003 (ἄη.Σοί
350 2880 379 2930 itt
395 2889 505 3003 rgsgra)
522 2877 551 2930 0.
570 2882 678 2948 lugendi
695 2879 732 2932 D.
744 2881 758 2947 ΙΙ
773 2879 812 2934 lli.
833 2884 960 2949 Tuberte]
981 2881 1034 2948 (Γ).
1053 2885 1149 2935 tiburte
1167 2881 1326 2936 ABCDE.
1340 2879 1353 2953 ΙΙ
1366 2885 1431 2934 mali

202 2965 250 3018 pr.
319 2953 392 3002 malli
468 2989 481 3003 ,.

282 3074 341 3126 Nott
350 3073 430 3143 digna
442 3073 558 3143 exemplu
568 3077 584 3137 †
594 3079 646 3124 tam
655 3072 781 3140 breuiter)
797 3079 855 3128 Non
869 3081 955 3129 solum
968 3081 1144 3146 grammatica
1153 3081 1221 3130 ratio
1233 3081 1336 3148 flagitat
1347 3081 1429 3130 utne·

208 3148 347 3214 gatiouem
360 3164 419 3196 curn
429 3149 560 3197 adiectiuo
571 3143 651 3210 dique
665 3162 759 3212 neque,
774 3151 801 3197 nt
811 3151 855 3198 alii
868 3152 1015 3207 uoluerunt,
1029 3167 1087 3200 curn
1101 3154 1182 3200 uerbo
1195 3149 1358 3215 reserrentur·
1369 3165 1429 3200 cou-

208 3221 361 3284 iuugamus,
371 3233 463 3268 uerum
473 3219 553 3268 etiarn
563 3219 754 3268 sententiarum
764 3233 858 3278 nexus,
872 3235 931 3270 cnm
939 3223 1078 3285 sequentia
1087 3217 1171 3286 (Quid
1176 3220 1310 3284 enimetc.)
1320 3235 1431 3270 causam

210 3290 371 3347 contineant,
393 3304 446 3338 uon
465 3305 511 3338 eur
529 3289 636 3337 omnino
654 3290 737 3356 digua
755 3293 880 3355 exempla
903 3307 955 3341 non
974 3293 1091 3341 breuiter
1113 3294 1271 3354 exponenda
1290 3291 1355 3348 sint,
1380 3291 1430 3339 sed

209 3375 257 3408 cur
276 3359 346 3407 hacc
362 3360 530 3421 potissimum
548 3361 673 3420 exempla
691 3375 744 3409 uon
762 3361 845 3428 digna
868 3364 1008 3412 uideantur
1033 3377 1101 3426 quac
1124 3363 1209 3410 obiter
1232 3361 1335 3408 tantum
1354 3361 1429 3408 attiu-

209 3433 318 3497 gantur.
352 3429 505 3480 Sententiae
523 3430 617 3495 igitur.
644 3434 748 3480 etcum
767 3447 800 3480 ea
824 3434 958 3495 prioribus
983 3433 1180 3481 enanatonbus
1204 3431 1266 3478 inde
1289 3445 1306 3476 a
1324 3429 1428 3496 Pigbio,

211 3502 374 3551 suffecerunt
385 3501 561 3551 recentiorum
574 3501 676 3565 aliquot
694 3503 813 3550 codicum
832 3503 940 3559 librarii,
961 3504 1003 3565 qui
1022 3503 1121 3550 inserto
1140 3501 1252 3551 relatiuo
1265 3499 1430 3561 scripserunt

209 3569 269 3622 Noa
287 3568 369 3636 dicar
387 3570 504 3638 camptu
520 3585 587 3637 qaae
605 3577 658 3621 tant
676 3568 791 3621 breuiter
808 3599 844 3608 -
863 3571 1032 3636 reserrentur.
1081 3571 1133 3619 Sed
1153 3569 1344 3638 grammaticae
1364 3570 1429 3618 artis

210 3645 288 3710 leges
306 3644 448 3706 probibent
473 3658 524 3707 quo
544 3645 633 3692 minna
652 3643 731 3692 buius
750 3643 899 3690 sententiae
926 3645 1033 3691 uerbum
1053 3642 1208 3704 imperfecto
1228 3642 1346 3702 temporo
1365 3639 1429 3688 elle·

210 3719 290 3764 ratur.
316 3715 487 3779 Reliquorum
497 3716 619 3767 conatus,
631 3713 691 3763 Aldi
700 3710 778 3776 (Tam
788 3708 869 3776 dicate
879 3711 994 3778 erempla
1005 3717 1056 3762 tam
1066 3709 1181 3762 breuiter·
1193 3737 1228 3746 —-
1240 3723 1290 3760 nort
1300 3709 1429 3776 reserren-

208 3786 279 3846 tur),
296 3785 426 3834 Perizouii
442 3782 521 3843 (l'ttnt
536 3782 617 3849 digna
631 3781 748 3850 errrnplu
763 3787 814 3832 tunt
830 3780 946 3833 barram
961 3809 996 3820 -
1012 3777 1222 3848 reserrentur·?),
1245 3781 1365 3840 aliorum,
1384 3781 1430 3830 aut

209 3857 310 3905 nullam
319 3857 703 3918 probabilitatembabentaut
717 3857 806 3921 magis
822 3856 901 3904 etiam
919 3855 1066 3903 sententiae
1082 3855 1266 3904 aduersantur.
1300 3853 1430 3919 Equidem

210 3927 348 3983 orationis,
359 3941 440 3991 quarn
450 3927 651 3976 uitioaanreaac
660 3941 737 3975 nemo
747 3928 835 3974 adbuc
843 3927 962 3994 negauit,
979 3927 1190 3975 emendationem
1203 3926 1318 3974 nondum
1333 3925 1430 3974 inueni.

211 3998 313 4049 Vereor
329 4000 422 4046 atatem
438 4011 474 4046 ne
491 3999 593 4047 maiore
612 3999 721 4047 uulnere
740 3998 844 4046 laboret
864 4012 943 4061 quam
961 3999 1116 4061 plerumque
1141 3997 1228 4045 uisum
1247 3996 1300 4051 sit,
1321 3995 1429 4044 omissis

210 4069 310 4132 aliquot
319 4068 419 4124 uerbis,
437 4069 623 4131 incipientibus
639 4083 687 4131 per
699 4073 768 4124 taut,-
786 4070 882 4132 quibus
901 4068 1031 4131 suppletis
1050 4069 1118 4118 haee
1130 4067 1187 4117 fere
1201 4068 1277 4117 fuerit
1288 4066 1429 4121 sententia,

208 4153 263 4188 uon
274 4140 359 4205 digna
371 4141 496 4204 exempla
507 4142 563 4188 tarn
581 4142 698 4205 angusto
715 4140 842 4190 orationis
856 4139 970 4194 ambitu:
990 4153 1076 4205 neque
1094 4140 1150 4188 tam
1166 4139 1291 4195 breuiter,
1311 4137 1363 4186 nisi
1374 4149 1430 4184 ma·

209 4210 310 4258 iuribus
329 4223 449 4276 urgerer,
468 4211 637 4260 referrentur.

280 4275 306 4331 b.
324 4285 460 4332 mantea
475 4295 584 4332 teum
603 4276 719 4345 [tabelli
743 4280 914 4330 incommoda
932 4281 1113 4344 interpolatio,
1133 4281 1159 4328 in
1178 4280 1309 4343 prioribus
1329 4273 1429 4324 Valerii

209 4351 341 4414 exemplis
358 4352 413 4400 iam
432 4353 559 4402 dndume
578 4354 719 4401 uerborum
731 4353 823 4400 ordine
842 4353 951 4409 remota,
971 4369 988 4400 a
1001 4367 1043 4400 mo
1056 4353 1131 4400 uncis
1150 4351 1262 4400 inclusa.
1282 4347 1350 4393 unde
1369 4345 1429 4424 orta

208 4423 316 4472 sitnon
334 4423 443 4473 difficile
463 4428 508 4473 est
527 4421 692 4488 intellegere.
733 4423 847 4471 Inseruit
870 4425 943 4472 illam
968 4437 1061 4472 uocem
1085 4421 1191 4482 antiquo
1216 4416 1320 4464 cuidam
1345 4414 1429 4462 rodier

208 4493 342 4549 librarius,
362 4494 416 4558 qui,
436 4496 465 4543 ut
482 4495 571 4544 solent
588 4494 633 4542 isti
651 4493 787 4549 homines,
812 4495 934 4555 proxima
952 4493 1053 4542 tantum
1072 4501 1170 4539 curans
1190 4487 1289 4536 finitum
1307 4485 1428 4540 uerbum,

209 4565 280 4628 quod
297 4565 381 4628 paulo
399 4566 526 4614 remotius
543 4567 587 4614 est
605 4565 640 4612 ab
657 4564 731 4613 initio
747 4563 859 4626 periodi,
879 4564 1058 4613 desiderabat.

279 4631 368 4684 Manli
388 4631 529 4702 Torquate)
547 4635 640 4685 Obiter
657 4648 837 4684 commemoro
856 4634 949 4683 Manlii
966 4648 1061 4682 nomen
1080 4633 1106 4679 in
1125 4629 1215 4678 codice
1234 4627 1363 4676 Berneusi
1381 4639 1430 4689 per

207 4705 301 4770 priora
318 4706 433 4772 quinqua
452 4708 587 4758 uolmuiua
604 4707 631 4756 et
649 4706 720 4756 sexti
739 4705 812 4754 initio
831 4703 927 4754 uitiosa
945 4705 1025 4754 scribi
1049 4703 1096 4751 aut
1113 4695 1224 4750 Mallius
1247 4695 1309 4762 (111,
1334 4693 1365 4759 2,
1389 4691 1428 4764 ba

1176 4783 1242 4849 14*Ι
