3409 5400
264 591 268 598 ,
367 510 431 574 ιιι
668 530 673 539 ·
718 506 778 573 un
802 499 1065 573 evrmrrtre
1087 505 1233 575 virae

363 665 479 733 ιιιιιιιίι
500 667 633 752 turpiter
655 667 790 732 seruire.
837 667 945 748 Quem
966 687 1072 732 nonae
1094 667 1213 754 aliquis
1227 670 1359 734 merito
1382 669 1545 734 disemis

364 775 428 838 tioo
452 772 612 859 supplicio
636 793 734 858 quam
757 773 909 838 Romano
937 776 1075 859 imperio
1098 775 1306 863 digniorem,
1339 779 1545 862 quoniame

364 881 454 944 irrisit
475 890 510 943 ιιι
532 881 693 965 priuatum
718 880 911 966 obprobium
935 881 1085 966 publicus
1108 883 1207 945 rubor
1231 882 1431 946 existeret?

323 985 354 1051 2.
454 985 587 1048 Gnaeus
611 1005 741 1070 quoque
765 984 873 1050 Carbo
895 1007 1040 1071 magnae
1062 988 1284 1051 uerecundiae
1310 1003 1370 1052 est
1392 989 1545 1053 Ιιιιιιιιιειι

366 1092 505 1166 nulibus,
529 1092 619 1154 tertio
641 1092 676 1154 in
699 1091 870 1156 consulatu
892 1113 955 1156 suo
976 1093 1071 1156 iussu
1093 1093 1230 1178 Pompei
1252 1095 1291 1157 in
1309 1095 1441 1158 Sicilia
1464 1095 1504 1156 ad
1520 1118 1545 1153 :r

365 1197 497 1282 plicium
522 1196 655 1271 ductus,
683 1207 798 1282 petens
830 1220 850 1261 a
878 1198 1032 1262 militibus
1061 1199 1204 1262 demisse
1235 1209 1269 1260 et
1295 1199 1462 1262 flebiliter
1489 1221 1514 1260 ut
1529 1200 1544 1256 :l

366 1303 476 1367 aluum
499 1301 609 1366 leuare
632 1303 823 1388 priusquam
846 1305 1008 1387 expiraret
1028 1304 1153 1376 liceret,
1185 1325 1250 1388 quo
1275 1305 1545 1370 miserrimae

366 1431 428 1472 usu
451 1407 570 1472 diutius
594 1409 768 1482 frueretur,
797 1431 902 1494 eoque
924 1431 1054 1473 moram
1074 1409 1222 1481 trabeae,
1253 1409 1374 1473 donec
1407 1433 1503 1497 eaput
1522 1432 1545 1467 ι.

367 1514 499 1578 sordido
522 1515 556 1577 ἰιι
578 1515 651 1577 loco
675 1515 819 1578 sedentis
841 1514 1072 1597 abscideretur.
1118 1514 1195 1600 lpsa
1215 1517 1325 1579 uerba
1351 1518 1424 1580 tale
1448 1518 1545 1601 flagiti

366 1621 528 1684 narrantis
552 1641 665 1684 secum
688 1619 859 1694 luctantur,
882 1642 943 1684 nec
960 1620 1086 1684 silentio
1103 1621 1219 1694 amica,
1243 1623 1329 1705 quia
1345 1624 1509 1685 occultari
1524 1644 1545 1681 :r

364 1735 537 1798 merentur.
561 1747 668 1810 neque
691 1725 840 1790 relationi
861 1726 1047 1801 familiaria,
1071 1728 1148 1811 quia
1169 1726 1257 1790 dictu
1276 1727 1495 1792 fastidienda
1510 1748 1545 1788 su

324 1836 354 1898 3.
423 1852 429 1866 ·
455 1829 553 1910 Quid,
575 1833 619 1894 D.
634 1830 755 1894 Brutus
771 1834 926 1919 exiguom
948 1843 981 1894 et
1000 1831 1113 1899 infelix
1126 1842 1332 1898 momentum
1360 1836 1460 1899 uitae
1483 1854 1545 1918 quar

369 2021 391 2076 l.
410 2029 494 2085 Quem
513 2025 611 2090 tronus]
632 2041 709 2088 quern
734 2042 787 2077 non
810 2025 939 2081 Actis.
969 2043 1046 2093 quem
1069 2024 1174 2083 (οιιιὶιιο
1194 2033 1293 2082 notrae)
1313 2026 1347 2077 Γ.
1376 2033 1502 2090 Quemne
1518 2025 1545 2074 iv

375 2089 460 2160 liquis
479 2091 513 2147 E.
528 2090 579 2162 ΠΒ.
600 2097 679 2146 robur
691 2111 736 2163 pr.
754 2095 786 2148 A.
799 2097 812 2165 ΙΙ
825 2095 849 2148 l.
870 2101 898 2150 C.
917 2100 1003 2147 Carbo
1021 2095 1082 2149 Pur.
1097 2094 1109 2164 ΙΙ
1124 2093 1149 2147 5.
1164 2099 1257 2145 sieilia
1274 2094 1451 2150 ACDBI'.
1466 2097 1545 2166 lire

367 2161 485 2217 ACDP.
504 2167 579 2230 petiit
590 2165 625 2218 F..
636 2166 650 2234 ΙΙ
662 2168 772 2218 dimisse
787 2165 815 2219 G.
827 2165 841 2233 ΙΙ
852 2167 878 2220 l.
896 2169 985 2218 album
995 2182 1039 2234 pr.
1052 2167 1083 2218 A.
1101 2169 1181 2218 atium
1197 2165 1228 2217 Ε.
1240 2165 1253 2230 ΙΙ
1265 2168 1400 2218 alienare
1412 2169 1454 2220 D.
1465 2171 1480 2234 Η
1490 2167 1545 2234 ipra

384 2234 494 2298 uam-A.
507 2236 529 2360 ν)
542 2237 631 2302 [lunis]
651 2233 683 2288 Δ.
699 2235 713 2304 Η
729 2236 754 2290 8.
775 2253 807 2286 eo
831 2253 917 2303 usque
942 2235 1018 2288 Torr.
1034 2239 1049 2304 ΙΙ
1065 2241 1145 2290 traxit
1161 2235 1193 2289 Γ.
1210 2236 1224 2304 ΙΙ
1240 2235 1266 2289 s.
1285 2241 1503 2291 abscinderem
1516 2238 1545 2286 i=‘

392 2303 429 2358 id.
448 2305 485 2358 ad
528 2305 580 2361 itt.
600 2305 628 2361 3.
648 2301 672 2358 ³.
685 2307 698 2373 ΙΙ
710 2309 763 2358 lule
776 2329 791 2357 a
811 2305 843 2360 A.
861 2309 874 2375 ΙΙ
894 2305 934 2359 ll.
954 2325 1003 2358 nee
1021 2305 1132 2361 DTorr.
1149 2307 1162 2374 11
1180 2309 1292 2357 orationi
1311 2305 1351 2361 D.
1374 2307 1391 2377 ll
1414 2313 1488 2361 dicta
1503 2315 1537 2366 te·

364 2391 393 2500 :l
409 2381 517 2504 ima)
535 2377 572 2430 D.
584 2377 597 2446 ΙΙ
612 2375 652 2432 12.
672 2379 739 2440 Quid
755 2381 847 2430 brutus
866 2375 1095 2432 ACDEt'Torr.
1106 2379 1121 2446 ll
1132 2380 1257 2446 exiguum
1270 2392 1343 2432 eurr.
1357 2379 1398 2432 A.
1420 2379 1545 2442 σκιάει

365 2598 484 2658 pendens
502 2597 528 2646 in
547 2597 696 2660 archetypo
715 2594 805 2644 codiee
824 2595 930 2646 omuino
949 2596 1069 2644 defuisse
1091 2592 1279 2642 demonstrant.
1323 2589 1347 2640 Δ
1377 2594 1494 2644 Valerio
1513 2597 1545 2656 ’ξι

364 2665 511 2731 proiectum
531 2668 683 2729 putabimus
703 2666 771 2731 qtrod
785 2680 802 2713 ιι
814 2667 964 2715 correctore
982 2666 1041 2716 libri
1053 2664 1183 2723 Danielini
1199 2679 1213 2713 e
1227 2662 1330 2713 Paridis
1344 2665 1476 2725 epitome
1489 2666 1545 2729 ptris

365 2738 507 2787 transierat
530 2738 555 2787 in
581 2738 743 2789 recentiores
759 2735 863 2801 aliquot
886 2738 1001 2795 codices,
1026 2741 1054 2785 ιιι
1076 2738 1102 2785 in
1120 2738 1296 2796 Campensem
1315 2736 1344 2782 et
1362 2734 1545 2787 wincheim-⁴1

365 2808 433 2857 unde
453 2808 542 2856 hausit
566 2808 687 2873 Pighius.
728 2808 849 2856 Dubitari
872 2807 974 2856 tautum
998 2810 1088 2869 potest
1111 2808 1154 2856 de.
1168 2804 1322 2867 pronomine
1345 2801 1422 2861 riht,
1449 2808 1513 2868 quot
1529 2817 1545 2849 u

364 2878 489 2943 agnosut
506 2877 590 2925 Paris.
627 2878 661 2925 at
679 2878 850 2926 manifestum
868 2879 913 2929 est
929 2880 1064 2928 uuetorem
1083 2876 1198 2945 singuiis
1218 2874 1371 2923 notionibus
1402 2878 1479 2927 inter
1499 2897 1521 2925 e
1534 2888 1545 2928 tt

364 2946 460 3007 positis
479 2946 567 2994 lumen
587 2946 693 3008 aliquod
714 2948 863 2996 sententiae
881 2948 1051 3012 quaesiuisse
1075 2948 1155 3008 atque
1176 2947 1214 2995 ita
1237 2946 1273 2993 itti
1290 2941 1462 2998 Mithridati
1483 2945 1545 3011 tu!

363 3013 465 3065 mire
483 3016 643 3065 roubertum
663 3018 762 3066 fecisse
779 3015 831 3067 sibi
848 3016 962 3082 gloriose
978 3016 1101 3083 aterni.

436 3082 517 3141 Quen
534 3100 617 3136 trusae
635 3084 732 3153 uliquis
749 3085 841 3137 merito
861 3084 968 3144 dixerit)
987 3089 1026 3137 lta
1044 3088 1104 3140 dedi
1123 3101 1138 3137 e
1157 3087 1308 3136 coniectura
1320 3086 1464 3138 Perizoaii
1484 3101 1545 3152 pre«

364 3156 434 3216 quod
454 3156 513 3205 inde
533 3172 551 3207 a
568 3157 662 3225 Pigbio
686 3158 767 3225 uulgo
786 3158 928 3225 legebatur
952 3158 1065 3215 Quem
1088 3155 1184 3223 dipsis
1206 3154 1306 3213 merito.
1331 3160 1360 3204 et
1378 3161 1451 3209 ante
1470 3160 1545 3225 Pigtu

365 3224 446 3283 Quem
462 3225 523 3293 qais
539 3242 590 3279 soa
609 3226 735 3279 immerito
754 3230 812 3278 sins
830 3229 1050 3296 interrogatione.
1075 3229 1136 3278 lioet
1159 3227 1312 3277 Perizonius
1334 3226 1400 3289 ipse
1427 3232 1545 3293 praetuta

365 3298 485 3348 uideatur
502 3297 585 3357 Queat
602 3314 652 3349 sae
671 3296 767 3365 uliquis
783 3297 885 3350 merito.

435 3366 461 3421 ἢ.
479 3371 518 3424 Cf.
536 3372 594 3423 Liu.
614 3370 675 3433 epit.
694 3371 752 3420 libr.
772 3370 920 3420 LXXXIX.
944 3371 1011 3419 Plut.
1031 3371 1122 3432 Pomp.
1143 3366 1183 3419 10.
1203 3369 1269 3431 App.
1289 3369 1338 3418 eiu.
1358 3369 1379 3423 l.
1397 3366 1447 3421 liii.

432 3444 523 3506 petras
546 3456 563 3491 ιι
585 3438 721 3495 militibus)
748 3441 899 3489 Librorum
912 3441 1045 3503 scriptura
1063 3438 1148 3507 petit.
1181 3441 1312 3502 quoiast
1326 3437 1424 3503 petiit.
1454 3458 1545 3491 cums

364 3512 517 3561 conueniret
536 3513 648 3574 copulae
661 3513 782 3576 sequenti
802 3513 828 3561 in
840 3526 928 3577 euque.
948 3513 1033 3560 Aldus
1051 3512 1181 3573 probante
1192 3510 1297 3559 Voretie
1307 3510 1433 3561 ediderat
1452 3528 1485 3562 eo
1503 3527 1545 3576 sset

364 3583 439 3640 Quod
458 3582 482 3629 si
500 3582 578 3631 facile
597 3582 654 3630 lieri
671 3582 786 3644 potuerit
805 3586 833 3630 ut
850 3582 953 3631 litterae
965 3596 997 3631 ur
1008 3582 1045 3630 ibi
1064 3582 1224 3637 exciderent.
1244 3594 1337 3643 parurn
1350 3582 1445 3631 tamen
1458 3597 1545 3633 enarre

362 3651 466 3701 uidetur
484 3652 571 3700 oratio
587 3653 624 3700 iia
642 3652 778 3709 restituta,
802 3652 865 3715 quia
883 3651 954 3701 maie
977 3653 1030 3700 iam
1054 3652 1182 3701 eoiraeret
1204 3652 1370 3713 participium
1396 3652 1509 3704 trabeas
1526 3669 1545 3701 es

363 3722 436 3771 fluite
460 3724 542 3770 uerbo
569 3718 658 3786 pettit,
694 3738 806 3782 qttoeum
836 3736 904 3772 sune
934 3723 1047 3771 formum
1074 3736 1152 3771 suurn
1185 3726 1287 3771 mutare
1316 3722 1429 3770 deberet
1462 3726 1489 3772 in
1518 3728 1545 3773 bu

362 3793 470 3841 modum
491 3795 583 3857 peteras
605 3818 640 3827 -
661 3790 750 3841 ιιιιιιὶι.
795 3792 902 3843 Rectius
925 3792 1004 3858 igitur
1028 3793 1139 3859 Pighius
1162 3807 1178 3841 e
1201 3793 1293 3841 codiee
1315 3793 1472 3844 Caueblauo
1499 3811 1545 3859 pus

358 3859 439 3925 petiit
456 3886 489 3897 —
508 3875 587 3927 eoque
604 3875 704 3911 mornas
722 3861 811 3913 trusit.
852 3862 906 3913 Sed
930 3864 1012 3911 ιιιιιιιο
1031 3863 1202 3913 uerisimilius
1220 3863 1363 3912 'torreuius
1386 3867 1505 3925 probum
1524 3881 1545 3916 ει

362 3930 502 3979 tertiarum
523 3946 628 3989 nexum,
652 3947 728 3996 quern
747 3946 797 3981 nos
810 3946 893 3995 supra
911 3933 1088 3992 exhibuimus,
1107 3934 1221 3982 restituit
1238 3936 1339 3982 ιιιιιιιιιιι
1353 3931 1425 3998 petit
1441 3937 1468 3985 in
1482 3944 1545 4003 peta

364 4001 401 4046 ‘ut
418 4000 455 4046 sit
477 4003 637 4051 oonstruotio
658 3999 744 4053 Cardu
768 4000 861 4055 ductas
882 4000 919 4053 ad
936 4001 1091 4069 suppliciam
1109 4000 1284 4054 maratus
1307 4008 1346 4054 est
1367 4003 1545 4058 mutent

363 4066 436 4123 tatu.
451 4073 544 4135 petras
561 4075 591 4121 ιιι
606 4069 660 4121 stt
678 4070 765 4123 atam
782 4071 871 4124 lesere
883 4072 975 4123 tieem
991 4078 1016 4122 et
1033 4088 1064 4124 eo
1081 4076 1209 4136 (leuando
1228 4075 1331 4137 uiuum)
1349 4088 1451 4125 mornas
1468 4078 1545 4128 uass

363 4136 450 4191 dosa·
470 4142 518 4191 ete.
555 4141 691 4190 Librarius
705 4144 811 4207 antiquo
830 4146 883 4193 ium
895 4146 1016 4206 tempore
1029 4160 1088 4194 οιιιιι
1098 4160 1151 4194 uon
1169 4145 1401 4201 animaduerteret,
1418 4163 1491 4210 ursae
1510 4152 1545 4199 iet

360 4212 506 4277 ponuntur.
533 4209 580 4262 nn
606 4208 692 4262 carto
711 4240 745 4249 —
764 4212 903 4265 annaliter
925 4220 985 4263 arte
1009 4217 1155 4267 cohaerere
1174 4230 1233 4264 eum
1252 4215 1440 4276 morientibus.
1459 4220 1545 4270 offensi

361 4286 401 4333 tot
418 4282 562 4347 participiis
580 4278 694 4340 (duetus.
711 4286 810 4349 petens.
831 4283 959 4344 traam.)
975 4288 1087 4335 uerbum
1106 4286 1220 4343 linitum.
1241 4287 1310 4349 quod
1330 4285 1510 4348 desiderabat,
1527 4293 1545 4340 si

362 4354 437 4403 fluxit
454 4352 635 4415 interpolando
650 4349 738 4416 petiit.

433 4418 460 4473 3.
478 4424 517 4473 ct.
535 4423 592 4477 Liu.
612 4424 674 4487 epit.
693 4424 750 4474 libr.
770 4424 850 4475 CXX.
876 4426 943 4475 Veli.
962 4426 1000 4484 11,
1023 4423 1066 4477 tt.
1091 4425 1187 4477 Seuer.
1205 4440 1266 4489 epp.
1286 4428 1320 4474 ad
1343 4426 1425 4478 Lucii.
1444 4424 1487 4480 82
1511 4434 1545 4495 Ap

358 4496 414 4545 eiu.
432 4492 478 4548 111.
496 4490 539 4545 98.
563 4494 620 4545 nto.
641 4490 893 4551 Cumulatius.
917 4498 996 4547 Oros.
1017 4498 1059 4554 vt,
1082 4492 1122 4547 18,
1148 4497 1206 4549 Vai.
1225 4497 1280 4552 illi.
1300 4494 1325 4554 7,
1345 4492 1370 4547 θ.

433 4558 469 4613 D.
487 4560 596 4621 dirutus)
615 4562 741 4629 Suppleui
755 4566 934 4627 praenominis
947 4573 1038 4617 ιιοιιιιιι
1057 4582 1073 4615 a
1086 4566 1190 4615 Paridis
1203 4568 1326 4631 epitome,
1345 4572 1545 4629 comprobabili

361 4632 399 4681 stt
422 4644 483 4680 eam
506 4638 614 4697 proptor
635 4637 838 4698 praetendentem
862 4636 976 4687 litterum
1000 4639 1027 4687 iu
1056 4638 1147 4687 codiee
1171 4638 1319 4700 archetypo
1342 4638 1473 4691 exettesa
1493 4658 1545 4704 qua

360 4702 460 4765 sponte
478 4703 596 4755 additam
615 4717 679 4755 esse
696 4708 733 4757 ab
751 4706 937 4761 abbreutatore
955 4708 1009 4759 itio.
1047 4708 1149 4757 statam
1170 4708 1204 4757 da
1221 4721 1306 4761 eausa
1325 4707 1403 4769 paulo
1418 4713 1480 4773 past
1495 4714 1545 4766 ists
