3409 5400
600 434 683 502 LlB.
705 436 732 513 l,
753 436 792 503 G.
816 438 847 514 7,
871 446 900 515 ς.
924 440 945 506 5
967 475 1014 489 —-
1037 444 1068 505 7.
1384 444 1449 513 151

314 594 401 659 Gaio
423 604 533 661 autem
547 595 698 664 Graccho
720 600 910 667 inminentis
927 623 1027 666 casus
1044 604 1199 668 atrocitas
1216 604 1328 691 palam
1351 616 1447 693 atque
1458 605 1490 673 6.

213 712 338 787 aperte
367 725 428 791 per
455 706 597 793 quietem
623 707 816 773 denuntiata
843 720 904 773 est.
961 708 1087 773 Somno
1116 712 1204 774 euim
1232 732 1368 797 pressus
1399 712 1447 779 ii.

216 808 372 874 Gracchi
398 812 509 876 battis
538 813 683 899 effigiem
712 814 806 890 uidit,
842 814 982 879 dicentis
1011 814 1075 879 sibi
1101 816 1192 881 nulla
1218 818 1345 881 ratione
1374 842 1449 885 eum

215 918 331 981 uitare
353 939 455 1003 posse
484 940 527 983 ue
549 940 589 983 eo
618 921 686 985 fato
709 927 804 1001 [uon]
827 923 959 1008 periret,
988 942 1052 1007 quo
1083 924 1156 1008 ipse
1180 922 1367 987 occidisset.
1410 924 1450 989 ld

190 1034 265 1087 ὕοι
288 1022 441 1089 Graccho
464 1026 555 1111 prius
584 1048 683 1114 quam
712 1030 928 1104 tribunatum,
963 1030 998 1093 iu
1027 1052 1091 1116 quo
1120 1030 1300 1093 fraternum
1330 1031 1450 1095 exitum

215 1128 350 1207 habeut,
373 1133 470 1197 iuiret
490 1132 583 1197 multi
610 1134 792 1199 audieumt.
846 1137 978 1202 Caelius
1004 1139 1112 1211 etiam,
1144 1146 1253 1199 certus
1275 1135 1449 1201 Romanae

216 1234 385 1302 historiae
407 1250 530 1313 auctor,
554 1261 740 1305 sermonem
763 1242 805 1307 de
829 1264 873 1307 ea
898 1265 935 1307 re
958 1242 1003 1308 ad
1026 1266 1106 1309 suas
1131 1265 1229 1309 aures
1260 1242 1315 1308 illo
1340 1242 1449 1309 adhuc

218 1345 301 1409 uiuo
324 1348 519 1431 perueuisse
543 1348 665 1413 scribit.

313 1450 428 1517 Vincit
438 1452 575 1517 huiusce
591 1460 700 1520 somni
714 1456 819 1521 dirum
835 1466 1006 1541 aspectum
1022 1456 1110 1543 quod
1125 1458 1315 1543 insequitur.
1348 1455 1449 1543 Apud
1459 1453 1490 1517 7.

181 1579 212 1623 re
222 1557 357 1624 Actium
378 1559 424 1626 M.
448 1559 583 1624 Antonii
603 1563 717 1627 stactis
741 1563 857 1649 opibus
876 1562 1014 1627 Cassius
1030 1560 1233 1636 Parmensis,
1258 1564 1314 1649 qui
1336 1574 1447 1650 partes

221 1667 297 1731 eius
321 1676 455 1731 secutus
477 1668 593 1743 hietat,
616 1666 765 1733 Athenas
781 1670 939 1756 confugit.
985 1668 1052 1732 Vbi
1075 1668 1237 1733 concubia
1255 1679 1349 1732 nocte
1373 1690 1448 1733 cum

222 1772 500 1838 sollicitudinibus
523 1786 556 1837 et
576 1777 666 1839 curis
688 1786 796 1839 mente
820 1776 928 1860 sopita
958 1776 992 1839 in
1022 1774 1140 1839 lectulo
1169 1776 1308 1850 iaceret,
1338 1776 1447 1840 existi·

223 1881 329 1943 mauit
350 1879 396 1944 ad
417 1902 456 1944 se
472 1882 584 1945 uenire
599 1880 765 1945 hominem
780 1883 924 1968 ingentis
940 1882 1189 1967 magnitudinis,
1213 1883 1332 1947 coloris
1349 1883 1447 1970 nigri,

223 1985 415 2072 squalidum
437 1986 541 2050 barba
568 2000 601 2049 et
629 1986 747 2072 capillo
777 1989 934 2061 inmisso,
964 1988 1264 2075 interrogatumque
1293 1991 1448 2076 quisnam

186 2104 316 2157 tsoeset
336 2091 552 2177 respondisse
574 2093 675 2158 xcxiv
696 2093 850 2179 dutpova.
898 2094 1090 2159 Perterritua
1110 2094 1229 2159 deinde
1247 2106 1349 2159 taetro
1371 2098 1448 2160 uisu

223 2212 257 2263 et
277 2200 414 2264 nomine
435 2197 600 2263 horrendo
624 2221 740 2265 seruos
755 2200 947 2265 inclamauit
962 2202 1213 2288 sciscitatusque
1237 2213 1288 2265 est
1311 2222 1448 2287 ecquem

225 2377 250 2431 1.
269 2378 338 2429 Gaio
357 2406 392 2415 —
410 2372 460 2443 (ἱ)
483 2377 607 2444 pressus]
633 2379 661 2429 0.
684 2382 818 2447 gracchus
843 2395 938 2430 somno
962 2392 1075 2444 pressus
1094 2376 1126 2429 Γ.
1143 2378 1157 2446 ΙΙ
1173 2374 1199 2428 4.
1220 2376 1266 2442 ue]
1287 2379 1315 2426 ut
1335 2372 1411 2427 Torr.
1424 2374 1438 2445 ΙΙ

224 2466 278 2501 nou
296 2449 408 2515 periret]
426 2451 525 2512 periret
542 2447 571 2498 tu
586 2463 684 2500 rouro
701 2447 733 2503 Α.
752 2466 805 2501 uon
823 2449 974 2502 1111111111
994 2447 1069 2500 Torr.
1088 2448 1101 2515 ΙΙ
1118 2448 1191 2515 ipse]
1216 2444 1279 2497 cdd.
1302 2448 1448 2512 propulsus

224 2538 241 2573 c
260 2521 388 2584 capitolio
405 2534 495 2585 corpo
514 2517 624 2570 ATorr.
639 2520 655 2589 11
672 2515 697 2573 5.
716 2521 801 2587 prius}
824 2524 887 2586 post
905 2519 936 2575 Γ.
953 2520 966 2588 ll
984 2517 1010 2573 li.
1028 2521 1123 2570 inirent
1141 2534 1189 2588 pr.
1206 2516 1238 2569 A.
1258 2514 1271 2587 ΙΙ
1292 2520 1449 2569 audiuerant

226 2590 335 2645 CTorr.
347 2587 399 2656 1111.
418 2592 503 2641 Vincit
520 2619 555 2629 -
572 2592 719 2656 insequitur
737 2607 786 2642 om.
796 2590 827 2643 Γ.
839 2592 854 2660 ΙΙ
866 2592 989 2659 huiusce]
1008 2592 1087 2641 huius
1106 2592 1133 2641 et
1147 2589 1180 2643 Β.
1193 2589 1314 2658 1111111111
1332 2602 1403 2640 corr.
1415 2586 1447 2645 A.

235 2665 250 2734 ΙΙ
261 2664 384 2730 aequum
402 2659 479 2715 Tcrr.
490 2662 505 2732 ΙΙ
517 2660 559 2716 it.
578 2664 697 2714 demisso
714 2661 762 2723 (Ε)
769 2660 846 2715 Torr.
859 2662 872 2731 ΙΙ
885 2666 991 2731 quinam
1009 2660 1043 2715 E.
1055 2662 1069 2731 ΙΙ
1084 2658 1123 2717 15.
1143 2660 1330 2728 respondisse]
1355 2658 1448 2712 11111111

224 2735 276 2790 bic
294 2734 325 2785 in
341 2747 438 2785 rum
451 2731 482 2786 A.
500 2736 688 2799 respondisset
707 2733 741 2788 Β.
759 2735 772 2802 ΙΙ
789 2739 1070 2789 ΚΑΚΩΝΔΕΜΟΝΑ
1087 2732 1111 2787 Δ
1130 2739 1157 2786 et
1171 2730 1294 2785 1111111111
1311 2729 1336 2786 Β
1355 2747 1388 2784 oc
1400 2747 1447 2802 pr.

224 2806 255 2861 0.
272 2808 410 2858 kakumae
427 2807 507 2855 uonia
523 2803 562 2858 D.
582 2807 707 2857 katonias
724 2808 824 2856 aucuia
840 2805 876 2860 Ε.
902 2823 967 2858 caco
986 2809 1102 2856 demone
1118 2803 1151 2861 Γ.
1174 2803 1360 2876 muricipem
1377 2817 1448 2856 corr.

227 2878 257 2933 0.
278 2874 359 2929 Torr.
389 2873 425 2927 Vt
440 2891 487 2926 nos
503 2876 567 2930 Por.
586 2879 724 2941 respondit
741 2892 773 2926 se
791 2892 856 2929 csse
875 2881 973 2929 Orcum
992 2875 1059 2944 Nep.
1070 2875 1084 2943 ΙΙ
1096 2877 1194 2943 taetro]
1214 2879 1299 2927 tracto
1317 2873 1355 2929 D.
1373 2875 1447 2925 tauto

225 2949 259 3003 Γ.
278 2953 335 2998 tam
352 2950 419 2998 tetro
440 2944 516 3001 Torr.
530 2944 544 3018 ΙΙ
561 2943 601 3002 iti.
620 2949 727 2999 bomim
745 2961 814 3001 corr.
834 2945 1016 3018 1111111111
1033 2947 1066 3003 Γ.
1084 2953 1112 3000 et
1130 2963 1209 3016 quem
1226 2946 1282 3000 Bc
1305 2952 1332 2998 et
1349 2961 1396 3016 pr.
1414 2943 1447 2998 L

227 3023 253 3072 ci
270 3035 352 3088 quem
369 3016 514 3073 Dieron.
535 3017 578 3088 Q!-
597 3022 618 3074 1,
638 3018 666 3075 8.
686 3025 737 3073 ert.
757 3017 798 3073 io.

225 3175 474 3244 1111111149.)
498 3181 691 3231 demonstrauit
711 3183 857 3234 Drumaun.
882 3183 977 3251 gesch.
998 3181 1089 3232 llom's
1111 3181 1150 3238 ll,
1174 3195 1201 3245 p.
1220 3175 1274 3232 293
1299 3180 1386 3229 eClc.
1406 3191 1446 3242 pr.

228 3253 301 3303 Suet
320 3247 365 3308 bt„
387 3245 436 3301 tii
454 3254 481 3302 ct
497 3247 542 3309 bb.
564 3247 623 3304 tio.
661 3252 700 3304 01.
720 3254 801 3304 etiam
819 3271 868 3319 pro
887 3255 978 3305 Planc.
999 3248 1042 3310 32.
1066 3247 1108 3302 78.

301 3319 328 3374 ti.
348 3322 387 3374 ct.
407 3322 460 3374 Cic.
479 3323 514 3374 de
532 3324 584 3374 diu.
604 3317 750 3381 111511.
779 3325 847 3376 Plut.
868 3327 896 3377 C.
917 3325 1030 3375 Gracch.
1053 3320 1076 3374 1.

299 3409 334 3444 ne
350 3391 455 3459 casato
473 3393 548 3459 [noa]
562 3393 675 3460 periret)
710 3396 783 3445 Male
806 3397 944 3462 hucusrpe
968 3397 996 3445 in
1014 3384 1173 3443 editionibus
1191 3390 1333 3457 legebatur
1361 3386 1391 3436 tt
1419 3400 1449 3437 cc

219 3467 288 3534 sato
303 3462 481 3532 coeperint,
500 3481 561 3515 cum
580 3467 655 3516 codd.
676 3468 821 3516 exhibeant
838 3469 943 3520 tautum
955 3478 1011 3519 non
1026 3475 1120 3514 omues
1139 3475 1172 3510 ne
1189 3474 1219 3509 eo
1229 3456 1294 3523 suto
1311 3469 1363 3506 soa
1376 3469 1447 3522 per„

227 3539 301 3604 quod
318 3538 399 3588 etiam
416 3537 444 3586 iu
461 3537 520 3587 cod.
539 3538 619 3587 Bern.
639 3537 725 3586 tuisse
743 3537 842 3604 colligo
861 3551 894 3590 ex
913 3537 994 3584 litura
1009 3534 1045 3582 ibi
1058 3533 1175 3580 iuuenta.
1211 3527 1352 3589 Duplicem
1363 3537 1449 3593 nega·

225 3612 329 3660 1111111
346 3622 379 3658 ιε
395 3635 430 3646 -
448 3622 500 3658 noa
516 3608 587 3658 idem
605 3609 633 3658 h.
653 3607 670 3658 1.
690 3607 782 3655 ualere
801 3621 834 3654 ac
858 3606 883 3654 si
901 3607 992 3653 auctor
1016 3600 1176 3652 affirmatius
1199 3596 1399 3661 pronuntiasset
1421 3598 1452 3646 tt

227 3696 260 3732 cc
269 3677 337 3746 satu
350 3677 454 3746 periret
469 3679 645 3742 praepostere
663 3676 831 3744 grammatici
849 3675 957 3739 qrddam
975 3672 1179 3726 contenderunt,
1205 3682 1265 3717 cum
1289 3679 1324 3715 ne
1342 3665 1450 3731 esqui-

227 3754 294 3802 dem
309 3751 442 3815 pertenta
458 3753 521 3814 post
537 3749 639 3800 uitandi
656 3750 767 3797 uerbum
785 3746 876 3811 posita
893 3744 1047 3807 reperiatur.
1086 3743 1174 3800 Quare
1196 3738 1320 3805 equidem
1338 3737 1451 3788 alteram

317 3824 417 3880 'ouem
437 3836 506 3886 quac
525 3838 544 3870 a
560 3820 718 3883 compendio
743 3831 848 3884 quoquc
866 3815 1005 3866 Paridensi
1029 3811 1123 3865 abest,
1150 3810 1292 3861 delendam
1314 3809 1451 3888 ratusflse·

228 3894 309 3944 eiust
345 3892 449 3941 Paridis
467 3894 553 3942 uerba
569 3892 638 3941 hacc
657 3891 727 3947 sunt,
744 3886 815 3939 auito
827 3883 903 3938 modo
913 3898 991 3952 poree
1003 3899 1059 3934 eura
1070 3881 1159 3937 nitere
1174 3897 1208 3934 ae
1219 3895 1249 3932 ec
1260 3879 1325 3946 soto
1339 3883 1451 3947 periret,

227 3979 282 4033 quo
299 3962 357 4030 ipse
369 3961 545 4029 propulsus
564 3959 694 4028 Capitolio
712 3957 868 4016 occidisset:
890 3958 959 4006 uude
978 3955 1133 4006 emendator
1151 3955 1211 4004 libri
1228 3952 1360 4003 Danieliui
1376 3950 1454 4015 petiit

227 4049 302 4103 quae
319 4035 347 4083 in
364 4035 486 4100 margine
504 4034 562 4082 cius
582 4033 681 4082 codicis
700 4033 819 4094 ascripta
837 4031 864 4080 et
887 4030 948 4078 inde
972 4027 1106 4076 translata
1123 4026 1151 4076 11
1169 4025 1332 4076 recentiores
1352 4021 1452 4088 aliquot

227 4109 314 4158 libros
334 4105 445 4173 Pighius
467 4106 620 4168 receperat,
642 4101 784 4170 propuleris
807 4096 986 4166 ecupilolt'o,
1017 4112 1067 4148 nos
1092 4098 1229 4162 tamquam
1256 4091 1451 4146 abbreuiaturis

226 4177 441 4228 additamentum
458 4191 512 4225 non
530 4189 727 4238 superuacuum
745 4174 832 4224 solum
850 4172 899 4220 sed
919 4171 999 4220 etlam
1017 4170 1192 4235 incongruum
1210 4168 1346 4218 eiecimus.

302 4244 472 4307 1111111111)
505 4246 623 4295 Errasse
640 4245 785 4301 Valerium,
803 4243 874 4308 quod
893 4243 921 4292 0.
942 4241 1092 4290 Gracchum
1109 4240 1137 4288 iu
1153 4239 1287 4288 tribunatu
1307 4234 1452 4283 hateruum

227 4321 333 4374 exitum
348 4319 478 4367 hahuisse
497 4317 643 4381 scripserit,
662 4317 784 4365 Veratius
804 4313 948 4362 aduolauit.

304 4387 397 4441 Graio
414 4386 561 4449 Famae)
576 4429 579 4435 ,
595 4387 636 4436 Ad
656 4387 780 4436 Cassium
798 4385 972 4434 Par-mensem
985 4396 1065 4446 quam
1084 4395 1147 4429 uere
1165 4380 1217 4426 hoc
1229 4377 1317 4424 uisum
1335 4367 1452 4448 retulerit

228 4463 293 4514 val.
311 4461 413 4510 nascio.
448 4459 551 4521 Reliqui
570 4461 641 4508 certe
663 4459 816 4521 scriptores,
842 4447 1055 4504 sinceritati
1078 4453 1105 4500 et
1129 4451 1207 4498 caes.
1232 4439 1280 4497 ui.
1305 4439 1374 4521 App.
1400 4449 1450 4487 cru.

226 4533 288 4592 lui,
310 4527 370 4583 tit.
389 4547 417 4594 p.
436 4525 497 4582 3⁴4·
524 4531 595 4581 rior.
612 4529 670 4587 llll,
690 4526 720 4585 l,
739 4524 765 4582 8.
789 4528 860 4577 idem
878 4536 989 4589 prorsus
1015 4525 1047 4572 de
1067 4521 1103 4570 M.
1126 4517 1216 4571 Bruto,
1242 4514 1368 4592 01111111
1392 4519 1452 4570 per·

228 4617 353 4661 1111011,
377 4603 500 4660 11111111,
529 4604 559 4650 11
576 4600 634 4652 iere
658 4598 813 4650 crediderim
838 4597 950 4647 alterum
975 4607 1036 4644 cum
1061 4592 1145 4640 attero
1167 4593 1313 4637 mamonae
1331 4577 1411 4644 lapsu
1435 4591 1454 4630 a

228 4675 342 4730 Valerio
360 4686 425 4726 csse
442 4673 591 4725 contusum.
