3409 5400
557 481 639 549 nni.
662 482 718 561 ΠΙ,
741 484 779 550 0.
802 484 834 561 3,
855 485 927 552 lixi.
949 494 983 563 3.
1006 487 1038 553 3.
1061 488 1091 555 4.
1370 491 1436 559 273

215 662 329 708 aurem
352 643 424 707 eius
446 663 561 709 morsu
584 645 748 729 corripuit,
771 650 832 709 nec
856 657 932 711 ante
955 645 1079 711 dimisit
1101 667 1200 732 qnam
1224 650 1345 735 etipse
1367 652 1437 716 uita

216 758 247 813 et
267 748 321 815 ille
344 759 435 834 parte
458 751 605 835 corporis
632 752 826 836 priuaretur.

302 854 390 921 Talis
421 858 595 943 patientiae
624 857 772 922 aemulus
804 857 1039 935 Anaxarchus,
1069 880 1145 924 cum
1168 882 1190 924 a
1211 868 1349 946 tyranno
1374 863 1437 948 cy·
1446 864 1479 933 4.

214 964 359 1051 priorum
380 962 597 1029 Nicocreonte
620 974 824 1050 torqueretur
847 986 908 1029 nec
930 965 998 1030 ulla
1019 966 1053 1029 ui
1076 965 1216 1031 inhiberi
1232 977 1349 1052 posset
1372 990 1437 1054 quo

188 1071 323 1137 eminus
340 1088 416 1137 eum
439 1071 720 1137 amarissimorum
735 1072 982 1137 maledictorum
994 1073 1185 1139 uerberibus
1207 1075 1350 1139 inuicem
1366 1077 1439 1159 ipse

215 1188 387 1264 torqueret,
411 1177 455 1243 ad
476 1177 623 1243 ultimum
640 1180 896 1264 amputationem
917 1179 1051 1266 linguae
1065 1182 1227 1245 minitanti
1250 1180 1336 1246 ‘Non
1360 1181 1439 1259 erit',

213 1286 326 1372 iuquit,
350 1284 547 1350 ‘effeminate
578 1284 789 1361 adulescens,
818 1284 903 1350 haee
933 1308 1063 1374 quoque
1089 1310 1168 1373 pars
1197 1290 1345 1375 corporis
1373 1290 1440 1354 mei

214 1404 288 1457 tuae
312 1390 463 1469 ditionis',
485 1393 696 1479 protinusque
721 1392 873 1457 dentibus
897 1392 1064 1459 abscisam
1088 1406 1119 1458 et
1141 1396 1439 1462 conmanducatam

213 1498 360 1587 linguam
383 1500 417 1565 in
441 1521 479 1564 os
504 1500 574 1564 eins
597 1500 646 1563 ira
668 1510 784 1585 patens
808 1500 927 1585 expuit.
976 1500 1153 1566 Multorum
1180 1524 1278 1567 aures
1301 1503 1357 1567 illa
1377 1503 1439 1567 lin-

178 1624 206 1669 1ο
215 1627 284 1693 gua
306 1618 338 1671 et
359 1608 393 1670 in
414 1607 529 1691 primis
553 1604 731 1671 Alexandri
752 1607 841 1693 regis
865 1606 1081 1673 admiratione
1113 1610 1164 1673 sui
1193 1609 1356 1674 adtonitas
1379 1608 1439 1673 ha·

215 1713 339 1788 buerat,
363 1713 441 1781 dum
464 1724 569 1777 terrae
587 1712 825 1788 condicionem,
848 1711 995 1778 habitum
1018 1717 1131 1790 maris,
1155 1715 1301 1779 siderum
1318 1726 1437 1788 motus,

215 1822 312 1889 nnus
342 1820 483 1907 denique
518 1818 633 1883 mundi
665 1830 816 1885 naturam
848 1820 1103 1904 prudentissime
1139 1832 1171 1885 et
1200 1821 1439 1887 facundissime

216 1928 384 2014 expromit.
429 1925 540 1991 Paene
564 1936 674 1991 tamen
694 1926 812 1989 occidit
828 1925 1006 2013 gloriosius
1023 1948 1121 2014 quam
1135 1929 1248 2015 uiguit,
1272 1930 1350 2015 quia
1372 1940 1441 1995 tam

215 2034 290 2099 forti
313 2036 377 2099 line
393 2032 563 2099 inlustrem
578 2032 795 2119 professionis
812 2044 921 2097 actum
936 2034 1160 2118 conprobauit,
1184 2034 1438 2123 Anaxarchique

179 2156 283 2205 senon
305 2142 405 2206 uitam
428 2140 526 2205 modo
549 2162 609 2204 non
633 2140 775 2205 deseruit
799 2138 859 2202 sed
882 2152 1020 2204 mortem
1042 2139 1184 2225 reddidit
1206 2140 1387 2209 clariorem.

218 2369 241 2427 1.
261 2374 370 2438 arripuit
386 2369 448 2425 Per.
468 2368 527 2439 112.
547 2371 665 2437 corporis
688 2374 765 2434 parte
790 2368 867 2423 Torr.
888 2368 901 2438 ΙΙ
921 2364 947 2423 3.
972 2334 1312 2439 constantiensium
1334 2367 1370 2423 E.
1385 2361 1438 2442 114.

216 2444 401 2511 Nicocreonte]
421 2442 524 2495 litterae
541 2446 600 2494 nico
620 2442 647 2493 ta
664 2456 762 2493 rasura
779 2440 810 2493 A.
832 2445 1013 2494 meocretonte
1031 2441 1065 2495 Β.
1083 2444 1270 2493 ineocredoute
1283 2457 1329 2509 pr.
1344 2439 1373 2501 C,
1391 2440 1440 2493 aed

216 2514 302 2567 littd
328 2530 396 2567 erue.
420 2515 606 2566 uicocretondc
624 2510 661 2564 D.
685 2515 873 2564 nichocreonte
891 2512 927 2565 E.
949 2515 1118 2564 incocreunte
1137 2511 1168 2565 Γ.
1195 2508 1258 2565 add.
1277 2513 1297 2562 1.
1315 2514 1344 2562 P.
1366 2514 1438 2563 nico·

110 2632 114 2639 .
217 2588 324 2638 creonte
342 2588 369 2635 in
387 2584 468 2650 pilam
488 2586 622 2635 coniectus
644 2585 798 2634 tunderetur
823 2584 914 2635 ionem
937 2587 1022 2651 inquit
1045 2586 1191 2635 anaxarchi
1215 2585 1280 2635 feris
1298 2598 1388 2649 marpo
1406 2581 1438 2637 Α.

227 2652 277 2726 115.
297 2658 525 2708 amarissimorum
544 2670 604 2706 eum
625 2651 798 2721 711111Ιί1136
817 2670 866 2707 om.
887 2653 915 2707 0.
927 2653 940 2722 ΙΙ
960 2653 983 2710 1.
1003 2673 1020 2706 o
1038 2656 1190 2707 effeminate
1208 2650 1306 2722 111118.
1326 2656 1438 2706 dicionis

217 2741 287 2780 corr·
307 2727 335 2782 G.
348 2727 361 2796 ΙΙ
372 2723 398 2781 9.
415 2730 483 2780 iram
499 2728 627 2792 patientis
646 2725 681 2778 D.
697 2725 709 2794 ΙΙ
728 2723 766 2778 ll.
780 2729 909 2778 ambitum
921 2726 956 2779 Ε.
968 2727 981 2792 ΙΙ
996 2722 1036 2778 13.
1049 2728 1214 2792 exprompsit
1226 2741 1296 2777 corr.
1307 2724 1340 2786 A,
1359 2724 1438 2778 Torr.

166 2823 170 2830 ·
228 2799 242 2868 ΙΙ
255 2795 296 2852 15.
308 2801 387 2851 modo
400 2801 482 2852 uitam
492 2797 528 2852 a.
539 2796 552 2865 ΙΙ
564 2813 617 2850 non
629 2798 757 2864 deseruit]
772 2814 824 2849 non
836 2813 886 2850 om.
898 2795 1126 2850 cucurrere.
1139 2803 1166 2850 et
1178 2812 1223 2866 pr.
1235 2796 1272 2852 D.
1285 2796 1299 2867 ΙΙ
1310 2800 1398 2849 reddit
1408 2796 1437 2850 0.

289 3007 314 3068 A.
332 3015 434 3066 Plinius
445 3013 491 3064 Vll
510 3014 537 3064 h.
555 3027 581 3065 n.
601 3013 743 3071 uolumine.
760 3014 788 3063 in
807 3029 859 3080 quo
875 3015 944 3064 libro
963 3013 1125 3078 saepissime
1140 3013 1276 3066 Valerium
1294 3016 1437 3080 excerpsit.

217 3101 241 3138 c.
265 3080 310 3144 23,
338 3086 414 3136 Philo
438 3085 567 3143 iudaeus,
595 3085 732 3151 Diogenes
756 3085 881 3135 Laertius
905 3086 959 3143 IX,
982 3080 1017 3134 tu
1042 3101 1101 3134 curn
1124 3088 1176 3136 hoc
1198 3090 1307 3136 auctore
1330 3088 1439 3138 iaciunt.

217 3157 377 3206 Plutarchus
396 3158 539 3206 contrade
559 3156 679 3223 garrulit.
698 3152 724 3206 8.
742 3170 769 3219 p.
790 3151 831 3207 1³.
849 3156 939 3206 Reistr.
959 3157 987 3204 et
1004 3158 1064 3206 adu.
1084 3158 1166 3207 Colat.
1190 3158 1208 3208 l.
1233 3174 1256 3209 c.
1293 3157 1393 3208 suidas
1411 3175 1439 3209 u.

217 3221 320 3291 Ζήνων,
337 3228 396 3290 ipse
405 3227 541 3293 Diogenes
559 3227 650 3276 Laert.
670 3226 723 3284 IX,
747 3221 782 3276 26
806 3228 858 3276 hoc
882 3227 1041 3277 fortitudinis
1060 3228 1209 3290 exemplum
1234 3229 1320 3276 eidem
1338 3229 1441 3279 Zenoni

216 3298 338 3358 Eleatae,
357 3298 512 3348 Ammianus
530 3298 703 3346 Marcellinus
721 3296 805 3356 xiiii,
824 3292 841 3346 9
859 3298 961 3347 Zenoni
985 3298 1069 3348 stoico
1086 3299 1204 3348 ascribit.
1245 3299 1328 3346 tutius
1349 3301 1440 3347 antem

216 3369 295 3418 Paris
313 3383 331 3418 a
349 3369 455 3420 Valerio
475 3369 616 3418 discedens
634 3369 766 3419 notiorem
789 3367 863 3417 illam
889 3369 990 3418 tamam
1014 3369 1065 3416 hoc
1088 3368 1148 3417 loco
1173 3369 1282 3418 secutus
1304 3371 1360 3426 est,
1386 3383 1441 3432 qua

216 3439 404 3497 Anaxarchus,
425 3454 485 3488 cum
503 3455 521 3487 a
539 3439 713 3490 Nicocreonte
737 3441 852 3503 tyranno
870 3439 898 3488 in
915 3440 997 3503 pilam
1016 3438 1151 3488 coniectus
1174 3440 1344 3506 tunderetur,
1367 3439 1439 3487 uoci·

216 3511 319 3562 foratus
338 3524 401 3562 csse
420 3511 502 3562 fertur
521 3509 637 3566 ‘Tundm
656 3511 736 3558 tunde
754 3508 907 3560 Anaxarchi
931 3511 1036 3564 lotione
1061 3509 1249 3558 Anaxarchum
1272 3509 1362 3570 ipsum
1384 3523 1439 3558 nou

217 3583 300 3632 terie'.
332 3581 371 3632 Cl'.
394 3581 444 3638 Dio
465 3619 472 3632 .
496 3581 585 3630 Lauri.
603 3579 655 3638 IX,
675 3575 718 3630 59.
746 3579 814 3632 Plut.
834 3581 868 3630 de
892 3581 951 3630 uirt.
969 3581 1064 3630 morali
1086 3597 1113 3644 p.
1130 3575 1183 3630 449
1206 3580 1236 3628 F.
1259 3580 1341 3630 Clam.
1360 3578 1438 3628 Alex.

218 3654 309 3704 strom
327 3651 384 3710 1111,
403 3668 430 3715 p.
445 3597 501 3703 ili
523 3650 599 3716 Sylb.
627 3650 704 3700 Ouid.
728 3649 792 3700 lbid.
818 3645 880 3703 573.
908 3650 1018 3702 Tertull.
1042 3652 1069 3700 in
1092 3651 1138 3700 tiu.
1160 3652 1269 3718 apolog.
1293 3650 1348 3700 alii.
1383 3647 1440 3699 Sed

217 3723 412 3785 huncquoque
430 3723 570 3772 historiam
588 3721 621 3770 ad
641 3721 776 3770 Zenonem
794 3721 884 3772 retulit
900 3720 999 3771 Snidas
1018 3723 1036 3772 l.
1056 3737 1078 3772 c.

287 3807 339 3844 noa
355 3792 437 3844 eitam
455 3789 541 3853 mado)
567 3791 641 3842 Libri
665 3792 838 3855 manuscripti
863 3793 890 3842 et
911 3793 1037 3856 impressi
1060 3806 1112 3841 noa
1129 3789 1206 3842 moda
1222 3789 1305 3844 attam
1323 3788 1440 3842 deam

216 3861 265 3916 ced
291 3868 399 3916 mortem
422 3860 542 3916 reddidit
569 3859 718 3914 cleriorem.
764 3865 839 3922 Quae
863 3879 923 3913 cum
944 3864 1043 3912 uitiosa
1068 3864 1135 3918 sint.
1166 3865 1321 3914 Perizonius
1352 3865 1439 3915 deleto

216 3931 304 3988 modo.
324 3935 468 3986 Torrenius
487 3935 577 3984 addito
596 3948 625 3984 eo
644 3936 679 3984 ad
698 3933 750 3984 hoc
769 3935 928 3984 uocabulum
947 3935 1107 3984 sententiam
1125 3935 1196 3984 hanc
1214 3937 1370 3992 effecerunt,
1391 3936 1439 3986 lin·

216 4019 300 4073 guam
323 4006 476 4058 Anaxarchi
500 4020 554 4056 nou
582 4005 637 4056 tarn
662 4005 744 4054 uitam
774 4005 832 4054 eius
861 4006 906 4069 (eo
930 4005 1021 4065 modo)
1046 4006 1201 4056 deseruisse
1224 4022 1304 4071 quam
1327 4008 1441 4057 mortem

217 4077 357 4136 clariorem
375 4078 534 4128 reddidisse.
570 4078 646 4135 Quod
665 4077 693 4124 ut
711 4078 857 4126 concedam
881 4077 920 4125 ita
943 4077 1053 4139 exprimi
1077 4077 1213 4139 potuisse.
1239 4081 1323 4130 uerba
1347 4081 1440 4129 tamea

216 4160 268 4198 eoa
285 4146 366 4206 attam
384 4157 425 4207 (eo
443 4143 529 4207 modo)
548 4143 664 4196 deeemt
681 4147 752 4196 certe
771 4147 805 4196 ad
825 4147 867 4203 id,
892 4148 964 4207 qnod
987 4148 1093 4210 proprie
1117 4147 1352 4198 demonstrandam
1371 4149 1438 4204 crat,

217 4219 354 4284 gloriosae
371 4219 443 4268 illius
462 4219 571 4284 linguae
590 4219 683 4284 uigore
701 4217 888 4284 gloriosiorem
906 4217 987 4266 tinem
1005 4217 1099 4274 titisse,
1121 4218 1311 4269 nihilomnino
1330 4219 1438 4269 iaciunt.

216 4290 299 4348 §uiue
323 4291 362 4340 rei
386 4304 434 4353 pro
459 4290 617 4356 argumento
636 4303 696 4336 cum
714 4289 787 4339 recte
811 4287 928 4349 positum
952 4288 996 4345 sit,
1022 4290 1091 4353 qnod
1116 4289 1210 4354 lingna
1229 4291 1359 4338 illustrem
1377 4305 1439 4351 pro·

217 4357 345 4409 sessionis
364 4363 451 4409 actum
476 4361 531 4409 tam
555 4359 616 4408 torti
640 4359 693 4408 fine
718 4358 935 4420 comprobasset,
959 4359 988 4408 ia
1011 4361 1105 4408 eadem
1131 4360 1264 4407 sententia
1286 4361 1355 4408 haec
1381 4359 1438 4408 fere

216 4431 293 4494 sequi
312 4433 455 4490 debebant,
475 4445 535 4482 earn
554 4445 607 4480 non
624 4430 703 4478 modo
722 4428 793 4478 uitae
812 4428 966 4477 Anaxarchi
984 4431 1046 4485 sed.
1069 4431 1139 4490 quod
1158 4428 1245 4477 maius
1263 4431 1383 4491 putatur,
1403 4442 1438 4478 ne

217 4502 296 4552 morti
314 4502 422 4564 quidem
440 4503 569 4560 demisse,
587 4503 667 4551 immo
685 4501 756 4548 hanc
774 4499 925 4550 reddidisse
944 4500 1093 4550 clariorem.
1129 4499 1221 4559 ltaque
1243 4501 1349 4548 omnino
1367 4501 1438 4548 inse·

217 4573 301 4622 reuda
320 4577 378 4626 erat
399 4574 485 4624 altera
506 4574 617 4640 negatio
642 4573 704 4622 ante
729 4567 859 4624 deseruit.
885 4584 954 4636 qnae
978 4573 1041 4633 post
1061 4571 1228 4633 praecedens
1251 4584 1303 4620 eoa
1326 4570 1353 4619 et
1375 4572 1439 4632 poet

216 4640 293 4693 modo
311 4645 434 4694 excidere
453 4644 531 4693 facile
551 4645 655 4708 quidem
668 4643 760 4705 potuit,
785 4640 958 4707 subintellegi
974 4642 1001 4690 in
1016 4641 1069 4690 hoc
1086 4655 1157 4690 nexu
1174 4642 1326 4704 neutiquam
1338 4642 1436 4703 potest,

217 4727 278 4770 cum
296 4716 331 4768 aa
350 4715 471 4786 ,negandi
488 4714 619 4779 partiente
636 4727 690 4770 noa
712 4713 765 4764 uisi
787 4727 821 4766 ex
839 4712 926 4764 attero
943 4713 1064 4765 membro
1081 4726 1130 4778 per
1146 4708 1195 4764 aed
1212 4727 1272 4762 cum
1291 4713 1437 4781 negatione

1200 4800 1242 4870 18
