3409 5400
298 544 363 612 146
746 534 807 601 DE
829 526 1064 599 PRODIGIIS.

386 701 515 769 Eodem
536 708 681 764 montem
703 693 816 761 Athon
837 694 893 757 uix
915 691 1048 757 tandem
1071 699 1300 778 transgresso,
1329 688 1512 775 priusquam

296 808 446 879 Athenas
483 805 604 870 deleret
641 801 904 869 Lacedaemonis
936 796 1144 863 inuadendae
1176 795 1350 861 consilium
1384 794 1514 881 agitanti

297 913 490 983 admirabile
520 912 603 976 inter
631 932 771 976 caenam
800 905 988 994 prodigium
1018 904 1141 971 incidit.
1199 902 1346 969 Infirsum
1377 920 1513 987 namque

296 1035 431 1110 paterae
455 1022 525 1085 eius
549 1020 662 1085 uinum
685 1019 718 1082 in
743 1014 951 1101 sangumem,
974 1031 1036 1075 nee
1056 1009 1159 1076 semel
1181 1010 1243 1075 sed
1265 1012 1381 1075 iterum
1403 1018 1435 1072 et
1456 1018 1513 1071 ter·

1620 693 1625 731 i

204 1140 207 1143 ’
296 1131 341 1195 tio
365 1148 563 1193 conuersum
584 1136 645 1189 est.
691 1123 767 1203 Qua
789 1121 830 1184 de
858 1140 895 1183 re
918 1116 1058 1183 consulti
1085 1120 1178 1205 magi
1204 1128 1399 1183 monuerunt
1426 1126 1460 1179 ut
1480 1130 1539 1178 set
1624 1126 1625 1159 ἐ

298 1236 340 1301 ab
362 1237 492 1320 incepto
515 1232 684 1318 proposito
708 1229 895 1295 abstineret.
948 1224 1043 1290 Etsi
1067 1225 1154 1313 quod
1185 1226 1363 1312 uestigium
1385 1224 1421 1287 in
1442 1243 1514 1285 uae·

300 1341 392 1406 cordi
414 1352 546 1428 pectore
569 1357 688 1403 sensus
711 1337 839 1409 fuisset,
863 1373 937 1402 m
960 1343 1036 1397 ante
1060 1333 1100 1397 de
1124 1332 1275 1399 Leonida
1297 1338 1316 1409 †
1339 1342 1371 1395 et
1394 1353 1415 1395 a
1438 1329 1514 1395 (lae-

298 1470 375 1513 sare
399 1448 573 1534 Spartanis
597 1442 728 1510 abunde
750 1443 920 1507 monitum.

280 1601 288 1617 .
387 1553 499 1618 Midae
528 1574 627 1626 uero,
663 1552 755 1615 cuius
789 1548 927 1634 imperio
955 1544 1103 1635 Phrygia
1136 1548 1196 1611 fuit
1226 1546 1388 1619 subiecta,
1419 1564 1514 1629 puero

298 1660 472 1727 dormienti
493 1660 651 1725 formicae
674 1659 709 1721 in
732 1680 771 1721 os
795 1676 903 1742 grana
918 1654 1015 1717 tritici
1031 1664 1279 1741 congesserunt.
1325 1648 1515 1717 Parentibus
1525 1672 1552 1717 to

299 1767 418 1834 deinde
442 1769 513 1833 eius
537 1787 679 1853 quorsus
708 1762 895 1850 prodigium
926 1762 1072 1827 tenderet
1102 1760 1344 1847 explorantibus
1377 1778 1516 1846 augures

303 2029 326 2087 i.
339 2034 441 2085 liudem
450 2061 485 2072 -
495 2029 544 2099 (³.)
561 2034 652 2084 incidit
669 2047 718 2083 om.
738 2028 769 2082 Γ.
781 2030 794 2097 ΙΙ
806 2032 907 2081 liudem
920 2059 953 2069 -
967 2032 1143 2099 transgresso
1162 2045 1211 2081 om.
1229 2028 1254 2081 i.
1273 2026 1290 2080 L
1311 2026 1388 2079 Torr.
1402 2020 1414 2099 ΙΙ
1428 2026 1517 2077 Eidem

300 2119 371 2157 corr.
395 2103 424 2157 0.
444 2102 456 2172 ΙΙ
476 2108 566 2156 monte
594 2104 665 2155 Atho
696 2099 825 2154 BCDE.
851 2100 864 2169 ll
885 2104 930 2153 uix
953 2101 1073 2168 undem]
1097 2104 1172 2153 iuxta
1190 2102 1279 2153 indam
1302 2098 1334 2152 Δ.
1354 2102 1430 2151 iuxta
1446 2099 1518 2149 idam

300 2172 390 2229 BCD
398 2173 433 2227 Ε.
453 2174 466 2241 ΙΙ
483 2171 509 2226 2.
534 2175 742 2227 lacaedemoniis
765 2170 803 2233 Α,
826 2170 877 2223 aed
899 2172 1008 2223 &aava
1025 2174 1034 2223 i
1053 2178 1153 2241 paneto
1180 2176 1303 2225 notatam.
1326 2166 1382 2238 113.
1401 2170 1518 2222 Infusum
1572 2184 1576 2189 ¹

298 2245 425 2312 namque]
444 2246 516 2296 Inter
534 2262 646 2297 caenam
664 2246 781 2296 infusum
799 2242 831 2296 Γ.
844 2240 898 2369 le·
918 2261 935 2293 a
953 2242 989 2296 E.
1007 2244 1020 2311 ΙΙ
1037 2243 1186 2310 proposito]
1212 2247 1272 2294 ante
1295 2244 1400 2307 incepto
1418 2240 1453 2294 Ε.
1471 2254 1518 2290 om.

301 2314 379 2369 Tora.
393 2313 405 2386 ΙΙ
419 2318 454 2368 iit
471 2318 495 2367 si
508 2345 543 2356 —
562 2314 611 2383 (8.)
630 2319 758 2368 monitum
776 2331 825 2367 om.
870 2313 942 2438 .ὲί
962 2316 1077 2365 fulssent
1090 2329 1136 2382 pr.
1154 2310 1372 2365 saudauma
1390 2313 1519 2378 potuisset

298 2386 327 2440 E
345 2392 371 2438 et
387 2402 477 2455 marpo
495 2385 523 2447 0,
535 2387 611 2441 'lbra
626 2394 638 2457 ΙΙ
653 2406 670 2439 a
683 2391 801 2440 Caesare
820 2403 870 2438 om.
922 2383 999 2437 I'orr.
1011 2384 1024 2453 ΙΙ
1036 2382 1061 2436 8.
1074 2387 1189 2435 monitus
1203 2381 1291 2437 CDE
1300 2383 1376 2435 Tora.
1391 2380 1403 2453 ΙΙ
1418 2380 1443 2435 9.
1455 2396 1519 2432 uero

299 2472 348 2509 om.
367 2456 424 2525 Γ.ΙΙ
439 2457 479 2511 10.
499 2476 588 2529 grana
605 2464 632 2511 in
650 2476 683 2513 os
701 2459 733 2512 Γ.
748 2456 760 2529 ΙΙ
774 2461 851 2511 tritici
870 2474 919 2510 om.
938 2452 998 2525 1⁸.ss
1017 2453 1055 2509 li.
1075 2471 1201 2523 quorsum
1218 2454 1245 2507 E
1263 2462 1289 2508 et
1306 2470 1375 2509 corr.
1394 2454 1427 2509 Α.
1444 2452 1520 2504 Tora.

370 2704 471 2757 Eodem
488 2712 597 2759 maten
614 2705 700 2759 aaa
716 2705 763 2758 aia
780 2706 895 2768 tandem
930 2709 1066 2759 Renoeaui
1085 2722 1144 2758 cum
1163 2707 1239 2757 codd.
1253 2709 1281 2756 et
1298 2706 1360 2758 Par.
1371 2707 1520 2772 epitquae,

299 2777 327 2827 in
344 2779 464 2846 uolgatis
482 2780 542 2828 edd.
562 2779 605 2828 hie
630 2780 748 2836 omissa,
772 2781 876 2830 intrusa
901 2783 978 2830 erant
1000 2782 1063 2843 post
1085 2795 1130 2829 uu.
1154 2775 1267 2846 leporem
1293 2773 1389 2828 adina
1413 2781 1521 2828 contat.

298 2849 395 2899 Restat
411 2850 538 2899 dubitatio
561 2864 624 2898 num
648 2851 716 2898 satis
734 2850 830 2900 Latine
847 2854 981 2914 ponantur
1005 2851 1114 2900 abiatiui
1138 2849 1255 2898 absoluti
1279 2845 1367 2900 eodem
1384 2875 1419 2886 -
1438 2853 1523 2898 ἑνω-

296 2933 399 2986 presso.
419 2935 531 2982 quorum
549 2921 671 2970 subiecta
688 2922 759 2972 notio
778 2918 887 2983 (codena
905 2923 959 2972 alio
978 2935 1045 2971 casu
1063 2923 1090 2971 in
1101 2919 1230 2983 primaria
1242 2921 1374 2970 sententia
1385 2921 1524 2984 repetatur

299 2989 448 3056 (apitaatin
468 2993 495 3040 et
513 2992 683 3042 emendarem
702 3007 762 3040 cum
780 2993 917 3042 Perizonio
937 2996 964 3043 et
982 2994 1041 3043 edd.
1061 2993 1125 3042 uett.
1144 2987 1243 3044 eidem,
1263 2992 1291 3042 ni
1309 2992 1407 3042 similia
1424 2992 1522 3041 saltem

302 3063 370 3112 casti
392 3063 506 3110 atissimi
523 3063 669 3125 scriptores
687 3064 818 3114 interdum
837 3065 887 3112 sibi
906 3064 1102 3127 permisissent.
1122 3063 1261 3112 CiMadui
1285 3077 1414 3130 .gramm.
1425 3061 1449 3125 s.
1460 3055 1523 3112 428.

299 3133 354 3182 not.
371 3078 400 3183 b.
436 3132 519 3182 Multo
538 3133 695 3183 insolentius
715 3149 782 3183 sane
801 3135 861 3185 Vai
880 3135 917 3193 ll,
939 3132 969 3193 7,
990 3137 1043 3184 ext.
1061 3131 1078 3185 2
1102 3130 1184 3200 ldqae
1208 3148 1225 3184 a
1268 3147 1316 3184 aee
1328 3130 1454 3200 praecipi
1470 3146 1524 3182 noa

299 3199 465 3252 mirabantur
483 3203 713 3268 (Lacedaemonii)
732 3209 908 3256 maenarum
927 3202 1115 3257 blanditiarum
1126 3217 1260 3258 maneres,
1281 3217 1348 3272 qaae
1359 3201 1394 3254 iis
1413 3201 1525 3254 eninm

299 3268 336 3322 ad
347 3269 534 3339 proeliandum
551 3271 688 3324 mandant
704 3279 733 3326 at
745 3278 809 3334 ete..
828 3277 874 3325 ubi
893 3278 953 3327 uide
967 3292 1035 3342 quae
1049 3275 1244 3326 adnotauimus.
1280 3275 1337 3324 Iam
1349 3275 1525 3340 plurimorum

297 3344 425 3394 librorum
442 3347 567 3395 mendum
587 3343 660 3395 iaata
681 3341 753 3396 idam
772 3348 926 3397 Perizonius
951 3349 1066 3398 correxit
1083 3343 1206 3400 aradam.
1232 3345 1397 3410 probabilius
1422 3345 1525 3394 librarii

297 3417 473 3465 recentiorum
492 3417 568 3465 codd.
587 3414 633 3465 aia
650 3414 754 3467 tandem
772 3420 974 3479 substituentes,
995 3420 1030 3470 ad
1048 3419 1119 3481 quod
1131 3419 1252 3482 proxime
1270 3417 1373 3468 aceedit
1390 3417 1526 3480 scriptura

295 3485 357 3534 iibri
374 3487 453 3536 Bern.
1086 3485 1089 3490 ’

369 3553 403 3606 ab
421 3555 524 3626 incepto
542 3557 691 3626 proposito)
721 3559 861 3626 proposito
880 3563 996 3612 deletum
1016 3577 1033 3611 a
1051 3561 1156 3630 Pighio,
1177 3561 1255 3611 abest
1278 3577 1295 3608 a
1313 3559 1431 3627 uolgatis
1451 3558 1524 3616 edd,

298 3641 461 3690 quamquam
479 3631 551 3679 reete
569 3631 670 3680 monuit
688 3629 798 3682 Torreu.
816 3633 951 3698 inceptum
969 3635 1135 3698 propositum
1154 3633 1248 3682 eodem
1267 3632 1347 3681 modo
1369 3630 1420 3680 dici
1437 3641 1527 3694 posse

298 3699 378 3763 atque
396 3699 428 3755 ΙΙ.
447 3695 473 3755 d.
492 3697 509 3750 8
533 3702 668 3765 inceptum
692 3704 839 3754 consiliam.
881 3705 1017 3755 Valerium
1040 3705 1078 3754 ita
1102 3705 1247 3769 scripsisse
1271 3703 1409 3753 confirmat
1433 3701 1527 3768 Nepo-

297 3770 395 3828 tianus,
416 3771 460 3835 qui
476 3771 545 3821 haee
564 3787 607 3823 au.
627 3774 705 3823 uertit
723 3770 756 3823 ab
775 3772 879 3842 incepta
897 3773 1045 3826 intentione.

368 3853 459 3890 amaa
467 3839 579 3906 suaset.
598 3864 614 3893 a
627 3862 643 3895 a
655 3863 671 3895 a
689 3849 749 3894 ante
767 3841 800 3895 de
817 3843 939 3898 Leonida
957 3849 974 3909 †
993 3849 1020 3895 et
1036 3859 1052 3895 a
1073 3844 1195 3908 Caesare)
1230 3847 1368 3896 Edebatur
1383 3845 1528 3908 hucusque

297 3905 336 3960 Et
351 3909 376 3961 ri
393 3907 463 3977 qaod
478 3911 615 3978 aeatipiam
633 3912 662 3963 ia
678 3912 806 3966 uaecordi
817 3921 928 3984 pectore
946 3931 1037 3966 senua
1052 3915 1168 3983 sabaei.
1189 3931 1284 3970 aaaere
1297 3912 1442 3983 puniisset.
1465 3919 1531 3964 ante

298 3975 332 4031 de
349 3977 469 4031 Leonida
486 3986 514 4032 et
529 3980 671 4049 Spartanis
694 3983 797 4038 mande
821 3985 940 4038 manitas.
983 3987 1018 4036 At
1042 4002 1086 4039 uu.
1114 4003 1208 4040 cuam
1225 3985 1371 4056 patuisset.
1398 3989 1530 4048 quamuis

295 4052 506 4115 interpolationis
532 4057 651 4117 speeiem
675 4071 729 4106 non
752 4073 818 4121 prae
844 4073 875 4107 se
900 4059 1000 4115 ierant,
1029 4059 1120 4111 iumen
1139 4062 1216 4110 docto
1236 4061 1340 4108 cuidam
1359 4059 1532 4108 emendatori

296 4123 438 4172 tribuenda
456 4125 525 4181 sunt,
545 4127 679 4187 quoniam,
698 4127 760 4178 lieet
777 4130 886 4178 taceant
906 4130 938 4179 de
958 4127 1060 4180 deiectu
1081 4145 1176 4181 omnes
1195 4131 1320 4188 editores,
1339 4131 1458 4180 innuite
1479 4131 1532 4179 ali-

298 4193 373 4242 cuius
391 4194 470 4256 pretii
487 4195 555 4244 libro
574 4200 738 4260 comparent.
775 4199 905 4265 Equidem
925 4201 985 4266 quid
1000 4203 1170 4265 potissimum
1187 4203 1366 4266 supplendum,
1376 4201 1411 4249 sit
1422 4203 1532 4252 neseio.

297 4264 390 4326 Aeque
407 4264 525 4314 incertus
543 4267 570 4316 ln
588 4271 761 4333 sequentibus
780 4285 797 4321 a
818 4269 932 4322 Caesare
956 4273 1071 4332 haereo,
1101 4286 1170 4338 quae
1189 4273 1307 4338 proiecto
1330 4285 1383 4320 non
1408 4274 1472 4320 aunt
1492 4274 1533 4320 ab

296 4335 493 4398 Interpolatore.
536 4336 605 4387 Nam
635 4341 704 4404 quod
735 4342 796 4391 olim
822 4343 888 4392 mihi
913 4344 1053 4393 uidebatur
1076 4345 1159 4394 latere
1184 4347 1235 4394 sub
1259 4343 1430 4392 boemenia
1455 4343 1534 4392 alius

295 4401 504 4456 Lacedaemonii
529 4409 603 4458 ducis
627 4425 740 4470 nomen,
767 4413 957 4480 Valeriumque
983 4415 1100 4465 ramasse
1125 4417 1270 4479 scripsisse
1294 4410 1327 4463 de
1353 4408 1479 4463 Leonida
1507 4417 1538 4463 et

295 4470 450 4542 Eurybiade
466 4476 616 4544 Spartanis,
639 4496 694 4532 non
711 4485 800 4551 magis
819 4487 1021 4536 commendatur
1039 4486 1208 4536 similitudine
1227 4487 1283 4535 ueri
1303 4499 1383 4550 quam
1402 4483 1536 4535 Torrenii

297 4560 314 4595 a
330 4544 454 4598 aeonia
472 4553 497 4598 et
515 4563 532 4599 a
549 4563 596 4599 ecc
614 4549 671 4601 eiaa
687 4550 836 4620 Spartanis.
874 4557 903 4606 In
930 4557 1026 4622 quibas
1052 4573 1099 4607 ear
1120 4557 1320 4622 praepoaItione
1345 4551 1379 4604 de
1402 4556 1536 4606 offensas

296 4617 331 4666 sit
349 4619 390 4667 uir
408 4619 502 4667 doetus
520 4621 600 4670 ualde
618 4623 708 4682 miter,
726 4641 786 4675 eum
805 4628 880 4678 recte
898 4627 1006 4679 Xerxes
1025 4642 1057 4678 eo
1077 4629 1198 4698 prodigio
1218 4630 1251 4679 de
1269 4625 1400 4686 Leonida,
1420 4628 1436 4680 i.
1448 4641 1475 4678 e.
1498 4629 1539 4678 de

297 4689 377 4738 rebus
396 4690 431 4737 ab
449 4688 496 4738 illo
513 4689 711 4743 imminentibus
729 4698 914 4758 praemonitus
934 4713 997 4748 esse
1016 4701 1126 4750 dicatur.

365 4752 392 4806 2.
411 4758 451 4806 ct.
469 4759 523 4810 Cic.
540 4761 574 4810 de
592 4761 646 4814 diu.
663 4763 683 4823 l,
702 4758 746 4821 36.
767 4764 809 4817 18.
836 4767 871 4828 ll,
891 4763 935 4829 31,
954 4764 997 4820 66.
1025 4769 1083 4822 del.
1103 4787 1129 4822 u.
1147 4771 1174 4823 h.
1192 4770 1253 4832 xli,
1272 4765 1317 4822 45.
