3409 5400
289 506 356 575 ite
603 503 664 568 Dii
687 500 923 568 NEGLECTA
944 498 1194 567 RELIGIONE.

225 666 280 734 20.
381 664 522 748 Quintus
546 672 656 730 antem
676 663 813 729 Fuluius
836 662 976 728 Flaccus
1006 664 1128 747 inpune
1157 682 1224 727 non
1252 662 1336 740 tulit,
1365 662 1451 751 quod
1472 666 1501 729 in

290 796 434 842 censura
453 772 583 863 tegulas
596 792 801 837 marmoreas
825 754 1014 835 ex'lunonis
1030 768 1186 835 Laciniae
1205 770 1330 856 templo
1344 773 1379 837 in
1399 772 1502 836 aedem

291 884 455 949 Fortunae
478 881 658 967 equestriS,
682 900 781 965 quam
803 878 930 942 Romae
958 874 1116 951 faciebat,
1146 877 1315 944 transtulit.
1368 878 1502 967 Negatiu

292 992 382 1056 enirn
419 1000 496 1075 post
533 986 599 1051 hoe
632 987 755 1050 factum
790 996 899 1049 mente
941 984 1138 1048 constitisse.
1195 982 1285 1065 Quin
1325 988 1422 1051 etiam
1452 1006 1503 1072 per

282 1106 458 1164 'summam
481 1092 721 1183 aegritudinem
744 1093 845 1156 animi
868 1093 1041 1177 expirauit,
1072 1113 1147 1155 cum
1170 1112 1210 1156 ex
1233 1091 1362 1157 duobus
1385 1092 1456 1159 liliis
1475 1096 1526 1158 int

292 1202 421 1290 Illyrico
443 1199 656 1266 militantibus
675 1197 813 1263 alterum
828 1198 1026 1274 decessisse,
1051 1198 1187 1263 alterum
1210 1202 1352 1287 grauiter
1370 1200 1506 1264 audisset

294 1309 469 1373 adfectum.
515 1306 617 1369 Cuius
640 1326 723 1369 casu
744 1294 853 1371 motus
878 1316 1011 1370 senatus
1040 1306 1168 1393 tegulas
1184 1304 1317 1371 'Locros
1347 1318 1505 1391 reportan-

294 1414 357 1479 das
368 1414 505 1487 curauit,
528 1412 716 1499 decretique
735 1413 1069 1497 circumspectissima
1092 1414 1261 1479 sanctitate
1284 1414 1409 1498 inpium
1431 1434 1506 1499 opus

294 1522 443 1586 censorie
468 1521 615 1585 retexuit.

230 1626 283 1694 21.
384 1628 465 1694 Tam
484 1628 671 1694 mehercule
696 1648 795 1715 quam
819 1626 967 1701 Plemini,
992 1627 1091 1714 legati
1112 1626 1287 1712 Scipionis
1310 1628 1345 1690 in
1361 1625 1508 1692 thesauro
1520 1646 1546 1690 11

208 1780 216 1796 .
293 1736 514 1821 Proserpinae
527 1734 700 1819 spoliando
725 1734 920 1798 sceleratam
933 1734 1103 1797 auaritiam
1126 1734 1214 1798 iusta
1234 1732 1511 1799 animaduersione

293 1841 484 1906 uindicauit.
531 1842 613 1905 Cum
637 1840 822 1905 enimcum
853 1840 999 1903 uinctum
1022 1838 1163 1904 Romam
1190 1838 1334 1925 pertrahi
1356 1841 1511 1913 iussisset,

296 1957 372 2013 ante
395 1966 517 2010 causae
542 1946 716 2011 dictionem
739 1949 774 2011 in
796 1968 929 2011 carcere
950 1948 1137 2010 taeterrimo
1162 1966 1283 2034 genere
1306 1945 1412 2011 morbi
1439 1967 1512 2010 con·

295 2063 447 2139 sumptus
471 2065 530 2117 est.
575 2053 755 2119 Pecuniam
778 2054 842 2116 dea
865 2053 1012 2116 ciusdem
1037 2062 1171 2115 senatus
1195 2053 1320 2137 inperio
1337 2063 1368 2115 et
1388 2053 1515 2140 quidem

297 2180 463 2225 summam
485 2158 682 2245 duplicando
704 2162 919 2245 recuperauit.
1019 2160 1021 2164 ’
1527 2176 1554 2218 11

163 2264 236 2334 Exi
258 2266 288 2334 1.
388 2267 493 2349 Quae,
517 2268 607 2354 quod
630 2267 673 2331 ad
694 2266 833 2331 Plemini
855 2266 985 2330 facinus
1015 2266 1181 2350 pertinuit,
1209 2266 1293 2329 benc
1323 2262 1344 2329 a
1372 2264 1518 2350 patribus

297 2376 490 2462 conscriptis
513 2375 689 2451 uindicata,
713 2373 802 2462 quod
826 2373 869 2437 ad
892 2372 1168 2459 uiolentasregis
1191 2370 1285 2457 Pyrri
1308 2370 1424 2435 sordes
1448 2372 1519 2435 atti·

300 2570 325 2623 1.
344 2573 470 2633 Quineins
489 2574 579 2623 autem
595 2569 659 2693 qu
669 2568 696 2623 2.
715 2585 826 2621 consum
842 2568 939 2623 urar.
952 2567 965 2637 ΙΙ
976 2571 1071 2621 lacune
1089 2565 1185 2650 3⁸01).
1205 2563 1430 2633 1111111111Ε.115.
1449 2567 1522 2631 expi-

300 2639 493 2710 1111113116.
511 2643 618 2694 Yllirico
661 2641 693 2710 ,ΙΙ
705 2640 730 2693 i.
749 2643 829 2692 locris
850 2636 904 2692 011
922 2646 948 2691 et
965 2654 1034 2691 eurr.
1049 2637 1085 2691 D.
1111 2644 1212 2697 cacata
1225 2653 1271 2708 pr.
1283 2638 1319 2689 D.
1342 2639 1409 2688 locis
1427 2634 1523 2691 BPur.

303 2712 483 2836 pportandaa
500 2713 536 2766 Ε.
560 2717 729 2777 reponendae
746 2713 810 2765 Pur.
825 2711 841 2779 11
861 2710 900 2762 10.
919 2729 945 2776 p.
964 2713 1054 2764 lemini
1078 2709 1144 2763 AD.
1175 2712 1265 2762 lemini
1282 2709 1314 2762 Β.
1344 2711 1407 2774 post
1423 2709 1526 2760 laminii

323 2820 331 2834 .
355 2784 473 2848 postumi
488 2785 579 2836 lenhni
596 2781 631 2836 E.
662 2787 694 2844 Q.
711 2785 832 2836 Pleminii
853 2781 930 2834 Torr.
948 2783 1109 2836 Praesumo
1129 2797 1178 2834 1111.
1197 2781 1275 2834 etiarn
1295 2781 1359 2833 Pur.
1377 2785 1402 2832 ct
1419 2777 1514 2850 Nepll

301 2853 433 2919 Scipionis
451 2850 661 2920 ο111.ρτ.11.11111
681 2855 1018 2914 ίὴοεαιιποτεοείοπαΐαω
1036 2850 1153 2919 ο111.Α.11
1171 2849 1208 2903 12.
1228 2854 1298 2904 enim
1316 2851 1387 2918 eum]
1407 2877 1450 2906 n.
1463 2866 1527 2901 curn

301 2922 332 2976 Α.
344 2924 358 2993 ΙΙ
368 2924 488 2988 protrahi
505 2921 617 2975 Elbrr.
640 2921 732 2976 Vinus
749 2925 828 2977 etium
845 2924 908 2977 Par.
920 2923 934 2992 ll
950 2921 988 2976 13.
1008 2925 1081 2992 ante]
1102 2926 1146 2991 qui
1164 2926 1226 2974 ante
1243 2920 1275 2973 A.
1287 2920 1299 2989 ΙΙ
1312 2923 1441 2972 dicionem
1460 2919 1524 2984 E-ll

302 2991 345 3047 14.
363 2996 397 3045 de
414 2992 448 3047 Β.
459 2993 473 3062 ΙΙ
485 2993 601 3060 quidem]
621 2998 691 3060 quod
709 2993 740 3046 A.
753 2995 766 3064 ΙΙ
780 2992 821 3047 iti.
838 2997 922 3060 publii
939 2997 1029 3046 lamini
1046 2993 1109 3046 AB.
1127 2996 1209 3060 publii
1228 2995 1327 3045 leminii
1346 2991 1375 3046 0.
1393 3009 1420 3058 p.
1432 2993 1527 3044 lemlnl

300 3064 338 3120 D.
361 3065 445 3131 publii
461 3067 552 3117 leuinti
569 3063 604 3117 Ε.
616 3064 632 3133 ll
644 3064 684 3117 li.
702 3068 849 3134 uindicata]
870 3063 931 3118 add.
951 3069 994 3118 est
1013 3064 1090 3118 Torr.

301 3244 438 3296 Torrente-
473 3245 602 3309 Equidem
626 3245 783 3296 desiderans
803 3247 872 3313 quod
891 3247 1053 3312 respondent
1077 3247 1123 3296 aut
1144 3245 1298 3310 ,oppositum
1323 3245 1358 3294 sit
1382 3259 1426 3296 uu.
1449 3258 1532 3310 quom

301 3313 375 3386 opud
390 3313 502 3366 coleatee
517 3313 657 3366 marimum
673 3331 775 3384 semper
792 3315 934 3373 11αὸ1111111.
954 3333 1008 3368 non
1024 3319 1081 3368 inm
1094 3319 1126 3367 de
1145 3317 1277 3368 sententie
1289 3331 1370 3382 quam
1380 3316 1414 3365 de
1425 3314 1542 3366 uerbis.-

301 3388 472 3439 restituendis
491 3387 642 3450 desporaui.
678 3387 820 3452 Scripserit
837 3390 919 3456 igitur
936 3387 1036 3440 cuaeth
1053 3383 1237 3454 multiplicarit
1253 3387 1298 3438 uel
1317 3386 1402 3437 simila
1414 3385 1534 3450 aliquid·

372 3455 475 3508 Iatros
491 3455 666 3524 reportandos
684 3457 798 3519 curnuit)
815 3459 850 3509 at
867 3461 994 3523 templum
1012 3460 1120 3509 lunonis
1138 3459 1265 3507 1111111111
1283 3458 1342 3507 erat
1357 3471 1441 3521 prope
1463 3458 1532 3506 Cro·

301 3533 400 3587 mnam,
417 3543 472 3580 non
488 3530 582 3580 Locris
601 3531 671 3594 (Liu.
689 3531 788 3586 xxiii.
807 3526 833 3587 3,
851 3525 889 3594 3).
914 3532 934 3580 1.
952 3531 982 3580 F.
1002 3531 1150 3580 Grononius
1168 3529 1271 3578 Locros
1290 3543 1308 3577 a
1326 3527 1432 3578 Valerio
1451 3541 1536 3576 corna

301 3602 464 3652 memoratos
475 3601 625 3658 arbitratur.
644 3603 714 3666 quod
726 3616 759 3651 co
771 3604 847 3652 esset
859 3603 1091 3652 commodissimus
1109 3603 1137 3650 et
1147 3599 1379 3664 frequentissimus
1391 3599 1538 3661 appulsud

301 3671 417 3722 nauibus
436 3673 463 3721 et
480 3672 560 3722 simul
576 3673 637 3722 indo
655 3673 830 3735 paratissime
848 3675 883 3722 ad
899 3673 1008 3722 lunonis
1026 3671 1153 3734 ternplum
1175 3671 1321 3720 subrectio.
1366 3669 1468 3720 Verum
1497 3670 1538 3717 ad

304 3732 662 3806 temperamentorum
685 3744 738 3807 ipat
753 3744 854 3806 templo
873 3745 917 3793 nel
935 3745 992 3792 urbi
1011 3743 1149 3794 restitutas
1169 3755 1231 3790 osse
1252 3740 1369 3819 tegulas.
1414 3737 1469 3788 Alii
1498 3754 1539 3788 a.

306 3812 472 3862 coniecturae
483 3827 537 3863 non
548 3815 638 3880 magia
655 3815 810 3877 probabiles
823 3815 1007 3881 confugerunt,
1026 3811 1092 3866 leco.
1113 3811 1169 3862 loeo
1186 3825 1243 3863 ruo.
1264 3808 1334 3869 theo.
1352 3807 1443 3864 soeiia
1468 3811 1530 3860 cett

304 3882 363 3934 Nos
383 3881 519 3932 Valerium
539 3885 647 3934 lectitata
671 3888 718 3933 ant
739 3886 894 3952 ignorantie
916 3897 1024 3934 orruisse
1049 3883 1181 3932 credimus
1206 3883 1325 3931 contusis
1348 3880 1443 3930 Locris
1471 3894 1541 3929 curn

305 3952 432 4009 crotone,
452 3966 613 4017 quamquam
630 3957 703 4004 recte
720 3953 828 4004 Iunonia
852 3955 980 4003 Laciniae
1000 3954 1128 4016 templum
1153 3955 1266 4002 Crotone
1291 3952 1376 4002 irrisae
1395 3951 1494 4000 scribit
1516 3951 1541 4006 l,

305 4019 332 4079 8.
351 4023 405 4073 ext.
425 4018 467 4072 18.
508 4024 584 4081 Quod
601 4025 697 4074 mirum
714 4039 768 4076 non
791 4026 923 4076 uidebitur
947 4025 1079 4088 reprrbtnti
1103 4025 1265 4088 quantopere
1290 4022 1472 4072 hallucinatus
1502 4021 1544 4069 sit

305 4093 431 4144 Valerius
449 4092 483 4142 de
501 4093 569 4143 aede
586 4094 694 4144 lunonis
704 4096 838 4151 Monetae,
859 4109 938 4161 quarn
956 4096 1035 4144 modo
1052 4096 1081 4144 in
1092 4094 1230 4150 Auentino,
1243 4094 1323 4143 modo
1340 4093 1368 4143 in
1381 4091 1544 4155 Capitolino

307 4163 376 4217 colle
393 4163 513 4226 conspici
523 4164 625 4213 ‘retulit
661 4165 839 4230 Proserpinae
858 4167 946 4216 autern
968 4166 1072 4224 sunum,
1098 4167 1131 4215 de
1157 4180 1207 4230 qno
1232 4164 1381 4228 insequenti
1405 4161 1545 4224 exemplo

307 4235 373 4304 egit,
393 4233 488 4284 Locris
507 4235 573 4284 erut.
610 4235 731 4286 Ceterum
750 4237 915 4300 fleripotest
933 4236 1006 4286 utin
1028 4237 1095 4286 libro
1114 4236 1230 4285 omniurn
1254 4233 1440 4300 antiquissimo
1468 4247 1545 4282 exa·

307 4307 394 4358 ratum
413 4305 491 4356 tuerit
508 4301 606 4356 11111111
621 4303 804 4373 reportandae,
827 4309 897 4372 quod
914 4321 968 4357 non
986 4306 1057 4358 maie
1074 4307 1216 4356 mutaucrit
1234 4305 1311 4356 Paris
1328 4306 1356 4354 iu
1374 4299 1478 4354 locria
1498 4315 1546 4352 re·

302 4371 451 4445 ponendos
470 4376 515 4440 (et.
535 4375 567 4433 V,
590 4373 611 4434 l,
631 4372 657 4434 6.
676 4375 752 4444 ioque
765 4376 891 4444 pristinis
908 4374 1013 4429 sedibus
1024 4373 1174 4444 repoumde
1189 4377 1335 4440 errarent.)
1355 4376 1405 4425 aad
1423 4373 1547 4423 meltius

308 4448 443 4514 aliquanto
461 4449 520 4498 cod.
536 4447 616 4496 Bern.
633 4448 661 4496 in
678 4445 781 4499 locros
797 4445 980 4516 reportandas.

378 4513 423 4568 21.
441 4518 481 4568 Ct’.
497 4517 557 4567 Liu.
575 4518 675 4574 xxtit.
693 4516 712 4570 8
730 4524 758 4568 et
775 4534 833 4586 sqq.
851 4515 884 4570 it
906 4522 932 4570 et
950 4535 1009 4584 sqq.
1033 4519 1109 4568 Luci.
1128 4519 1180 4568 diu.
1198 4519 1260 4568 inst.
1278 4517 1311 4577 11,
1330 4513 1356 4568 8.
1380 4515 1460 4568 Diod.
1479 4514 1550 4582 ,Sim

309 4603 367 4640 exe.
386 4590 420 4639 de
436 4591 496 4640 uiri.
514 4589 542 4640 et
558 4589 604 4638 uit.
622 4604 648 4652 p.
667 4585 728 4640 57⁰.
747 4606 790 4654 ap.
808 4591 885 4641 Dind.
906 4591 935 4642 T.
954 4591 986 4648 Il,
1005 4585 1031 4648 i,
1050 4607 1076 4653 p.
1098 4584 1155 4640 105.

312 4710 315 4717 ,
380 4660 440 4710 Exi.
460 4657 483 4710 l.
501 4660 541 4710 ct.
558 4659 617 4710 Llu.
634 4659 735 4719 XXIX,
757 4658 798 4712 18.
824 4661 901 4712 Dion.
921 4662 981 4712 ital.
1000 4659 1150 4718 erre.X1X,
1169 4655 1194 4720 9,
1217 4657 1257 4713 10.
1288 4657 1355 4723 App.
1375 4657 1473 4710 Samn.
1500 4653 1552 4710 12.

309 4729 385 4780 Laot.
403 4731 456 4783 dtu.
472 4730 553 4783 instit.
571 4729 605 4790 ll,
623 4725 641 4782 8
658 4747 685 4797 p.
705 4725 753 4784 141
773 4731 898 4785 1111111111.
1580 4741 1591 4756 ·
