3409 5400
378 553 440 621 756
841 543 1080 614 EXGVRSVS
1103 545 1135 614 Π

377 712 483 777 redire
506 710 622 796 negari
654 729 720 772 non
742 709 869 793 poterit.
915 705 1030 794 Neque
1053 708 1140 772 enim
1156 706 1309 771 credibile
1333 715 1400 780 eet,
1419 702 1537 790 quodue

378 815 535 881 Mirllerus
559 815 698 889 monuit,
721 814 772 878 bie
796 812 912 877 eodem
942 823 1088 898 temporo
1117 835 1237 878 nonem
1265 815 1355 878 uiros
1382 811 1492 878 Romae
1510 830 1538 894 pt·

378 919 461 985 blice
486 941 560 984 esse
584 920 783 984 combustos.
831 917 989 982 Concedit
1017 916 1082 982 hoc
1111 918 1309 984 Niebuhriua
1333 939 1458 1005 quoque
1476 915 1537 992 (tte

378 1025 493 1114 gesch.
517 1023 562 1100 11,
591 1047 623 1111 p.
653 1025 859 1104 468.)‚1ieet
885 1023 1140 1120 inusupplendis
1168 1025 1257 1092 Festi
1284 1025 1430 1112 reliquiis
1450 1023 1538 1108 longer

380 1132 516 1196 Millcro
548 1131 760 1216 digrediatur.
813 1129 870 1194 ilie
899 1131 986 1193 enim
1010 1129 1099 1208 (ibid.
1123 1153 1156 1217 p.
1182 1132 1271 1210 tta.)
1294 1151 1416 1194 nonem
1443 1129 1538 1214 eprin:

378 1238 475 1323 pibus
510 1237 643 1300 familiis
678 1237 785 1311 uiros,
821 1258 896 1301 cum
925 1236 1181 1302 coniurationem
1209 1238 1352 1301 inissent
1379 1227 1537 1299 adueraai

378 1343 538 1408 Sicinium
568 1342 758 1418 cumidem,
787 1361 884 1429 quem
912 1343 998 1408 male
1027 1341 1188 1408 Volscum
1221 1341 1482 1429 cognominatum
1504 1357 1537 1398 ce

377 1447 587 1534 opinabatur,
620 1448 654 1511 in
684 1449 770 1512 circo
800 1459 963 1515 crematos
1003 1469 1080 1513 esse
1113 1450 1267 1523 coniecit,
1290 1459 1323 1510 et
1346 1447 1382 1511 in
1413 1445 1488 1510 hanc
1504 1463 1538 1505 su·

378 1554 511 1618 tentiam
536 1553 623 1616 Festi
646 1553 747 1618 uerba
774 1553 1017 1642 redintegrauit.

467 1659 702 1745 Quaecumque
724 1659 824 1746 igitur
846 1681 950 1725 causa
972 1669 1042 1725 erat
1071 1681 1128 1724 cur
1157 1679 1276 1724 nouem
1303 1660 1351 1725 illi
1376 1662 1439 1724 uiri
1468 1673 1537 1719 crena

379 1779 502 1840 rentur,
526 1763 680 1829 Valerius
702 1776 788 1829 certe
818 1765 861 1830 ab
884 1765 957 1830 aliis
981 1765 1210 1852 scriptoribus,
1245 1769 1301 1853 qui
1323 1767 1421 1831 nobis
1441 1766 1497 1828 iant
1510 1779 1537 1820 at:

379 1887 455 1935 sunt
478 1873 688 1956 superstites,
722 1871 899 1937 seditiosos
922 1872 986 1938 hos
1009 1872 1156 1938 tribunos
1184 1872 1289 1959 plebis
1317 1873 1425 1937 fuisse
1449 1870 1538 1933 canu

379 1999 495 2050 unum,
541 1978 634 2040 cuius
671 1997 791 2041 nomen
833 1979 866 2042 in
907 1999 948 2043 ea
978 1999 1016 2042 re
1048 1977 1200 2043 traditum
1233 1990 1421 2065 acceperat,
1456 1973 1538 2039 Mutiu

378 2081 575 2147 Scaeuolam
605 2081 767 2147 decimum
797 2083 962 2148 tribunum
985 2105 1124 2170 eumque
1152 2094 1320 2149 auctorem
1350 2075 1538 2170 suppliciioi

379 2189 478 2252 finxit.
537 2185 634 2266 Quod
664 2206 763 2272 quam
787 2205 942 2271 peruerse
965 2190 1078 2253 fecerit
1103 2189 1181 2252 inde
1203 2189 1346 2254 maxime
1366 2199 1471 2276 patet,
1497 2200 1538 2269 qua

377 2295 436 2379 Sp.
461 2291 569 2357 Cassii
593 2302 715 2366 aetate,
750 2313 846 2378 quem
876 2294 988 2358 nescio
1024 2315 1067 2359 an
1090 2293 1154 2360 hoc
1177 2316 1307 2382 quoque
1329 2296 1405 2361 loco
1421 2284 1538 2381 quenti

378 2399 509 2463 modum
545 2395 593 2472 V,
621 2398 658 2472 8,
687 2397 708 2462 2
735 2399 818 2462 inter
846 2399 1024 2465 seditiosos
1059 2401 1205 2466 tribunos
1235 2401 1340 2486 plebis
1382 2410 1538 2466 numerarer]

378 2515 473 2590 atque
498 2502 580 2566 adeo
611 2523 684 2568 cum
714 2505 829 2569 ceteris
853 2519 1097 2572 concrematum
1127 2508 1304 2593 putauerit,
1341 2509 1492 2594 quinque,
1511 2515 1538 2560 au

378 2610 491 2673 decem
521 2607 638 2673 tribuni
662 2607 766 2696 plebis
791 2622 884 2675 eraut
912 2610 1002 2690 (Liu.
1027 2611 1072 2689 11,
1099 2613 1142 2678 33
1165 2623 1198 2676 et
1219 2613 1273 2677 43.
1324 2612 1424 2678 Dion.
1445 2596 1538 2674 Haiss

377 2714 420 2781 89
449 2726 480 2777 et
502 2712 565 2789 IX,
594 2716 638 2795 2.)
668 2728 732 2791 aut,
763 2728 797 2781 ut
825 2718 958 2804 quidam
987 2728 1138 2785 auctores
1167 2731 1258 2794 sunt,
1291 2720 1379 2784 inter
1402 2738 1480 2806 quos
1498 2711 1536 2774 Fe*

378 2820 443 2884 duo
467 2821 635 2884 dumtaxat
658 2821 744 2899 (Liu.
767 2821 807 2896 11,
831 2824 874 2888 33
895 2834 929 2887 et
948 2825 1028 2904 58.).
1071 2824 1194 2890 Decem
1222 2836 1332 2889 autem
1356 2846 1446 2890 anno
1466 2823 1537 2887 deaut

377 2925 441 2989 297
466 2924 571 2986 creari
593 2938 771 3009 coeperunt
805 2928 890 3003 (Liu.
920 2928 974 3004 111,
997 2930 1074 3011 30.).
1132 2927 1309 2997 Praeterea
1337 2954 1443 2997 causa
1467 2937 1537 3015 quat¹

376 3026 626 3091 cremandorum
651 3028 869 3108 tribunorum,
904 3056 1004 3121 quam
1037 3035 1326 3113 arronvasiae,
1363 3036 1454 3125 qnod
1473 3030 1537 3097 scite

377 3130 625 3219 magistratibus
651 3155 716 3199 non
742 3137 930 3225 subrogatis
961 3160 1168 3207 communem
1194 3141 1380 3209 libertatem
1404 3145 1438 3207 in
1464 3136 1537 3204 dubiu

376 3248 562 3314 uocassent,
587 3248 766 3326 temporum
789 3246 908 3309 rationi
930 3268 1115 3333 repugnare
1137 3248 1276 3314 uidetur.
1321 3248 1427 3314 Primi
1441 3247 1537 3321 enine

376 3344 462 3411 hanc
486 3348 574 3410 uiam
598 3347 742 3433 ingressi
761 3363 847 3425 sunt,
872 3364 906 3413 ut
920 3353 1111 3439 rogationes
1135 3374 1214 3418 suas
1237 3354 1430 3440 perferrent,
1454 3344 1537 3416 Licinia

376 3452 573 3539 Sextiusque
603 3451 719 3517 tribuni
750 3454 853 3539 plebis
886 3467 998 3533 crant,
1033 3460 1105 3546 qui,
1133 3481 1207 3524 cum
1235 3458 1354 3547 reliqui
1378 3474 1452 3526 octo
1478 3453 1535 3520 tritu

375 3557 612 3621 intercederent
651 3560 825 3644 quominus
866 3564 1057 3650 rogationes
1088 3563 1224 3629 'illorum
1264 3566 1488 3638 recitarentur,
1516 3558 1535 3637 it

376 3664 625 3750 magistratuum
656 3664 813 3731 curulium
844 3668 975 3733 comitia
1004 3670 1073 3733 fieri
1104 3655 1263 3737 uetabant
1279 3692 1406 3761 perque
1440 3670 1536 3758 quinqu

375 3768 464 3832 nium
487 3768 563 3832 inde
587 3766 629 3833 ab
652 3790 739 3834 auno
763 3772 828 3839 atu
851 3796 956 3862 usque
979 3775 1020 3840 ad
1045 3798 1169 3843 annum
1192 3778 1257 3843 383
1291 3790 1326 3842 ut
1347 3798 1455 3865 neque
1475 3787 1536 3837 const

374 3871 422 3934 les
447 3894 553 3960 neque
576 3874 694 3939 tribuni
724 3877 859 3947 militum
892 3881 1059 3947 consulari
1087 3892 1248 3968 potestate
1276 3896 1466 3951 crearentur
1484 3872 1536 3965 peri

375 3988 503 4051 cerunt,
532 4000 637 4068 neque
671 3994 746 4047 ante
781 3984 821 4071 id
845 3998 973 4073 tempus
1007 3988 1091 4055 alios
1126 3990 1272 4056 tribunos
1306 3990 1396 4057 idem
1420 3996 1536 4069 temptat

374 4084 552 4148 memoriae
575 4088 736 4172 proditum
762 4102 819 4159 est.
868 4094 916 4159 Of.
941 4094 1012 4160 Liu.
1040 4094 1096 4172 Vl,
1120 4097 1172 4164 35.

882 4397 1087 4427 *-
1115 4414 1121 4425 .
