3409 5400
471 536 556 609 LIB.
579 536 623 621 V,
646 540 684 608 0.
707 542 739 621 3.
761 541 833 613 Exi·
858 551 889 622 A·
913 544 946 611 il.
967 581 1014 597 -
1036 546 1074 613 G.
1096 548 1129 627 4,
1152 558 1183 629 Ι.
1206 555 1236 623 1.
1407 559 1474 627 491

246 700 340 767 cibus
364 703 524 790 auspiciis
546 714 752 794 propagatae
774 704 922 785 suboles,
945 728 1031 796 quae
1053 710 1183 779 efficitis
1205 723 1241 781 ut
1262 726 1295 780 et
1315 721 1473 807 genuisse

247 808 337 891 iuuet
360 820 392 875 et
414 830 575 899 generare
598 811 708 880 libeat.

247 1058 306 1124 DE
319 1056 504 1125 PIETATE
520 1060 642 1127 ERGA
659 1059 890 1131 PARENTES
906 1064 963 1131 ET
974 1066 1176 1136 FRATRES
1194 1070 1251 1136 ET
1260 1071 1469 1145 PATRIAM.

337 1237 542 1317 Coriolanus,
565 1241 700 1307 maximi
723 1244 773 1309 uir
795 1245 899 1319 animi
914 1256 947 1311 st
970 1244 1123 1315 altissimi
1138 1251 1268 1320 consilii
1283 1256 1470 1343 optimeque
1482 1258 1511 1325 1.

223 1346 287 1411 ude
311 1368 346 1411 re
369 1344 501 1433 publica
511 1349 657 1425 maritus,
681 1351 910 1438 iniquissimae
925 1350 1145 1421 damnationis
1161 1362 1258 1426 ruina
1272 1372 1469 1449 prostratus,

243 1452 288 1521 nd
315 1450 459 1525 Volscos
488 1454 630 1521 infestos
662 1466 737 1523 tune
773 1457 935 1525 Romanis
978 1461 1136 1549 confugit
1191 1464 1316 1553 Magno
1348 1471 1469 1557 ubique

244 1562 348 1649 pretio
371 1560 474 1625 uirbis
497 1563 700 1631 aestimatur.
745 1562 858 1652 Itaque
874 1588 940 1653 quo
954 1566 1100 1633 latebras
1116 1573 1301 1656 quaesitum
1324 1588 1469 1652 uenerat.

243 1671 289 1735 ibi
312 1670 403 1771 breui
426 1690 591 1735 summum
615 1682 666 1735 est
678 1670 816 1758 adeptus
839 1673 1025 1761 imperium,
1048 1677 1220 1763 euenitque
1236 1690 1272 1743 ut
1287 1702 1385 1767 quem
1407 1704 1468 1767 pro

245 1799 282 1843 se
305 1776 483 1843 salutarem
505 1778 734 1863 imperatorem
762 1781 852 1844 ciues
880 1778 1002 1847 babere
1030 1782 1205 1850 noluerant
1233 1807 1340 1873 paene
1367 1790 1467 1874 pesti·

209 1884 350 1951 referum
373 1882 535 1950 aduersus
558 1904 596 1949 se
619 1884 736 1951 ducem
759 1887 991 1971 experirentur.
1048 1888 1248 1977 Frequenter¹
1273 1896 1361 1960 enim
1382 1896 1467 1961 fusis

244 1990 437 2057 exercitibus
463 1991 605 2066 nostris,
633 1992 846 2059 uictoriarum
874 2016 1010 2061 suarum
1039 1997 1197 2083 gradibus
1227 1999 1349 2065 aditum
1378 2003 1468 2067 iuxta

243 2099 375 2165 moenia
396 2098 487 2173 urbis
511 2097 636 2164 Volsco
660 2098 750 2163 militi
778 2101 902 2168 struxit.
955 2100 1162 2190 Quapropter
1190 2106 1384 2171 fastidiosus
1412 2108 1466 2173 illc

241 2209 277 2275 in
301 2204 514 2272 aestimandis
537 2204 634 2270 bonis
658 2206 728 2271 suis
744 2205 898 2293 populus,
922 2208 979 2293 qui
993 2229 1051 2271 reo
1068 2231 1133 2274 non
1156 2223 1356 2297 pepercerat,
1381 2212 1468 2279 exuli

243 2324 377 2380 coactus
402 2322 453 2377 est
475 2311 670 2399 supplicare.
717 2312 813 2377 Missi
837 2314 880 2377 ad
903 2335 978 2378 sum
996 2313 1240 2401 deprecandum
1262 2318 1364 2403 legati
1386 2318 1468 2382 nihil

206 2440 230 2483 n
242 2422 460 2510 profecerunt.
518 2417 615 2485 Missi
644 2418 761 2483 deinde
790 2418 982 2485 sacerdotes
1010 2443 1085 2485 cum
1111 2421 1223 2487 infulis
1260 2444 1365 2509 aeque
1394 2424 1466 2489 sine

242 2530 361 2594 effectu
390 2526 567 2592 redierunt.
624 2525 784 2611 Stupebat
812 2538 964 2602 senatus,
1000 2527 1181 2612 trepidabat
1208 2529 1365 2615 populus,
1403 2530 1466 2594 uiri

241 2636 362 2724 pariter
385 2656 425 2701 ac
448 2632 603 2697 mulieres
627 2633 760 2701 exitium
781 2634 957 2699 imminens
972 2634 1243 2702 lamentabantur.
1291 2634 1380 2701 Tunc
1395 2634 1464 2702 Ve-

242 2745 336 2818 turia,
355 2740 525 2822 §oriolani
547 2739 890 2814 nectenVolumniam
904 2762 1040 2805 uxorem
1064 2743 1134 2807 eius
1159 2752 1192 2805 et
1204 2743 1326 2808 liberos
1351 2763 1464 2810 secum

242 2849 385 2924 trahens,
409 2857 520 2914 castra
542 2845 741 2914 Volscorum
763 2847 864 2934 petiit.
912 2846 1021 2928 Quam
1045 2849 1100 2914 ubi
1125 2847 1211 2913 lilius
1228 2850 1365 2935 aspexit,
1389 2849 1463 2914 ‘Ex-

202 2954 416 3048 nopugnasti',
440 2955 554 3042 inquit,
578 2965 622 3017 ‘ct
643 2953 750 3018 uicisti
774 2953 857 3018 iram
884 2975 1007 3048 msam,
1035 2957 1154 3042 patria,
1184 2955 1337 3040 precibus
1366 2955 1463 3020 huius

241 3065 398 3138 admotis,
432 3062 526 3127 cuius
557 3071 650 3126 utero
678 3067 707 3126 te
736 3061 888 3148 quamuis
916 3063 1031 3128 merito
1064 3059 1146 3127 milri
1178 3063 1323 3128 inuisam
1356 3060 1464 3136 dono'‚

240 3171 458 3254 continuoque
482 3189 601 3256 agrum
623 3169 810 3234 Romanum
834 3167 1009 3234 hostilibus
1032 3169 1135 3235 armis
1157 3168 1315 3233 liberauit.
1371 3167 1463 3253 Ergo

240 3285 365 3363 pectus,
389 3273 500 3338 dolore
524 3285 681 3361 acceptae
704 3275 852 3350 iniuriae,
877 3296 936 3360 spe
960 3275 1136 3360 potiendae
1164 3276 1338 3348 uictoriae,
1368 3294 1462 3338 uere-

240 3382 361 3448 cundia
384 3380 586 3444 detrectandi
608 3382 795 3456 ministerii‚
818 3391 908 3445 metu
928 3381 1043 3447 mortis
1073 3381 1242 3456 refertum,
1270 3387 1372 3442 totum
1401 3377 1464 3442 sibi

243 3597 267 3652 1.
287 3596 397 3648 soboles
421 3590 475 3646 GD
481 3589 543 3645 ET.
558 3589 570 3662 ΙΙ
584 3594 690 3644 efficitis
709 3590 740 3646 F.
753 3590 803 3659 119.
822 3594 906 3642 libent
923 3605 1055 3660 generas
1072 3588 1105 3643 Γ.
1118 3590 1131 3654 ΙΙ
1149 3587 1176 3641 3.
1194 3592 1241 3642 DE
1259 3586 1409 3641 PIETATE
1426 3616 1463 3630 -

240 3667 396 3721 PATRIAM
415 3680 465 3718 ortt.
486 3662 589 3788 Tou-H
605 3663 786 3715 PARENTES
806 3661 962 3713 FRATRES
981 3662 1135 3712 PATRIAM
1155 3660 1217 3714 Par.
1242 3661 1287 3710 ET
1305 3659 1463 3711 FRATRES

239 3743 285 3792 ET
297 3737 452 3792 PATRIAM
465 3749 515 3787 mn.
527 3733 556 3788 D
594 3733 627 3790 F.
638 3733 679 3802 ty.
687 3732 779 3802 praes.
787 3749 817 3801 p.
826 3730 870 3787 92.
884 3730 897 3802 ΙΙ
911 3729 1008 3785 trano
1016 3733 1130 3785 infestes
1141 3729 1171 3785 F.
1185 3732 1198 3801 ΙΙ
1212 3731 1237 3784 l.
1247 3732 1310 3798 quo]
1318 3747 1341 3803 p
1349 3729 1462 3797 (αἰωρῇ

243 3813 272 3872 C.
292 3808 341 3864 sed
358 3805 453 3862 deinde
471 3821 575 3858 esuum
593 3821 610 3858 a
628 3802 735 3860 serni).
756 3806 800 3872 qui
818 3801 850 3856 F.
861 3803 876 3869 ΙΙ
892 3804 919 3857 8.
936 3803 1013 3854 breui
1030 3803 1173 3869 summum]
1197 3804 1386 3853 breuissimum
1406 3798 1461 3854 (ID

240 3883 265 3936 F
279 3889 305 3936 et
317 3897 362 3950 pr.
381 3877 413 3934 A.
432 3879 593 3930 breulssime
611 3875 646 3931 E.
662 3875 676 3944 ΙΙ
694 3878 808 3941 adeptus
827 3881 870 3926 est
888 3872 996 3928 I'Torr.
1014 3875 1028 3943 ΙΙ
1043 3871 1068 3927 9.
1093 3876 1234 3926 noluerunt
1257 3871 1294 3925 D.
1315 3871 1328 3943 ΙΙ
1348 3869 1389 3924 10.
1413 3875 1460 3922 ad·

239 3970 348 4008 uersum
367 3951 395 4006 F.
407 3951 421 4020 il
435 3947 476 4003 13.
495 3953 557 4000 exui
575 3947 606 4002 F.
618 3947 632 4016 ΙΙ
651 3945 692 4001 14.
710 3949 787 4016 ligati
808 3945 837 4000 0.
849 3945 863 4014 ΙΙ
876 3945 917 3999 15.
936 3947 1103 4011 proiecerant
1121 3944 1156 3998 E.
1177 3945 1190 4013 ΙΙ
1209 3945 1304 3996 deinde
1322 3959 1370 3995 ont.
1389 3940 1424 3994 E.
1435 3941 1450 4011 ΙΙ

243 4024 282 4080 li.
301 4025 410 4091 pariter]
430 4021 546 4088 periclum
565 4019 592 4072 E
605 4019 619 4088 ΙΙ
630 4023 755 4072 eximium
775 4017 804 4071 0.
816 4017 829 4086 ΙΙ
842 4019 962 4069 usctnrla
977 4015 1010 4070 1¹⁸.
1027 4017 1041 4086 ΙΙ
1059 4017 1100 4070 18.
1123 4016 1220 4082 mater]
1244 4020 1304 4066 aare
1328 4013 1460 4065 Coriolani

239 4094 304 4150 ΒΓ.
324 4111 374 4149 om.
392 4093 416 4148 A
435 4099 461 4146 st
476 4107 519 4160 pr.
539 4091 568 4146 0.
588 4091 600 4162 ΙΙ
622 4093 788 4143 Volumniam
804 4117 842 4130 -·
860 4085 931 4156 (19.)
953 4088 1040 4156 petili]
1065 4105 1124 4138 cum
1148 4087 1283 4138 nolnmnis
1302 4099 1384 4136 uxore
1402 4086 1459 4135 uol-

238 4183 345 4220 soorum
362 4169 439 4234 petiit
456 4167 601 4216 exercitum
619 4161 657 4216 D·
669 4163 682 4232 ΙΙ
694 4161 763 4228 ctus}
779 4165 842 4229 post
859 4164 886 4211 et
903 4157 939 4212 E.
954 4158 966 4225 ΙΙ
980 4176 1072 4211 secum
1091 4173 1140 4211 ont.
1158 4156 1189 4209 F.
1200 4157 1215 4226 Η
1228 4151 1269 4209 19.
1287 4151 1459 4220 1111111911.

237 4242 353 4305 patriam
372 4235 464 4291 ΕΒΓ.
501 4232 544 4286 st.
562 4236 601 4301 tel
619 4249 669 4288 orn.
690 4229 772 4287 CEF
789 4237 815 4282 ct
835 4245 881 4298 pr.
900 4229 939 4285 A.
965 4228 1014 4282 sed
1035 4227 1113 4281 tates
1133 4243 1223 4295 norpo
1241 4226 1274 4280 A.
1298 4229 1403 4277 delatus
1421 4223 1459 4275 D.

239 4313 327 4362 editus
345 4323 405 4360 snm
424 4306 456 4361 Γ.
508 4303 552 4359 22.
570 4309 718 4359 Romanum
741 4317 836 4372 agrum
862 4299 939 4354 Torr.
955 4300 969 4367 ΙΙ
984 4298 1027 4354 2³.
1051 4301 1169 4365 potiendi
1188 4297 1217 4352 C.
1239 4299 1384 4365 potiundus
1406 4290 1464 4346 EF

241 4381 318 4435 Tm.
332 4377 345 4453 ΙΙ
360 4382 548 4433 uerecundiam
563 4393 608 4447 pr.
625 4375 657 4431 A.
669 4371 736 4444 1194.
754 4389 808 4424 non
826 4373 990 4426 detrectandi
1007 4369 1071 4426 EF.
1122 4405 1129 4416 .

238 4581 268 4632 ln
287 4580 406 4644 reliquis,
425 4595 486 4630 cum
504 4579 616 4639 numne
634 4573 783 4625 terminatio
800 4575 827 4622 ln
847 4587 898 4622 usu
916 4571 994 4622 tuerit
1017 4566 1064 4635 (ci.
1083 4569 1158 4619 Varr.
1182 4566 1216 4615 de
1239 4564 1303 4631 ling.
1322 4561 1381 4612 Issi.
1400 4558 1456 4618 Vll,

238 4647 282 4705 ³7.
301 4652 406 4703 Charis.
426 4651 446 4710 1,
468 4647 550 4715 tlt).
570 4649 695 4700 librorum
714 4645 874 4709 scripturam
891 4644 1020 4694 intactam
1038 4639 1201 4702 reliquimus.

313 4718 336 4776 1.
355 4723 394 4776 Cl'.
413 4721 472 4774 Liu.
491 4721 529 4780 11,
548 4717 591 4774 49.
620 4719 696 4770 Dion.
716 4709 930 4776 11ο1.9111,44.
958 4713 1026 4764 Plut.
1044 4711 1140 4767 cenot
1158 4701 1202 4764 34.
1232 4706 1283 4758 Dio
1301 4706 1380 4756 cass.
1398 4716 1457 4753 exc.

240 4795 300 4848 Vnt.
321 4790 364 4849 lt.
382 4811 408 4860 p.
429 4791 488 4850 148.
507 4792 571 4844 Mai.
590 4789 717 4844 Austris
736 4789 784 4842 ult.
802 4787 838 4842 ill·
859 4779 901 4845 19,
920 4785 975 4840 elli,
