3409 5400
273 476 339 549 830
458 472 537 557 Qvl
559 474 622 555 EX
643 472 887 545 INIMICITIIS.
904 471 1055 539 IVNCTI
1077 470 1195 539 SVNT
1215 469 1310 541 nro.

232 636 263 701 3.
362 636 491 704 Clarum
516 639 613 703 otiam
638 640 677 701 in
701 632 857 701 Africano
887 638 1055 723 superiore
1084 656 1123 700 ac
1147 635 1195 700 Ti.
1219 635 1370 700 Graccho
1395 635 1499 721 depo-

273 745 407 809 sitarum
443 745 685 809 inimicitiarum
721 744 920 828 exemplum,
955 744 1119 830 siquidem
1152 744 1196 807 nd
1232 746 1325 809 cuius
1359 762 1499 811 menses

274 850 468 917 sac1·nodio
493 851 692 917 dissidentes
718 862 890 921 uenerant.
921 852 964 915 ob
987 873 1029 915 ca
1052 863 1083 913 ot
1105 852 1249 916 amicitia
1272 864 1305 916 et
1327 852 1497 917 adfinitate

273 958 373 1024 iuneti
397 958 629 1025 discesserunt.
675 958 751 1023 Non
773 969 946 1023 contentus
977 959 1064 1021 cuim
1087 958 1201 1043 Scipio
1224 971 1357 1023 auctore
1380 970 1499 1023 senatu

273 1068 309 1131 io
332 1064 490 1151 Capitolio
506 1064 594 1129 Iouis
618 1066 715 1149 epulo
732 1086 806 1129 cum
821 1064 974 1129 Graccho
989 1066 1202 1130 concordiam
1222 1068 1529 1142 communicasses

275 1173 374 1237 liliam
399 1192 526 1259 quoque
551 1172 581 1235 ei
605 1172 791 1237 Corneliam
815 1173 963 1257 protinus
986 1172 1032 1235 ibi
1055 1172 1241 1257 despondit.
1327 1179 1330 1191 '

232 1276 264 1339 t.
364 1278 431 1343 Sed
453 1278 590 1343 huiusce
616 1280 745 1366 generis
769 1280 956 1343 humanitas
980 1280 1077 1343 ctiam
1100 1280 1136 1343 in
1158 1280 1205 1343 M.
1220 1281 1378 1345 Cicerone
1403 1297 1497 1365 prae·

276 1387 372 1473 cipue
395 1387 553 1471 apparuit.
611 1386 730 1451 ,iulum
759 1408 901 1472 namquo
926 1387 1101 1451 Gabinium
1130 1387 1384 1471 repetundarum
1407 1404 1497 1449 reum

276 1514 404 1559 summo
428 1494 535 1558 studio
559 1480 713 1568 delendit.
739 1495 884 1580 quicum
902 1496 934 1559 in
952 1494 1123 1558 consulatu
1147 1515 1208 1558 suo
1224 1495 1304 1557 urbe
1320 1492 1496 1579 expulerat.

275 1602 427 1689 idemque
457 1601 494 1665 P.
525 1600 692 1666 Vatinium
722 1600 873 1688 dignitati
906 1622 988 1665 suae
1022 1622 1154 1687 semper
1187 1602 1338 1665 infestum
1368 1598 1536 1664 duobuete

277 1708 413 1795 publicis
436 1709 563 1773 iudiciis
593 1718 710 1771 truatus
744 1720 808 1781 cst,
838 1719 871 1770 ut
901 1709 972 1770 sinc
1003 1707 1069 1770 ullo
1099 1709 1236 1772 crimine
1266 1704 1425 1779 leuitatis,
1451 1706 1498 1769 io

276 1836 351 1879 eum
374 1814 484 1900 eliqua
510 1814 623 1888 laudo,
653 1816 731 1899 quia
760 1815 944 1899 speciosius
973 1812 1140 1899 eliquanto
1169 1814 1307 1878 iniuriae
1330 1812 1495 1876 beneficiis

275 1922 450 1985 ducuntur
474 1942 572 2005 quam
595 1922 697 1985 mutui
721 1921 788 1985 odii
811 1922 992 2007 pertinacia
1014 1934 1204 2005 pensantur.

234 2020 265 2085 5.
365 2026 532 2091 Ciceronis
557 2038 665 2093 autem
688 2029 808 2093 luctum
833 2028 917 2093 adeo
933 2028 1043 2092 uisum
1059 2040 1109 2091 est
1131 2027 1300 2113 probabile
1323 2040 1358 2091 ut
1378 2030 1498 2094 imitari

275 2134 310 2200 id
332 2154 373 2199 ne
396 2132 642 2200 inimicissimus
667 2135 796 2223 quidem
820 2134 866 2199 illi
891 2134 926 2198 P.
945 2132 1086 2197 Pulcher
1109 2134 1314 2199 dubitauerit.
1359 2134 1426 2215 Qui
1446 2137 1534 2199 itt-te

277 2243 358 2306 cesti
381 2241 514 2307 crimine
538 2266 558 2307 a
587 2243 687 2307 tribus
711 2242 857 2307 Lentulis
882 2252 1069 2315 accusatus,
1092 2260 1193 2305 uuum
1218 2263 1258 2305 ex
1279 2240 1333 2306 his
1356 2241 1496 2306 ambitus

275 2372 367 2415 reurn
391 2350 571 2435 patrocinio
595 2372 657 2415 suo
673 2352 812 2437 protexit
827 2359 925 2436 alque
939 2349 974 2412 in
991 2348 1136 2412 ecdurum
1151 2348 1286 2423 induxit,
1310 2361 1343 2411 ct
1355 2348 1497 2413 iudicem

278 2470 308 2521 ot
329 2468 513 2541 praetorem
537 2469 569 2520 et
591 2454 716 2523 Vestae
741 2457 858 2521 aedem
881 2458 1028 2529 intuens.
1060 2456 1203 2519 amicum
1226 2454 1363 2519 larundo
1387 2474 1497 2543 agero.

277 2566 359 2627 inter
376 2586 459 2649 quae
477 2563 530 2627 ille
554 2564 694 2631 salutern
711 2566 781 2630 eius
798 2564 896 2629 foedo
919 2563 1054 2627 crimine
1067 2561 1206 2626 obruere
1227 2562 1364 2648 cupiens
1387 2561 1498 2626 hostili

277 2690 360 2734 uoce
382 2680 602 2754 per-orauerat.
1507 2688 1536 2738 to

237 2769 268 2832 (1-
368 2776 524 2842 111ιυὶ1ιί113
548 2789 655 2843 autern
681 2778 794 2844 Gallus
817 2800 910 2842 reum
933 2778 1053 2863 liariter
1076 2790 1173 2862 atque
1189 2789 1417 2842 accusatorem
1440 2775 1499 2839 ud·

282 2917 303 2971 l.
325 2919 350 2982 5.
368 2915 393 2971 3.
413 2935 461 2971 om.
480 2917 573 2986 ΕΗΒ.
593 2923 618 2972 ct
636 2921 765 2988 arnicitio]
785 2924 811 2973 ot
830 2937 878 2974 om.
897 2918 988 2989 nito.
1008 2935 1112 2987 quoque
1138 2922 1174 2987 ei]
1199 2937 1303 2987 quoque
1328 2921 1352 2970 ei
1376 2931 1453 2969 strom
1470 2917 1500 2968 rit
1548 2952 1553 2961 ·

279 2988 425 3043 recurari.
444 2993 468 3042 ci
487 3007 592 3056 quoquc
611 2991 645 3044 E.
669 2990 746 3042 iubet
768 2996 791 3044 ci
812 2999 874 3060 post
891 2996 1010 3057 protinus
1027 2989 1060 3044 F.
1077 2989 1091 3058 ΙΙ
1109 2995 1247 3056 respoudit
1266 2991 1295 3046 C.
1315 2989 1330 3057 ΙΙ
1348 2989 1371 3043 1.
1390 2991 1498 3043 Seri-

280 3059 329 3125 (8.)
349 3062 443 3112 Aulum
462 3061 588 3128 namque]
614 3065 650 3114 M.
672 3069 760 3114 autern
780 3066 871 3115 Cicero
891 3066 979 3115 arrium
999 3062 1030 3115 Γ.
1050 3061 1062 3134 ΙΙ
1083 3063 1107 3115 8.
1133 3064 1275 3125 ouluraqoe
1299 3077 1413 3127 itemque
1434 3059 1489 3127 Cli

301 3135 416 3183 auinium
435 3131 492 3186 EF
507 3139 533 3184 ci
545 3148 590 3202 pr.
609 3133 640 3188 A.
660 3134 786 3202 garinum
802 3133 835 3186 Β.
855 3137 971 3185 animum
989 3133 1024 3186 D.
1038 3136 1269 3203 lirepotnndsrnrn
1285 3132 1499 3201 pacificorum

310 3199 339 3256 F.
352 3201 365 3271 11
376 3199 402 3256 11.
413 3205 503 3256 urbem
514 3202 550 3258 D.
562 3204 576 3272 ΙΙ
590 3201 631 3256 10.
644 3223 670 3270 p.
683 3205 814 3256 rraciniorn
828 3202 866 3257 D.
878 3203 891 3271 ΙΙ
906 3201 946 3257 11.
956 3207 1054 3256 inditiis
1071 3204 1103 3257 Β.
1119 3205 1130 3271 ΙΙ
1145 3209 1216 3256 tutus
1226 3203 1258 3257 Γ.
1271 3205 1285 3272 ΙΙ
1299 3202 1339 3256 12.
1350 3203 1499 3269 benefieiis]

278 3274 328 3328 litt.
346 3276 379 3327 iis
398 3273 427 3325 in
444 3289 540 3330 rasura
558 3274 589 3327 A.
611 3277 740 3327 beneflcio
759 3273 817 3328 BF.
829 3273 842 3342 ΙΙ
864 3273 903 3328 ll.
924 3277 950 3340 §-
969 3271 993 3328 5.
1013 3292 1062 3328 om.
1080 3273 1113 3328 Γ.
1132 3275 1144 3334 ΙΙ
1167 3273 1206 3328 15.
1224 3277 1412 3326 inmitissimus
1429 3267 1463 3324 E.
1470 3273 1494 3398 Β

282 3344 322 3399 11.
340 3348 409 3397 indic
427 3345 486 3410 (rio)
503 3343 535 3400 Β.
558 3349 661 3398 iudices
680 3344 716 3400 D.
735 3343 749 3414 ΙΙ
768 3345 808 3400 18.
834 3352 986 3412 praetorum
1000 3363 1046 3416 pr.
1064 3345 1097 3400 A.
1114 3347 1128 3414 ΙΙ
1147 3347 1257 3413 Vestae]
1283 3353 1386 3397 uestem
1406 3360 1450 3414 pr.
1493 3382 1501 3396 .

278 3421 375 3470 testum
394 3415 420 3472 Ε
439 3424 464 3490 et
482 3433 550 3470 corr.
573 3415 627 3470 CF.
648 3419 778 3470 ucstalcrn
797 3416 965 3484 Dilectione
981 3433 1027 3486 pr.
1045 3417 1081 3472 Ε.
1094 3419 1108 3487 Η
1120 3417 1160 3471 ill.
1180 3435 1258 3481 quem
1274 3416 1309 3470 B.
1321 3414 1389 3484 112⁰.
1407 3431 1500 3482 preec-

279 3493 386 3542 rauerut
403 3488 441 3544 D.
452 3486 467 3556 ΙΙ
477 3485 520 3542 21.
540 3492 566 3554 S.
585 3486 610 3543 ii.
629 3505 678 3541 om.
696 3487 711 3540 I
715 3485 728 3542 '.
740 3489 753 3558 ΙΙ
765 3491 902 3558 Coruinius]
923 3492 1058 3541 cominius
1070 3489 1104 3544 E.
1123 3487 1185 3541 odd.
1194 3492 1215 3542 i.
1226 3491 1253 3542 Ρ.
1268 3507 1290 3539 r.
1303 3490 1399 3539 annius
1411 3489 1501 3557 gellus

280 3577 368 3628 murpo
386 3559 418 3614 A.
437 3559 491 3613 Sed
506 3557 584 3612 iubet
600 3563 725 3614 Caoiuius
743 3559 806 3614 Par.

279 3689 385 3738 nomine
405 3689 431 3738 ci
450 3689 607 3756 cognomine
626 3689 695 3738 lione
715 3687 798 3738 uirum
819 3689 968 3756 insignierit
987 3689 1118 3738 Valerius.
1155 3687 1194 3736 Ci.
1213 3686 1250 3743 11.
1270 3683 1295 3743 11,
1318 3679 1343 3733 b.
1367 3685 1410 3740 lli.
1431 3681 1456 3743 ⁷,
1476 3679 1501 3734 ·l.

279 3757 336 3812 1111.
359 3756 380 3816 l.
400 3753 425 3807 ll.
449 3758 506 3818 Vll,
525 3757 550 3818 2,
571 3756 595 3808 ii.
619 3759 676 3816 Vll.
697 3755 721 3814 4.
741 3754 766 3810 4.
792 3759 838 3818 1x.
857 3754 883 3813 3.
905 3757 928 3810 1.
966 3757 1238 3808 Probabiliicrdldus
1256 3752 1392 3821 proSeuit'
1410 3771 1444 3804 cx
1462 3756 1501 3804 in·

279 3829 417 3888 torpuistis
437 3829 519 3886 lions,
541 3829 568 3877 ut
587 3830 687 3892 opinor,
706 3825 792 3879 sicca
810 3829 922 3892 recepit.
948 3845 1026 3895 quem
1050 3831 1135 3880 secuti
1160 3830 1222 3878 sont
1240 3827 1404 3878 recentiores
1421 3825 1501 3874 liuius

279 3896 369 3958 operis
389 3899 514 3948 editores.

350 3959 375 4016 3.
395 3967 433 4018 cr.
452 3967 510 4018 ra.
529 3969 676 4028 xxxvia,
697 3963 731 4019 53
751 3971 777 4018 a
795 3965 838 4020 57.
865 3969 894 4020 a,
915 3970 982 4020 oea.
1002 3969 1062 4028 xii,
1082 3969 1107 4021 s.
1135 3971 1185 4020 oro
1204 3973 1281 4020 cao.
1298 3965 1409 4020 aare.
1427 3983 1453 4031 p.
1466 3959 1503 4018 m

278 4035 362 4088 lirim.
399 4037 428 4086 ln
447 4037 551 4087 Paridis
571 4041 727 4103 compendio
747 4041 814 4090 irocc
834 4043 872 4089 itu
890 4040 914 4088 le
937 4043 1022 4098 untur.
1041 4037 1142 4106 Scipio.
1160 4035 1188 4091 ol
1206 4035 1328 4098 dicimur.
1345 4043 1407 4106 post
1422 4035 1503 4088 inter·

279 4107 419 4158 cessionem
441 4105 480 4158 'nt
500 4107 615 4160 Graccis·
639 4111 684 4170 (ci.
710 4111 770 4166 iili.
794 4108 821 4167 l.
847 4107 884 4170 8.)
927 4108 1036 4176 opositis
1058 4109 1206 4162 inimicitiis
1225 4109 1350 4179 protinus
1365 4105 1453 4177 filiam
1478 4106 1505 4160 ei

277 4193 352 4229 saum
372 4177 518 4236 Corneliam
537 4176 682 4246 despondit.
1332 4181 1337 4189 “

351 4247 376 4302 l.
396 4248 489 4302 Aulam
506 4263 615 4316 namqm
633 4248 783 4312 Gabinium)
802 4253 840 4301 CI.
861 4253 912 4301 Cic.
933 4267 980 4316 pro
1000 4253 1065 4305 liei).
1086 4253 1158 4305 Post.
1177 4249 1203 4311 8,
1225 4248 1266 4304 111.

352 4319 469 4390 idemque
488 4319 515 4372 Ρ.
540 4317 681 4376 Vatinium)
700 4321 738 4372 Ci.
758 4324 811 4373 Cic.
831 4337 893 4386 opp.
911 4325 935 4382 l.
955 4319 986 4382 11,
1009 4321 1033 4376 l.
1071 4323 1110 4374 Dc
1135 4327 1239 4374 duobus
1264 4325 1381 4382 iudiciis.
1406 4323 1503 4388 qrribus

281 4395 318 4448 M.
338 4393 439 4444 Tullios
459 4393 591 4442 Vatinium
611 4393 772 4450 defenderit.
793 4395 982 4444 nihilomnino
1006 4397 1125 4455 constat,
1150 4396 1198 4446 sed
1224 4397 1257 4444 dc
1280 4411 1332 4445 ano
1357 4395 1504 4444 dumtaxat.

282 4467 374 4532 Neque
393 4465 601 4529 improbabiliter
611 4463 779 4526 Drumannus
798 4465 906 4532 (gosch.
926 4467 1006 4515 liorus
1027 4467 1070 4524 VI,
1089 4483 1115 4531 p.
1128 4461 1184 4528 36.)
1203 4467 1356 4529 suspicetur
1368 4464 1502 4516 Valerium
1540 4468 1542 4471 '

283 4539 316 4588 do
335 4537 431 4600 duplici
449 4537 544 4585 iudicio
564 4535 633 4584 t'aiso
654 4535 786 4596 retullssc,
807 4539 946 4600 ‹icccptom
966 4538 1101 4587 Ciceronis
1123 4537 1213 4586 uerbis
1238 4537 1276 4600 (iu
1301 4537 1361 4588 Vnt.
1384 4531 1428 4592 lt.
1453 4529 1505 4602 33)

282 4609 353 4657 maie
370 4607 520 4658 intellectis.

355 4673 380 4726 11.
401 4677 429 4728 C.
448 4675 565 4736 Antonii)
583 4679 716 4730 Ciceronis
736 4679 761 4728 ln
781 4673 920 4728 consolatu
940 4679 1064 4748 coilegee
1109 4678 1148 4728 ci.
1168 4680 1201 4728 de
1219 4679 1271 4728 hoc
1289 4677 1387 4736 iudicio
1405 4674 1458 4728 Cic.
1477 4674 1506 4728 io

286 4747 346 4796 Vct.
366 4742 407 4808 11,
426 4745 470 4801 27.
488 4751 514 4798 id
534 4765 582 4813 pro
600 4751 637 4800 M.
657 4749 730 4803 cael.
749 4741 792 4810 ³1,
813 4743 856 4802 tt.
874 4749 1019 4800 Drumann.
1039 4751 1134 4818 gorch.
1154 4744 1236 4799 Rome
1254 4743 1275 4809 1⁴,
1294 4763 1322 4812 p.
1341 4739 1403 4798 538.
