3409 5400
291 480 355 547 584
701 470 762 537 DE
785 464 1099 535 TESTAMENTIS.

292 647 430 723 paterna
456 634 545 699 bona
575 632 721 719 optinuit.
779 630 867 694 Nam
900 627 1023 691 Lucius
1057 624 1189 712 quidem
1222 625 1383 691 Sextilius
1425 634 1469 688 et
1511 622 1549 688 P.

293 742 451 829 Popilius,
476 762 559 827 quos
582 739 628 805 M.
651 737 801 802 Anneius
826 736 989 821 sanguine
1018 732 1081 797 sibi
1108 732 1300 796 coniunctos
1332 731 1474 795 eadem
1509 752 1551 792 ex

293 859 385 934 parte
409 869 476 933 qua
504 844 687 909 Tullianum
716 842 856 905 heredes
885 840 1023 914 secabat,
1061 850 1267 904 sacramento
1296 858 1376 901 cum
1413 836 1549 901 adule-

295 951 442 1018 scentulo
467 950 664 1015 contendere
689 951 842 1013 ausinon
855 958 940 1022 suut,
965 946 1094 1009 tametsi
1108 944 1292 1029 praecipuis
1316 964 1357 1007 eo
1378 956 1547 1029 tempore

295 1058 413 1146 Magni
433 1058 558 1121 uiribus
582 1056 625 1119 ad
649 1054 874 1118 defendendas
904 1052 1031 1117 tabulas
1063 1052 1246 1115 testamenti
1274 1050 1411 1113 inuitari
1442 1062 1568 1135 pote-⁵

296 1176 379 1237 rant.
403 1176 435 1226 et
456 1163 658 1249 aliquantum
682 1160 859 1225 adiuuabat
882 1158 1020 1222 heredes
1046 1156 1134 1243 quod
1156 1156 1201 1219 M.
1224 1154 1379 1219 Anneius
1405 1156 1448 1218 in
1479 1156 1547 1219 Su-

296 1271 416 1334 fenatis
439 1268 597 1333 familiam
621 1290 661 1332 ac
684 1290 782 1331 saera
805 1267 988 1330 transierat.
1035 1263 1104 1327 Sed
1127 1262 1327 1327 artissimum
1354 1262 1454 1325 inter
1484 1260 1546 1323 bo-

298 1378 404 1441 miues
422 1376 658 1460 procreationis
674 1373 840 1437 uinculum
857 1372 959 1457 patris
975 1369 1072 1434 simul
1090 1370 1287 1435 uoluntatem
1309 1382 1342 1431 et
1366 1368 1546 1453 principis

299 1482 523 1547 auctoritatem
547 1480 721 1565 superauit.
1286 1540 1289 1547 ,

257 1587 288 1653 3.
390 1577 507 1652 Gaium
530 1597 640 1651 autem
663 1585 801 1649 Tettium
832 1604 852 1647 a
879 1594 971 1668 patre
998 1581 1156 1645 infantem
1185 1580 1442 1657 exheredatum,
1478 1582 1573 1645 Per:

300 1695 408 1758 uenia
429 1704 544 1766 matre,
567 1712 666 1777 quam
690 1690 811 1754 Tettius
836 1689 944 1775 quoad
968 1688 1045 1751 uixit
1066 1689 1101 1751 iu
1123 1688 1330 1752 matrimonio
1354 1686 1545 1761 habuerat,

301 1810 442 1872 natum‚·
457 1798 553 1860 diuus
576 1798 749 1883 Augustus
772 1798 806 1859 iu
830 1798 918 1860 hona
941 1805 1078 1880 paterna
1104 1795 1152 1858 ire
1180 1794 1310 1858 decreto
1335 1816 1402 1859 suo
1426 1797 1544 1866 iussit,

301 1904 404 1990 patris
427 1905 553 1988 patriae
576 1904 685 1967 auimo
708 1925 801 1977 usus,
826 1902 981 1988 quoniam
1001 1900 1122 1965 Tettius
1145 1903 1179 1965 in
1202 1903 1334 1986 proprio
1357 1903 1433 1965 iure
1463 1922 1544 1985 pro·

304 2018 413 2073 creato
436 2007 502 2071 lilio
526 2030 656 2072 summa
679 2030 752 2072 eum
775 2009 945 2094 iniquitate
962 2019 1133 2093 paternum
1155 2027 1275 2071 nomen
1296 2006 1541 2091 abrogauerat.

261 2116 294 2178 4.
393 2115 540 2199 Septicia
552 2136 692 2201 quoqne,
707 2127 811 2179 mater
824 2112 1057 2178 Trachalorum
1069 2112 1338 2187 Ariminensium,
1353 2113 1447 2176 irata
1463 2112 1570 2177 liliisu

303 2223 338 2287 in
365 2220 595 2285 contumeliam
624 2242 753 2296 eorum,
782 2244 856 2285 eum
885 2222 950 2283 iam
979 2238 1092 2304 parere
1124 2238 1191 2281 non
1218 2228 1347 2302 posset,
1380 2216 1541 2282 Publicio

306 2329 379 2393 seni
402 2325 580 2391 admodum
603 2329 728 2412 nupsit,
758 2338 951 2390 testamento
983 2326 1079 2389 etiam
1109 2336 1245 2411 utroque
1267 2326 1463 2411 praeterito.
1512 2326 1541 2388 A

308 2433 426 2520 quibus
456 2432 564 2496 aditus
593 2432 689 2496 diuus
721 2433 891 2519 Augustus
921 2443 953 2494 et
981 2432 1112 2516 nuptias
1141 2430 1284 2495 mulieris
1313 2444 1345 2494 et
1375 2452 1541 2516 suprema

306 2540 429 2605 iudicia
457 2539 662 2623 improbauit.
721 2538 806 2603 Nam
837 2538 1050 2603 hereditatem
1080 2549 1260 2601 maternam
1290 2535 1375 2601 filios
1412 2535 1539 2599 habere

308 2733 334 2787 2.
353 2735 496 2798 pompilius
509 2747 556 2801 pr.
568 2731 596 2785 0.
608 2731 622 2800 ΙΙ
634 2749 737 2786 anneus
746 2733 781 2787 E.
796 2733 808 2800 ΙΙ
822 2731 847 2785 3.
860 2734 985 2800 heredes]
1006 2731 1068 2786 aad.
1085 2747 1133 2784 eos
1146 2747 1216 2785 corr.
1228 2731 1265 2786 D.
1276 2730 1290 2798 ΙΙ
1301 2729 1325 2786 t.
1339 2733 1539 2799 aliquantulum

309 2803 450 2857 EFTorr.
462 2803 476 2868 ΙΙ
487 2806 623 2854 adiuuabit
640 2804 671 2857 F.
683 2805 697 2870 ΙΙ
709 2820 812 2855 anneus
829 2803 865 2856 E.
877 2803 890 2870 ll
903 2807 1044 2855 sufferatis
1062 2803 1097 2856 E.
1110 2805 1123 2871 ΙΙ
1136 2802 1159 2856 7.
1173 2804 1217 2870 oc]
1237 2807 1264 2854 et
1281 2803 1315 2856 F..
1327 2799 1377 2868 118.
1391 2805 1537 2870 principis]

311 2873 373 2926 edd.
392 2877 441 2927 uiri
461 2873 538 2926 Terr.
549 2875 562 2940 ll
577 2873 617 2926 iu.
636 2879 741 2926 tertium
762 2875 791 2928 C.
810 2876 907 2925 teeium
925 2874 992 2929 DF.
1011 2879 1122 2936 teoeium
1140 2873 1175 2927 E.
1186 2875 1200 2942 ΙΙ
1212 2877 1338 2926 infantem
1358 2879 1476 2939 epatre
1494 2875 1538 2936 (E)

310 2945 373 2998 Par.
385 2951 409 2997 et
417 2959 486 2996 corr.
496 2943 529 3004 A.
550 2943 627 2997 Terr.
639 2945 653 3012 ΙΙ
664 2949 786 3011 patronio
797 2945 826 2997 Ο.
845 2949 988 2996 Caetronia
996 2945 1059 2998 Par.
1075 2942 1086 3016 ll
1104 2943 1144 2998 11.
1153 2947 1249 2996 tectius
1262 2943 1323 2997 GE.
1333 2947 1423 2995 teeius
1434 2943 1504 2999 DF.
1516 2948 1528 3012 ll

311 3017 507 3068 matrimonium
530 3014 561 3067 A.
582 3013 594 3085 ΙΙ
618 3014 656 3068 13.
681 3019 775 3068 tectius
801 3015 829 3068 C.
853 3019 938 3067 tocius
961 3017 997 3070 D.
1023 3020 1124 3068 teocius
1148 3015 1182 3069 E.
1201 3019 1287 3068 tectus
1306 3013 1334 3068 F.
1353 3015 1367 3081 ΙΙ
1386 3013 1432 3067 14.
1458 3021 1537 3068 abro-

313 3085 438 3156 gauerat]
458 3086 506 3135 ul':
527 3089 698 3136 abiurauerat
714 3102 805 3154 marco
816 3085 848 3138 A.
869 3087 1045 3156 orrognirerat
1057 3087 1084 3141 F.
1100 3085 1111 3158 ΙΙ
1129 3085 1169 3140 15.
1189 3089 1214 3151 S.
1232 3085 1270 3152 4.]
1290 3085 1376 3137 Seium
1391 3084 1443 3137 hoe
1456 3104 1538 3139 exeso

310 3156 383 3225 plum
400 3155 542 3224 interponit
559 3154 623 3207 libri
644 3155 719 3212 Vlll.
740 3173 797 3226 cap.
816 3155 844 3212 2.
865 3160 891 3222 S.
910 3155 927 3210 3
948 3163 1009 3225 port
1030 3174 1073 3210 uu.
1098 3161 1236 3221 acceptum
1262 3157 1323 3207 ferri
1349 3159 1450 3210 debera
1471 3157 1503 3210 Γ.
1515 3159 1528 3224 ll

314 3243 418 3294 quoque
436 3242 485 3279 orn.
503 3225 529 3279 Γ
528 3264 535 3277 .
547 3226 561 3294 ΙΙ
571 3229 750 3278 thracalornm
768 3227 859 3279 APar.
883 3230 1044 3278 traculorum
1063 3229 1098 3282 E.
1121 3230 1281 3279 traculorum
1305 3225 1333 3278 F.
1358 3229 1535 3280 tracesiorum

313 3296 345 3351 Γ.
366 3297 408 3364 Cf.
426 3295 501 3350 Paul.
519 3294 589 3359 diac.
604 3314 633 3366 p.
651 3296 712 3351 361.
730 3297 1023 3362 brantosmensium
1043 3298 1076 3352 F.
1094 3300 1108 3367 ll
1123 3301 1184 3350 tiliis
1202 3301 1272 3348 irata
1289 3295 1351 3350 Per.
1371 3303 1398 3349 et
1416 3315 1489 3352 corr.
1505 3299 1536 3354 A.

316 3367 392 3420 Torr.
407 3368 419 3434 ΙΙ
436 3367 477 3421 16.
495 3369 600 3437 posset]
620 3366 683 3420 add.
702 3373 750 3420 sed
768 3367 799 3422 F.
811 3367 825 3435 ll
836 3371 927 3433 publio
940 3367 1034 3422 ΑΒΕ.
1053 3372 1158 3434 publico
1173 3368 1263 3422 CPar.
1283 3385 1307 3419 u.
1321 3370 1429 3433 publico
1446 3387 1535 3437 scarpo

314 3437 347 3491 A.
364 3441 464 3504 pupillo
483 3437 514 3492 F.
528 3436 541 3504 ΙΙ
555 3439 594 3492 11.
613 3441 734 3508 utroque]
755 3446 814 3490 uate
832 3441 912 3490 etium
930 3438 964 3493 E.
985 3443 1122 3507 utrumque
1141 3455 1210 3494 cer't‘.
1222 3440 1253 3492 A.
1268 3437 1281 3510 ΙΙ
1295 3440 1496 3508 praeteritaque
1510 3441 1535 3493 Ο.

327 3508 341 3576 ΙΙ
354 3505 394 3561 18.
413 3512 514 3572 Quibus
533 3512 630 3560 auditis
650 3509 710 3564 Par.
725 3514 737 3576 ss
752 3525 897 3575 supprema
911 3524 955 3578 pr.
973 3507 1083 3578 41119.
1102 3513 1224 3576 improba
1242 3509 1268 3564 Γ
1284 3515 1309 3562 et
1322 3525 1367 3578 pr.
1385 3509 1419 3565 A.
1433 3510 1446 3582 ΙΙ
1470 3513 1533 3562 Nam

316 3607 350 3618 -
367 3582 404 3648 (1)-
422 3578 484 3640 585.
504 3575 541 3643 1.)
558 3583 645 3633 dotem
664 3597 713 3634 em.
731 3579 763 3634 Γ.

819 3697 1031 3710 ——ffl

387 3755 414 3808 2.
433 3762 459 3809 et
471 3756 606 3825 principis
623 3756 805 3809 auctoritatem
821 3759 980 3826 superauit.)
1006 3761 1100 3810 'l'aeiie
1118 3761 1253 3810 adiecerat
1272 3761 1382 3828 Pighius
1401 3758 1458 3810 uiri
1475 3769 1533 3824 post

312 3826 458 3895 principia.
478 3831 547 3893 quod
566 3830 669 3879 seilicet
680 3831 837 3894 Pompeium
856 3833 979 3880 absolute
994 3831 1138 3895 prinoipem
1157 3832 1287 3895 appellari
1306 3845 1358 3880 non
1376 3845 1460 3894 posse
1480 3847 1532 3882 cre·

318 3899 401 3947 deret.
437 3899 493 3947 Nec
515 3901 591 3948 iuuat
614 3901 749 3950 Ciceronis
772 3904 922 3965 exemplum
948 3903 986 3965 (in
1011 3903 1105 3954 anton.
1125 3901 1197 3959 Viil.
1225 3899 1270 3959 10.
1293 3897 1348 3964 29.)
1373 3917 1391 3950 a
1408 3901 1531 3954 Turranio

318 3966 474 4028 ascriptum,
494 3983 552 4018 eum
571 3970 642 4018 aliud
661 3972 705 4028 sit,
727 3973 752 4019 si
770 3974 828 4037 quis
852 3974 879 4021 in
904 3987 933 4022 re
959 3973 1063 4034 publiea
1086 3974 1210 4036 princeps
1233 3975 1350 4025 uocetur.
1392 3973 1531 4024 hianil'esto

318 4037 443 4088 Valerius
462 4038 620 4089 locutionem
640 4054 691 4091 sua
709 4044 799 4092 aetate
817 4043 983 4100 tritissimum
1004 4044 1036 4092 de
1055 4044 1112 4101 his.
1137 4057 1222 4106 penes
1242 4058 1309 4108 quos
1326 4057 1431 4092 summa
1447 4059 1529 4094 rerum

319 4109 385 4165 erat.
404 4109 439 4157 ad
458 4109 607 4173 antiquiora
624 4113 747 4174 tempora
764 4114 911 4169 transtulit.
937 4115 1030 4164 eadem
1055 4115 1112 4164 fere
1130 4115 1238 4164 licentis
1261 4128 1340 4172 usus.
1367 4129 1420 4179 qua
1441 4117 1529 4166 liscum

318 4179 410 4232 tribuit
428 4180 539 4228 Caesari
558 4180 601 4236 Vi.
620 4178 646 4238 2.
668 4178 708 4233 il.
751 4184 815 4233 Rern
838 4184 927 4245 ipsam
948 4199 1068 4250 quaeque
1086 4187 1112 4234 ln
1132 4185 1305 4246 sequentibus
1324 4187 1366 4234 ius
1385 4185 1459 4235 ciuile
1477 4189 1528 4236 tau·

319 4253 387 4320 gunt
405 4251 482 4300 docte
499 4251 655 4314 etcopiose
680 4253 822 4315 explicauit
840 4256 900 4304 Ant.
919 4254 1102 4323 Schultingius
1126 4256 1152 4304 in
1172 4255 1360 4306 exercitatione
1385 4257 1418 4304 ad
1437 4257 1528 4308 Valerii

318 4321 431 4374 Maximi
448 4321 506 4372 libr.
518 4323 573 4372 ‹vll
592 4338 651 4386 cap.
670 4324 718 4372 Vli
736 4324 843 4374 editioni
861 4325 1041 4376 'lomenianae
1059 4327 1189 4378 subiecta.

390 4388 417 4444 4.
434 4389 555 4444 Publicio
572 4392 640 4452 arai)
657 4396 745 4445 codex
755 4396 920 4459 archetypus
932 4393 1025 4448 Publio
1038 4397 1195 4447 exhibuisse
1209 4399 1319 4448 uidetur.
1356 4397 1386 4447 iir
1395 4411 1445 4460 quo
1456 4413 1527 4462 prae·

319 4466 435 4522 nomine.
455 4467 524 4530 quod
543 4466 602 4516 siue
620 4467 726 4516 nomine
744 4466 831 4516 iocum
849 4482 903 4517 non
922 4470 1017 4526 habet.
1043 4467 1209 4518 emendando
1228 4469 1337 4520 saeuius
1355 4480 1415 4518 sum
1434 4469 1526 4520 Paridis

320 4538 480 4599 scripturam
491 4533 611 4595 Publice.
628 4538 748 4600 proxime
766 4539 937 4588 accedentem
950 4541 985 4588 ad
999 4539 1152 4600 Publicium,
1171 4553 1252 4602 quem
1266 4555 1299 4589 ex
1312 4539 1408 4589 eodem
1426 4541 1526 4591 simron

319 4604 561 4734 leippppupnpmpppdo
579 4610 635 4659 iarn
653 4610 760 4660 eruerat
777 4609 948 4662 abbreuiator
966 4611 1208 4676 Guelferbytanus,
1231 4612 1267 4662 eb
1288 4609 1334 4661 iilo
1354 4610 1473 4661 haditum
1490 4626 1525 4664 rr·

400 4689 418 4722 a
467 4692 496 4744 ig
526 4691 566 4730 us.
