3409 5400
456 497 539 564 LlB.
561 499 619 575 lX,
643 499 681 564 0.
707 502 758 576 14,
779 509 812 576 1.
836 502 996 568 l-list.
1020 510 1049 576 Ι.
1074 506 1104 568 1.
1328 505 1392 573 itti

165 661 322 748 plurimis
351 671 383 724 et
412 659 604 722 clarissimis
635 659 780 726 familiae
809 682 892 727 suae
920 659 1173 746 cognominibus
1202 662 1393 740 abundaret,

165 770 203 832 in
235 767 388 832 seruilem
420 764 614 850 Serapionis
645 767 897 853 appellationem
931 765 1024 853 uulgi
1054 785 1207 830 sermono
1241 770 1392 853 inpactus

167 885 233 946 est,
257 873 346 958 quod
369 871 505 934 huiusce
529 873 671 936 nominis
695 876 853 940 uictimari
877 895 975 960 quam
1004 870 1122 936 similis
1150 882 1229 935 erat
1278 872 1394 959 Neque

165 978 217 1042 illi
242 990 297 1042 nui
319 999 446 1042 morum
471 977 616 1061 probitas
641 989 697 1044 aut
719 993 888 1066 respectus
912 991 958 1044 tot
984 979 1167 1066 imaginum
1197 999 1262 1065 quo
1284 980 1394 1044 minus

140 1082 237 1148 slrac
261 1083 457 1148 contumelia
480 1097 712 1168 aspergeretur
735 1085 893 1172 opitulata
914 1096 1000 1151 sunt.

263 1189 546 1254 Generosissimus
571 1191 761 1257 consulatus
785 1192 961 1280 collegium
984 1190 1112 1254 Lentuli
1134 1201 1165 1254 et
1180 1189 1302 1255 Metelli
1322 1193 1393 1259 fuit.
1403 1189 1435 1254 4.

168 1293 238 1374 Qui
256 1295 352 1359 ambo
369 1297 403 1358 in
420 1315 521 1358 scena
537 1306 669 1380 propter
685 1299 930 1363 similitudinem
946 1297 1141 1360 histrionum
1158 1297 1394 1382 propemodum

168 1402 311 1484 spectati
346 1411 431 1464 sunt.
484 1399 552 1462 Sed
588 1399 668 1464 alter
702 1425 742 1466 cx
777 1404 920 1489 quodam
955 1404 1175 1469 secundarum
1208 1423 1394 1489 cognomen

168 1503 358 1589 Spintheris
383 1503 487 1578 traxit,
512 1503 601 1578 alter,
626 1506 690 1572 nisi
715 1507 849 1594 Nepotis
874 1533 895 1574 a
917 1509 1064 1575 moribus
1080 1510 1274 1594 accepisset,
1295 1507 1394 1574 Pam·

128 1607 253 1694 rophili
277 1612 453 1684 tertiarum,
477 1611 530 1674 cui
553 1611 738 1677 simillimus
763 1635 838 1678 esse
860 1615 1036 1688 serebatur,
1059 1613 1239 1680 habuisset.

262 1715 307 1779 At
322 1715 367 1782 M.
387 1714 546 1782 Messalla
570 1715 754 1782 consularis
779 1730 810 1782 et
832 1723 1003 1785 censorius
1016 1719 1212 1808 Menogenis
1231 1719 1394 1807 Curioque
1404 1722 1435 1788 5.

169 1821 325 1886 omnibus
340 1819 520 1886 honoribus
539 1821 712 1888 abundans
728 1823 893 1898 Burbulei,
916 1827 969 1890 ille
984 1838 1116 1911 propter
1130 1828 1198 1890 oris
1213 1838 1394 1910 aspectum,

168 1927 226 1992 hic
249 1939 382 2014 propter
404 1949 517 2014 parom
542 1932 690 2014 corporis
707 1941 841 2004 motum,
865 1943 1000 2018 uterque
1016 1932 1139 1999 scenici
1155 1953 1276 1998 nomen
1298 1954 1396 1998 coac·

170 2046 224 2098 tus
248 2045 299 2099 est
319 2037 474 2120 recipcre.

132 2160 160 2202 ιδ
261 2139 401 2204 Abunde
425 2141 491 2204 sint
513 2139 595 2204 hacc
620 2142 661 2206 de
684 2143 885 2216 domesticis,
912 2145 1066 2228 quoniam
1089 2154 1122 2208 et
1143 2145 1296 2228 personis
1319 2143 1524 2211 suntE1t.l.

171 2245 365 2326 excellentia
388 2257 418 2308 et
442 2267 507 2311 uon
532 2247 674 2312 obscura
697 2249 810 2312 notitia
832 2249 1046 2314 celebrantur.

677 2407 890 2421 ψ-

171 2492 199 2547 2.
218 2511 370 2548 sermono·
389 2492 420 2546 A.
432 2493 445 2562 ΙΙ
457 2489 482 2547 3.
503 2493 624 2559 imiuscel
645 2491 706 2548 odd.
726 2497 796 2546 modi
816 2495 850 2548 F..
870 2494 884 2562 ΙΙ
904 2497 1041 2546 uictimarii
1058 2490 1120 2547 ΒΓ
1135 2499 1162 2546 et
1177 2509 1246 2548 corr.
1265 2493 1298 2549 A.
1321 2498 1394 2548 uicti·

173 2569 258 2618 msrio
279 2565 332 2620 GE
340 2566 401 2618 Por.
422 2564 499 2617 Tot-r.
517 2565 530 2633 ΙΙ
548 2581 626 2631 quam
645 2581 694 2618 om.
713 2565 748 2619 Ε.
768 2565 780 2624 ΙΙ
800 2567 857 2617 Noc
877 2565 954 2619 Porr.
970 2565 984 2633 ΙΙ
1001 2565 1028 2619 i.
1045 2567 1093 2632 iiii]
1109 2572 1173 2634 post
1188 2568 1308 2631 probitas
1327 2565 1358 2620 Γ.
1370 2569 1384 2635 ΙΙ

174 2635 199 2690 5.
220 2640 290 2690 hano
308 2639 493 2688 contumetiam
507 2651 553 2705 pr.
567 2635 599 2690 A.
614 2631 626 2707 ΙΙ
640 2639 785 2704 opitulatus
803 2643 846 2688 est
865 2635 895 2690 Γ.
908 2637 922 2704 ΙΙ
933 2634 959 2690 t.
972 2639 999 2703 5.
1011 2634 1028 2688 l
1040 2652 1090 2690 om.
1102 2633 1134 2690 Γ.
1146 2635 1159 2703 ΙΙ
1171 2639 1394 2707 genauststmon

174 2704 288 2763 uros.
303 2708 314 2776 ΙΙ
330 2711 443 2777 collegio
461 2706 488 2761 Ii
508 2714 533 2759 st
550 2722 620 2763 corr.
641 2708 696 2781 011
711 2708 735 2763 i.
755 2722 839 2761 scona
852 2735 866 2763 ι
884 2708 916 2761 A.
932 2707 946 2775 ΙΙ
962 2706 988 2761 0.
1008 2710 1083 2769 atter,
1102 2708 1164 2774 nisi]
1184 2711 1294 2761 stternts
1308 2708 1394 2777 prul.

184 2779 198 2845 ΙΙ
214 2778 253 2835 10.
272 2780 420 2847 tertiarum]
440 2781 575 2831 tertiarum
589 2782 672 2833 notori
688 2780 788 2849 purtim
806 2778 835 2831 in
850 2794 949 2835 resero
964 2778 1064 2847 purtim
1076 2779 1104 2831 is
1116 2780 1233 2847 manse
1245 2778 1276 2833 A.
1294 2777 1395 2837 inserts

171 2866 215 2919 pr.
227 2848 259 2903 A.
276 2854 412 2903 tertiarum
425 2852 523 2903 actoris
536 2848 572 2903 D.
586 2854 684 2905 retiarii
699 2850 759 2905 GE.
771 2850 784 2916 Η
797 2854 873 2903 esset
883 2848 950 2903 AD.
962 2850 977 2916 ΙΙ
987 2851 1116 2902 habuisse
1134 2853 1157 2915 (t
1173 2848 1201 2901 is
1209 2848 1268 2918 fise
1279 2854 1395 2919 crassos)

174 2920 205 2975 A.
216 2920 230 2988 ll
245 2920 285 2974 11.
304 2924 329 2986 S.
349 2920 365 2975 5
384 2937 433 2975 om.
453 2918 484 2975 Γ.
497 2922 510 2989 ΙΙ
522 2922 559 2973 Ac
577 2920 615 2976 D.
627 2922 641 2991 Η
652 2923 810 2992 nemogenis
829 2919 890 2973 Cli.
914 2936 1079 2989 nemogenes
1096 2919 1135 2975 D.
1149 2920 1163 2987 ΙΙ
1180 2924 1305 2988 curisque
1322 2920 1359 2975 D.
1370 2922 1385 2991 ll

177 2990 218 3047 12.
237 2990 396 3063 [abundans]
415 2990 446 3046 A.
457 2993 473 3061 il
485 2994 590 3045 bubulci
611 2992 640 3047 0.
651 2992 666 3061 ΙΙ
678 2991 742 3065 [oris
757 3022 789 3031 -
803 2986 870 3059 tii.)
891 2988 951 3115 hiep
961 2989 993 3044 A.
1005 2993 1019 3059 ΙΙ
1033 2988 1073 3045 13.
1086 2989 1215 3062 {corporis
1229 3020 1261 3031 —
1276 2988 1394 3063 uterque]

175 3060 206 3115 A.
221 3062 232 3129 ΙΙ
251 3062 370 3149 sepcies
390 3060 439 3149 est]
463 3060 495 3116 A.
513 3060 525 3133 l
548 3062 587 3118 ti.
607 3061 741 3187 [Abunde]
762 3060 794 3118 A.
812 3061 826 3131 ll
844 3068 906 3115 sunt
950 3102 957 3115 .
976 3060 989 3132 ll
1008 3065 1041 3115 de
1059 3078 1108 3115 oos.
1126 3060 1161 3116 Ii.
1180 3068 1207 3115 et
1219 3078 1264 3131 pr.
1282 3062 1339 3131 Ali
1350 3066 1395 3115 do·

177 3131 313 3203 nrlesttcts,
333 3132 465 3203 quomam}
485 3130 517 3187 A.
528 3132 542 3201 ll
554 3132 634 3205 [sunt]
653 3134 685 3190 A.
705 3151 721 3187 s
741 3132 766 3187 tl.
785 3138 853 3187 haec
871 3130 989 3203 111110.
1008 3132 1072 3205 [non
1089 3160 1124 3173 -
1141 3130 1318 3203 celebrantur]
1336 3132 1367 3190 Α.

245 3362 271 3415 «l.
289 3364 328 3415 ct.
346 3362 412 3413 Ptin.
432 3362 457 3413 h.
476 3375 502 3411 n.
522 3362 575 3416 Vll.
599 3356 638 3419 10.
661 3357 693 3413 10
711 3364 738 3427 s.
755 3359 799 3415 5⁴.

246 3430 467 3485 Generosi-seimus
484 3430 642 3493 mosulotss)
664 3434 704 3482 Its
723 3434 819 3496 scr-ipsi
837 3435 967 3483 bonorum
985 3434 1111 3484 librorum
1130 3434 1215 3489 iussu,
1233 3448 1294 3484 cum
1312 3435 1396 3503 uulgo

178 3508 298 3557 ederetm
317 3500 549 3555 Generosissimum
572 3500 722 3553 cumulatus
744 3500 887 3568 collegium
929 3506 1027 3553 Auctor
1050 3518 1066 3553 s
1088 3518 1164 3553 mors
1187 3518 1237 3553 suo
1261 3520 1310 3568 pso
1333 3520 1395 3557 eon·

178 3579 256 3627 cretis
280 3577 431 3627 notionibus
454 3570 658 3637 (morosissiosi
681 3570 799 3624 cosssles
821 3572 935 3639 eoilepoe
951 3570 1080 3625 Lestsiss
1097 3578 1123 3625 et
1139 3570 1260 3625 Metellos
1273 3573 1397 3640 semsi)

179 3650 329 3699 abstractas
348 3646 514 3695 consulatum
534 3648 561 3695 et
579 3644 721 3713 collegium
740 3644 838 3707 posuit.
875 3644 1020 3695 Nobiscum
1032 3645 1119 3697 sensit
1130 3648 1202 3695 teste
1213 3646 1396 3699 venustiss-

179 3720 270 3771 nouius
290 3720 404 3767 Obseru.
423 3718 447 3765 in
468 3716 538 3767 licei.
557 3732 579 3767 c.
601 3712 642 3768 15.

248 3787 300 3839 sisi
319 3784 429 3853 Nepotis
446 3801 462 3835 o
481 3783 596 3837 moribus
615 3784 768 3853 accepisset)
790 3784 857 3835 Pulli
876 3784 1011 3835 Valerium
1034 3786 1068 3836 de
1091 3800 1176 3837 sauss
1200 3786 1279 3837 huius
1304 3790 1396 3853 appel·

96 3883 98 3913 ε
179 3862 282 3911 lationis
302 3863 373 3911 recto
392 3858 635 3907 animaduerterunt
649 3858 801 3907 Perizonius
820 3860 847 3906 et
859 3856 1029 3906 Drumaunus
1047 3858 1142 3925 gescb.
1155 3856 1237 3908 Roma
1255 3858 1288 3917 ii,
1305 3874 1333 3925 p.
1351 3852 1395 3911 ³5.

180 3932 286 3983 Coicrus
306 3930 460 3992 suspicatus
479 3932 536 3977 erut
555 3929 696 3997 logentium
715 3940 778 3977 osso
798 3942 814 3977 o
833 3923 987 3977 maioribss.

247 3996 377 4067 Pamphili
395 3997 543 4059 tertiorum)
561 4000 639 4049 libor
658 3998 823 4057 Danieiinos,
842 3998 985 4048 mnniiesto
1003 3998 1320 4063 interpolatosePsridis
1339 4000 1394 4065 epi·

180 4074 247 4125 tome
266 4068 400 4138 Pamphilo
420 4068 557 4120 tertiorum
576 4068 662 4121 ociori
682 4070 838 4127 exhibente,
863 4084 949 4119 causa
971 4070 1057 4119 extitit
1086 4084 1132 4119 cur
1155 4073 1317 4122 recentiores
1335 4070 1396 4121 iibri

97 4160 98 4171 ¹
181 4142 342 4195 emendatius
370 4142 519 4205 proterrent
541 4155 610 4208 quine
634 4142 660 4191 in
685 4142 833 4206 archetypo
857 4142 948 4192 codice
973 4140 1070 4191 uitiosa
1087 4140 1247 4209 legebantur
1266 4139 1397 4209 pmnpiils‘

97 4224 98 4249 ³
180 4211 290 4267 redarii.
326 4212 425 4263 Verum
444 4214 609 4276 probabilius
622 4216 756 4263 corrector
768 4212 870 4263 omisso
888 4212 935 4263 iiio
953 4209 1040 4262 octon‘
1057 4208 1143 4275 (certe
1161 4210 1261 4264 actoris
1278 4214 1396 4263 scribon·

97 4298 98 4323 2
181 4288 238 4335 ium
262 4282 343 4348 orat.)
368 4281 475 4334 retiarii
497 4288 597 4333 tanturn
622 4285 648 4333 in
673 4281 810 4334 inunum
835 4284 976 4335 mutasset.
1020 4283 1061 4332 its
1081 4282 1181 4333 Plinius
1205 4297 1324 4349 quoqne,
1352 4282 1397 4347 qui

180 4357 264 4405 omnin
282 4356 351 4405 haec
373 4370 391 4404 s
410 4356 517 4405 l'nierio
542 4358 676 4405 mutuatus
699 4358 754 4405 est:
777 4354 849 4405 sicu
869 4352 993 4421 Spinther
1014 4350 1187 4405 amdam
1211 4351 1397 4419 tutumque

97 4436 98 4463 t
180 4423 326 4493 Pasptitus
349 4423 465 4492 coalepio
485 4422 593 4475 haisti
615 4430 640 4475 et
657 4422 758 4476 Metelli
782 4439 847 4478 coss.
884 4426 1003 4476 Partinm
1026 4428 1054 4476 et
1075 4426 1175 4474 sotoris
1198 4424 1397 4474 denotationem

181 4500 303 4548 intertium
323 4499 349 4547 in
368 4498 411 4547 iris
424 4496 595 4565 subinteliegi
614 4500 721 4561 praeter
733 4496 809 4548 Plinii
824 4496 991 4561 praedictum
1003 4496 1090 4547 losum
1102 4496 1182 4547 docet
1193 4495 1274 4545 wem
1287 4493 1396 4547 Sueton.

181 4566 323 4639 caligit,
343 4582 422 4633 quom
440 4568 530 4618 citauit
548 4568 710 4619 Perizonius.
804 4602 809 4609 .

245 4634 272 4691 5.
291 4639 330 4691 ci.
347 4638 414 4689 Ptin.
433 4640 460 4691 h.
478 4654 504 4692 n.
524 4639 580 4697 vii,
601 4634 642 4697 12,
663 4636 696 4690 10
714 4638 739 4703 s.
757 4634 801 4692 55.

245 4710 306 4765 uxi.
326 4707 350 4765 i.
373 4710 413 4765 Gt'.
431 4709 498 4765 Plin.
516 4710 544 4763 b.
562 4724 588 4765 n.
607 4708 664 4771 vu,
686 4704 727 4773 12.
748 4704 781 4763 10
799 4708 826 4774 s·
843 4704 889 4763 bit
906 4707 992 4761 Solle.
1009 4708 1030 4768 i,
1048 4700 1093 4761 80.
