3409 5400
413 458 418 471 ¹
473 508 558 577 nm.
580 508 654 589 vn,
678 510 715 578 c.
739 512 771 589 a,
793 520 822 590 t.
846 512 1006 580 5-en.
1030 522 1061 591 ς.
1084 516 1114 583 a.
1340 520 1404 587 aar

272 671 484 737 Cretensibus
506 671 588 737 nihil
609 671 672 737 tale
695 672 852 757 praesidii
876 672 1025 748 adfulsit,
1056 676 1112 760 qui
1139 674 1310 744 obsidione
1334 678 1486 746 Meua.
1508 681 1537 746 l.

232 779 241 839 ἱ
271 778 315 843 ad
338 778 485 845 ultimam
507 778 678 863 penuriam
700 777 851 863 conpulsi
882 802 945 845 sua
966 780 1248 867 iumentorumque
1271 806 1404 849 suorum

243 908 278 949 ra
300 886 399 959 sitim,
423 895 588 949 torserunt
609 885 727 949 iustius
755 884 891 949 dixerim
917 908 1015 972 quam
1047 897 1283 963 sustentarunt,
1317 892 1406 975 quia,

239 1014 263 1055 n
287 991 374 1054 uinci
404 991 532 1065 timent,
559 988 592 1053 id
620 990 713 1077 passi
742 1002 833 1065 sunt,
864 991 952 1077 quod
984 1012 1042 1057 eos
1071 1014 1113 1055 ne
1142 993 1245 1057 uictor
1274 993 1406 1080 quidem

226 1097 251 1158 ’ἰ
275 1096 451 1182 coegisset.

272 1200 462 1266 Numantini
477 1212 586 1265 autem
603 1223 624 1265 a
640 1201 794 1287 Scipione
810 1200 898 1267 uallo
915 1214 945 1266 ot
962 1224 1085 1291 aggere
1107 1202 1307 1280 circumdati,
1331 1226 1405 1269 eum
1415 1204 1446 1272 2.

227 1307 296 1370 nia
318 1328 402 1392 quae
426 1307 547 1371 famem
571 1328 684 1372 eorum
707 1306 835 1384 trahere
859 1320 1010 1393 poterant
1032 1309 1332 1393 consumpsissent,
1362 1310 1405 1375 ad

228 1416 331 1478 imum
353 1412 572 1478 humanorum
602 1435 775 1500 corporum
806 1414 947 1500 dapibus
978 1416 1030 1481 usi
1054 1428 1139 1483 sunt.
1198 1416 1406 1502 Quapropter

224 1531 280 1603 pta
302 1520 369 1584 iam
393 1520 472 1584 urbe
503 1519 677 1606 conplures
705 1520 829 1585 inuenti
858 1532 934 1585 sunt
962 1535 1052 1586 artus
1082 1534 1113 1586 et
1140 1522 1288 1588 membra
1310 1523 1405 1587 truci·

227 1640 334 1689 torum
356 1648 532 1711 corporum
555 1626 630 1691 sinu
653 1647 714 1689 suo
738 1636 917 1714 gestantes.
964 1626 1062 1693 Nulla
1084 1630 1190 1693 estin
1212 1628 1265 1692 his
1289 1648 1405 1693 neces·

225 1734 287 1797 atis
321 1734 497 1799 excusatio.
553 1730 640 1797 Nam
668 1732 786 1818 quibus
820 1735 904 1799 mori
930 1733 1017 1798 licuit
1052 1735 1100 1799 sic
1127 1736 1239 1799 uiuere
1266 1754 1404 1799 necesse

216 1860 249 1902 m
272 1840 341 1903 fuit.

270 1944 395 2010 Horum
425 1955 547 2009 trucem
576 1944 788 2028 pertinaciam
817 1946 851 2009 in
880 1945 1043 2010 consimili
1070 1946 1217 2010 facinore
1245 1944 1445 2031 Calagur·3‚

224 2072 360 2117 anorum
385 2049 577 2114 execrabilis
600 2050 751 2134 impietas
776 2072 996 2138 supergressa
1025 2063 1085 2116 est.
1137 2051 1202 2132 Qui
1234 2072 1300 2136 quo
1330 2072 1404 2136 per·

93 2182 165 2201 ..ae
222 2158 387 2222 cerentius
410 2155 594 2240 interempti
609 2155 746 2219 Sertorii
766 2157 940 2231 cineribus,
963 2156 1169 2221 obsidionem
1192 2156 1251 2222 Gn.
1268 2157 1405 2243 Pompei

212 2274 394 2336 nstrantes,
422 2260 519 2325 tidem
543 2272 762 2345 praestarent,
792 2263 870 2348 quia
899 2261 1020 2326 nullum
1047 2264 1115 2327 iam
1144 2261 1233 2325 aliud
1260 2264 1295 2327 in
1324 2264 1404 2327 urbe

214 2392 296 2435 »rum
319 2383 489 2453 supererat
512 2367 643 2442 animal,
667 2388 783 2432 uxores
800 2390 880 2433 suas
898 2381 1058 2455 natosque
1082 2368 1126 2432 ad
1144 2390 1240 2431 usum
1256 2369 1404 2433 nefariae

216 2477 278 2563 :pis
302 2484 475 2539 uerterunt.
531 2470 670 2558 Quoque
698 2471 818 2537 diutius
847 2486 973 2537 armata
1002 2476 1154 2537 iuuentus
1185 2474 1315 2538 uiscera
1342 2495 1405 2539 sua

219 2582 367 2647 secribus
391 2580 462 2644 suis
487 2576 597 2653 aleret,
619 2577 769 2643 infelices
793 2578 994 2643 cadauerum
1021 2577 1177 2664 reliquias
1206 2578 1314 2644 sallire
1338 2600 1405 2644 non

217 2689 351 2755 tbitauit.
405 2685 456 2751 En
486 2708 584 2772 quarn
614 2684 732 2770 aliquis
760 2685 793 2750 in
822 2686 893 2750 acie
924 2683 1105 2749 hortaretur
1138 2696 1172 2748 ut
1204 2707 1264 2770 pro
1299 2684 1404 2751 salute

213 2796 360 2881 »niugum
384 2804 416 2856 et
437 2792 612 2856 liberorum
635 2791 758 2855 sortiter
781 2790 963 2857 dimicaret!
998 2792 1047 2855 Ex
1062 2790 1127 2854 lroc
1144 2791 1294 2856 nimirum
1309 2791 1404 2856 hoste

217 2913 273 2964 nto
296 2899 373 2962 duci
394 2918 503 2983 poena
525 2897 636 2984 magis
661 2917 759 2990 quam
783 2898 920 2962 uictoria
947 2895 1088 2984 petenda
1116 2897 1191 2974 fuit,
1223 2898 1300 2984 quie
1328 2897 1403 2984 plus

204 3006 366 3070 mdicatus
396 3002 580 3082 [libertatis]
609 3024 709 3089 quam
737 3003 843 3067 uictus
873 3002 997 3090 gloriae
1025 3002 1153 3066 adferre
1181 3002 1299 3088 potuit,
1330 3025 1405 3070 cum

228 3166 399 3217 cretensibus
416 3190 452 3202 -
471 3163 594 3220 adfulsit,
614 3162 669 3227 qui]
694 3167 838 3214 cretenses
858 3159 891 3215 Γ.
910 3160 922 3228 11
941 3162 1123 3228 cretensibus]
1148 3161 1176 3212 ir
1195 3176 1291 3212 rasura
1309 3159 1340 3214 A.
1352 3159 1405 3230 112.

200 3235 315 3301 nimam]
340 3237 513 3294 ultimamque
532 3247 578 3299 pr.
600 3231 632 3282 A.
658 3235 777 3284 ultimam
802 3248 887 3295 usquo
908 3247 979 3285 corr.
996 3233 1034 3291 A,
1059 3232 1136 3284 Terr.
1160 3234 1280 3284 ultimam
1299 3249 1405 3300 quoque

204 3305 240 3357 ed
257 3321 361 3372 quoqne
379 3303 408 3353 itt
425 3309 532 3356 rmrul
548 3300 587 3354 D.
610 3304 728 3353 ultimum
747 3307 866 3354 ctborurn
886 3305 912 3354 el
930 3307 1010 3368 polus
1029 3300 1090 3370 1211
1107 3305 1263 3370 paenuriam
1283 3316 1353 3356 corr.
1371 3302 1404 3356 A.

201 3374 245 3433 ⁸³.
264 3378 310 3426 etti
327 3373 356 3427 F.
368 3373 382 3441 11
394 3376 575 3423 sustentarent
591 3387 637 3439 pr.
655 3374 686 3423 A.
710 3375 874 3424 suscitarunt
894 3371 922 3426 Ο.
946 3375 1165 3426 sustentaueruut
1183 3371 1215 3425 Γ.
1230 3371 1244 3438 11
1261 3373 1334 3440 quia]
1359 3375 1405 3436 qui

200 3447 227 3498 ei
243 3449 306 3509 quin
324 3442 436 3495 coniecit
451 3440 614 3494 Perizonius.
625 3438 676 3509 119.
694 3459 753 3494 eum
772 3446 863 3508 plures
882 3441 911 3495 F.
923 3442 937 3508 11
957 3437 997 3495 13.
1016 3443 1054 3509 in]
1074 3461 1110 3494 an
1128 3442 1160 3497 F.
1180 3441 1191 3509 ΙΙ
1212 3445 1404 3512 callugurgita·

202 3535 277 3569 orum
296 3513 319 3568 A
338 3520 364 3566 rt
380 3511 477 3564 litteris
493 3517 521 3580 gi
539 3512 569 3564 in
585 3527 683 3564 rutero
694 3511 731 3565 D.
750 3515 1016 3580 catlagurritanorum
1032 3511 1089 3566 cl'.
1107 3515 1177 3564 calla
1216 3514 1359 3566 titanorum
1369 3512 1404 3568 E.

200 3592 416 3639 abaturtrnorum
436 3582 464 3636 F.
478 3582 491 3651 1
508 3583 548 3636 14.
567 3597 765 3650 superegressus
777 3597 822 3650 pr.
840 3581 873 3633 A.
888 3581 900 3648 11
915 3589 957 3632 est
974 3597 1023 3636 ont.
1041 3581 1066 3635 Γ
1083 3588 1109 3634 et
1122 3598 1166 3650 pr.
1178 3529 1221 3636 ll.
1236 3581 1248 3650 11
1266 3581 1306 3636 15.
1325 3585 1405 3636 inter·

202 3661 281 3724 raptis
300 3658 388 3710 ertorii
408 3653 437 3709 C.
452 3654 465 3726 11
483 3652 522 3707 lb,
541 3657 593 3706 ute
612 3651 644 3705 F.
657 3653 670 3718 11
687 3651 728 3704 Π.
746 3654 855 3702 benibut
868 3650 925 3718 11111
939 3648 979 3705 19.
999 3655 1102 3704 alerent
1114 3651 1142 3706 F.
1154 3650 1222 3720 1120.
1241 3670 1275 3706 en
1288 3671 1404 3719 unquam

201 3745 254 3781 err.
272 3727 304 3781 A.
324 3743 357 3778 en
376 3741 454 3792 qrrem
475 3725 537 3779 GE.
559 3740 592 3775 en
611 3726 671 3787 quie
690 3738 805 3788 unquam
823 3720 861 3773 D.
878 3722 1006 3844 {patients
1031 3737 1080 3773 orn.
1098 3721 1135 3776 D·
1154 3723 1166 3792 11
1184 3721 1228 3775 at.
1252 3727 1404 3794 coniugium

195 3819 218 3852 .c
235 3803 376 3852 liberorum
395 3795 426 3849 F.
446 3801 588 3849 liberorum
606 3798 634 3846 ct
651 3796 793 3862 coniugum
812 3791 842 3845 Γ.
858 3793 871 3860 11
902 3790 927 3846 ³.
947 3793 1088 3861 libertatis]
1106 3793 1163 3848 titre
1180 3795 1255 3848 uncis
1274 3793 1351 3850 Torr.

257 3943 316 3994 lixi.
336 3939 360 3992 1.
378 3939 424 4006 qui
441 3935 577 3990 obridim
594 3933 706 3996 Metelli)
729 3935 768 3989 ct.
786 3937 846 3984 Liu.
865 3936 928 3999 epit.
946 3936 1004 3987 libr.
1023 3935 1117 3988 XCIX.
1136 3936 1206 3988 Flor.
1224 3935 1270 3992 111.
1290 3933 1314 3989 7.

256 4010 293 4063 ed
314 4009 431 4061 adimam
450 4008 601 4078 penuriam)
626 4007 741 4058 Dubium
765 4021 818 4056 non
842 4009 885 4056 est
909 4007 970 4071 quin
989 4007 1164 4072 archetypum
1183 4009 1321 4071 exemplar
1338 4009 1402 4058 olim

196 4084 336 4134 exhibuerit
353 4080 529 4148 suinumque.
552 4081 621 4130 adeo
640 4082 739 4128 utnon
757 4077 932 4140 improbabile
956 4077 991 4126 sit
1014 4078 1127 4128 lacunae
1152 4079 1364 4144 supplementum
1384 4095 1402 4128 e

195 4161 335 4206 :errectoro
353 4155 412 4203 libri
431 4152 575 4204 tiernensis
593 4150 758 4213 propositum
777 4144 812 4198 ad
824 4145 941 4198 ultimum
959 4162 1039 4215 usque
1049 4147 1197 4214 penuriam.
1234 4151 1309 4210 Quod
1329 4163 1401 4199 rece·

190 4229 297 4290 piseem,
315 4226 366 4274 nisi
380 4225 484 4275 Paridis
496 4222 688 4286 compendium,
706 4221 733 4269 iu
746 4233 798 4279 quo
811 4220 901 4268 omnia
912 4220 963 4269 hoe
976 4219 1035 4269 loeo
1045 4220 1144 4270 Valerii
1156 4223 1240 4271 uerba
1251 4219 1401 4274 seruantur,

189 4299 248 4348 illud
267 4311 319 4346 nou
339 4296 508 4362 agnosceret.
543 4293 598 4342 Res
622 4293 713 4340 munet
735 4291 845 4340 incerte
888 4290 995 4340 l’oterat
1018 4291 1088 4341 enim
1111 4291 1168 4342 fleri
1193 4293 1221 4341 ut
1244 4291 1402 4354 epitomator

190 4385 265 4418 unum
283 4368 335 4416 hoe
354 4367 464 4415 uerbum
482 4367 618 4425 tamquam
637 4376 831 4425 superuacuum
850 4361 990 4412 omitteret.

255 4435 280 4488 2
300 4437 338 4488 ct'.
358 4437 416 4487 lna.
436 4436 498 4498 epit.
517 4435 576 4486 libr.
595 4433 664 4484 bix.
684 4431 753 4484 Flor.
772 4433 805 4490 11,
826 4427 868 4481 18.
887 4433 954 4495 app.
973 4432 1049 4495 liisp.
1067 4426 1110 4483 96.
1130 4433 1208 4482 Oros.
1227 4431 1259 4486 V.
1278 4427 1303 4480 7.

254 4505 280 4560 3.
299 4508 338 4556 ct.
356 4506 422 4558 sau.
441 4507 504 4556 bist.
522 4506 557 4554 111
576 4519 620 4567 ep.
644 4504 727 4554 Prisc.
746 4503 770 4552 ll
789 4518 814 4566 p.
832 4498 893 4554 11011.
917 4503 974 4555 luu.
993 4503 1044 4553 snt.
1062 4502 1121 4558 XV,
1139 4497 1183 4553 93.
1209 4501 1287 4552 Oros.
1306 4499 1337 4556 V,
1356 4494 1401 4550 23.

255 4574 404 4630 &dicmur
423 4574 576 4642 [libertatis]
596 4588 673 4642 quom
690 4571 775 4624 ectu
790 4571 903 4639 pieriae)
926 4573 1029 4624 Nemini
1048 4571 1167 4636 prolecto
1186 4570 1335 4620 libertatem
1353 4585 1400 4634 po·

188 4652 272 4701 terant
289 4663 386 4713 parare
405 4647 530 4697 uindieoti
549 4647 592 4696 uel
604 4645 686 4709 puniti
700 4645 905 4714 Calagurritani,
924 4659 957 4694 ae
974 4644 1057 4694 multo
1075 4642 1155 4692 etiam
1169 4641 1255 4692 minus
1273 4640 1400 4693 maiorem

188 4723 334 4774 libertatem
352 4719 437 4785 puniti
455 4733 535 4786 quem
553 4716 666 4787 gloriam
685 4716 755 4767 uicti.
796 4715 960 4784 Argutmtur
980 4714 1061 4784 igitur
1084 4713 1191 4780 illepide
1213 4713 1257 4782 qui
1274 4713 1338 4779 poet
1359 4711 1400 4764 Pi·
