3409 5400
235 505 302 576 tlt
694 503 754 575 DE
776 501 995 574 INGRATIS.

195 669 225 736 4.
325 668 394 734 Sed
423 675 458 732 ut
485 666 530 734 ad
553 665 654 733 alium
683 677 942 736 consentaneum
968 664 1045 732 hnic
1073 666 1196 752 ingrati
1222 666 1325 734 anim
1350 675 1480 732 acirim.

237 774 471 863 transgrediar,
494 774 540 838 M.
558 773 671 838 Cicero
689 774 726 838 O.
742 774 908 859 Popilium
921 773 1113 847 Laenatem,
1136 772 1280 839 Picenae
1301 775 1460 860 regionis,

235 893 352 970 rogatu
376 882 421 948 M.
440 880 530 946 Caeli
553 902 620 946 non
635 882 762 945 minore
775 903 859 945 cura
874 903 973 966 quam
989 880 1175 966 eloquentia
1189 879 1343 954 defendit,
1367 903 1459 944 eum·

235 1010 297 1076 que
321 1011 426 1054 causa
448 987 627 1054 admodum
641 987 740 1052 dubia
764 987 983 1063 fluctuantem.
1006 987 1136 1052 saluum
1159 986 1203 1052 ad
1215 997 1354 1072 penates
1377 1009 1459 1051 suos

233 1097 368 1163 remisit.
405 1094 465 1159 Hic
482 1094 629 1180 Popilius
645 1106 772 1180 postea,
796 1117 858 1160 nec
873 1117 910 1158 re
925 1117 987 1160 nec
1002 1094 1104 1158 uerbo
1120 1115 1142 1158 a
1158 1094 1318 1160 Cicerone
1333 1092 1487 1168 besuae

229 1203 317 1267 ultro
334 1202 379 1267 M.
396 1201 573 1266 Antonium
589 1203 722 1288 rogauit
741 1214 775 1266 ut
796 1203 840 1266 ad
853 1201 943 1268 illum
958 1201 1176 1286 proscriptum
1193 1199 1458 1286 persequendum

235 1321 266 1373 et
281 1307 496 1395 iugulandum
512 1309 698 1382 mitteretur,
722 1311 957 1394 inpetratisque
977 1307 1179 1373 detestabilis
1194 1307 1367 1372 ministerii
1382 1329 1458 1392 par·

235 1417 320 1481 tibus
349 1415 471 1502 gaudio
501 1414 648 1480 exultans
678 1415 826 1480 Caietam
857 1415 1001 1480 cucurrit
1026 1426 1059 1478 et
1089 1415 1211 1487 uirum,
1244 1414 1336 1478 mitto
1368 1413 1458 1498 quod

234 1522 457 1608 amplissimae
474 1521 654 1608 dignitatis,
679 1531 764 1586 certe
780 1529 799 1597 †
819 1521 1002 1586 salubritati
1017 1520 1128 1585 studio
1141 1521 1342 1604 praestantis
1357 1519 1459 1582 officii

233 1630 384 1714 priuatim
409 1628 470 1692 sibi
492 1627 728 1702 uenerandum.
750 1627 899 1715 iugulum
922 1627 1080 1713 praebere
1102 1628 1214 1701 iussit,
1242 1649 1283 1692 ac
1307 1626 1457 1711 protinus
1469 1647 1498 1690 to

233 1747 333 1820 caput
355 1736 527 1798 Romanae
552 1733 756 1820 eloquentiae
780 1747 811 1798 et
833 1736 927 1820 pacis
951 1733 1171 1798 clarissimam
1202 1732 1369 1801 dexteram
1398 1752 1459 1816 per

234 1863 399 1905 summum
424 1851 455 1903 et
477 1861 629 1904 securum
652 1842 752 1904 otium
776 1842 974 1925 amputauit,
1006 1861 1111 1926 eaque
1134 1841 1266 1905 sarcina
1287 1851 1457 1925 tamquam

234 1947 353 2032 opimis
377 1944 491 2031 spoliis
516 1945 624 2010 alacer
647 1948 682 2010 in
705 1947 818 2012 urbem
841 1971 997 2012 reuersus
1020 1957 1080 2012 est.
1132 1946 1249 2032 Neque
1272 1947 1360 2012 enim
1383 1967 1458 2010 sce·

233 2051 352 2116 testum
380 2053 523 2138 portanti·
549 2073 633 2118 onus
665 2056 825 2118 succurrit
851 2055 930 2120 illud
959 2076 997 2120 se
1019 2064 1117 2139 caput
1146 2054 1248 2127 ferre,
1276 2052 1364 2138 qnod
1396 2073 1458 2137 pro

234 2159 338 2245 capite
363 2159 432 2224 eius
457 2160 623 2246 quondam
646 2173 867 2248 permaneret.
913 2159 1083 2226 Inualidae
1113 2160 1157 2224 ad
1185 2158 1250 2223 hec
1272 2168 1497 2226 monstrumte

237 2318 259 2371 l.
279 2319 332 2370 Sed
352 2322 380 2370 ut
398 2349 433 2360 —
452 2317 501 2386 (2.)
520 2323 703 2389 transgrediar
721 2337 770 2374 om.
787 2319 821 2374 Γ.
835 2319 931 2390 llltnlc]
954 2324 983 2371 ut
1000 2322 1043 2371 blc
1061 2317 1092 2371 F.
1107 2312 1158 2389 112
1177 2323 1197 2371 t.
1216 2320 1370 2383 pompilium
1382 2315 1418 2370 D.
1432 2312 1447 2402 ΙΙ

234 2389 360 2458 Picenae]
380 2389 443 2444 odd.
469 2394 488 2445 l.
507 2393 536 2442 Ρ.
561 2393 674 2456 picentia
692 2407 782 2460 murae
799 2391 831 2444 Α.
852 2392 864 2459 ΙΙ
884 2391 910 2446 5.
934 2392 1063 2457 Popilius]
1088 2407 1138 2442 ors.
1161 2387 1193 2442 Γ.
1216 2387 1458 2455 plotersano

233 2465 448 2528 prosequendum
467 2465 645 2529 proscriptum
663 2461 699 2516 Ε.
723 2467 900 2529 proscriptum
925 2466 1122 2514 sacramentnm
1147 2463 1361 2524 persequendum
1384 2458 1414 2512 F.
1431 2457 1446 2527 ΙΙ

234 2529 259 2586 7.
279 2535 444 2585 delectabilis
466 2531 557 2602 0118.
577 2537 696 2604 gaietam
715 2531 746 2588 F.
759 2535 875 2602 {inmitto
893 2529 1062 2586 DFI'Torr.
1075 2531 1089 2598 ΙΙ
1100 2531 1181 2599 quod]
1201 2547 1278 2597 quem
1297 2528 1328 2582 F.
1340 2527 1392 2599 119.
1411 2545 1456 2581 sa·

234 2604 360 2670 lubrilati]
384 2603 424 2655 sie
443 2619 489 2671 pr.
507 2604 539 2656 A.
565 2607 729 2656 salubritatis
755 2603 835 2657 CF?
858 2611 883 2657 et
905 2618 976 2657 corr.
998 2603 1032 2656 A.
1055 2604 1220 2654 salubritatis
1241 2604 1301 2653 eitra
1318 2604 1457 2654 auctorem

233 2673 332 2742 partim
351 2673 379 2725 ia
397 2689 455 2727 mer
477 2675 514 2727 'ne
527 2677 628 2743 partim
647 2675 675 2727 ia
693 2691 790 2730 rasura
802 2675 838 2729 D.
860 2678 955 2728 salutis
974 2678 1032 2728 elus
1051 2678 1187 2726 auctorem
1200 2671 1312 2727 ETerr.
1327 2673 1339 2739 ΙΙ
1354 2672 1455 2739 studio]

236 2742 298 2796 add.
318 2746 398 2797 etiam
416 2744 444 2797 D
475 2760 528 2799 orr.
541 2746 554 2813 ΙΙ
569 2746 608 2799 ll.
622 2748 810 2815 clarissimam]
826 2748 1061 2799 clementissimam
1073 2745 1108 2798 E.
1123 2746 1136 2811 ΙΙ
1150 2744 1299 2811 dexteram]
1313 2741 1456 2797 amors.

246 2814 259 2883 Η
275 2811 314 2868 13.
333 2816 415 2881 enirn]
433 2832 483 2868 om.
502 2815 534 2870 F.
552 2820 577 2869 ei
595 2818 630 2871 E.
651 2819 662 2886 Η
684 2816 725 2872 ld.
749 2821 865 2885 portanti
888 2834 956 2869 onus
979 2821 1109 2870 selestum
1133 2814 1193 2871 OE.
1215 2817 1361 2868 scelestum
1385 2830 1456 2868 onus

234 2888 349 2952 portanti
367 2884 431 2939 DF.
443 2886 456 2955 ΙΙ
470 2886 510 2941 15.
529 2892 643 2952 quodam
663 2889 691 2943 l'.

236 3032 264 3078 ut
287 3044 321 3079 ea
344 3030 453 3081 firmiter
477 3032 717 3097 complecteretur.)
766 3040 840 3095 Quae
870 3034 938 3083 ratio
962 3033 1105 3081 mutandae
1128 3032 1278 3093 scripturae
1306 3029 1381 3079 nulla
1403 3030 1456 3079 eet.

236 3102 361 3151 Similiter
380 3100 444 3150 Τιιο.
463 3102 497 3151 lll
518 3118 579 3154 ann.
597 3102 628 3155 ut
651 3106 783 3155 Latonam
802 3107 880 3155 oleae
897 3106 1021 3158 adnisam
1040 3104 1112 3159 dixit.
1130 3104 1158 3151 el
1176 3099 1323 3151 Columella
1340 3101 1374 3150 de
1393 3115 1415 3152 r.
1434 3116 1455 3149 r.

237 3173 268 3231 V,
288 3169 313 3229 4,
335 3169 346 3222 l
369 3173 436 3223 nites
456 3174 569 3223 adnixae
588 3178 783 3239 pedaminibus.
808 3178 846 3227 ct.
869 3178 921 3226 Ver
942 3170 1179 3232 .tlen1x.22tt.

305 3240 331 3293 4.
357 3244 396 3295 Cf.
415 3244 473 3296 Lin,
493 3245 554 3308 epit.
574 3246 631 3298 libr.
652 3249 733 3299 CXX.
758 3249 825 3299 Ptol.
845 3249 898 3297 Cle.
916 3192 960 3298 ld.
984 3246 1052 3308 App.
1072 3245 1122 3293 eiu.
1141 3244 1204 3300 llll.
1226 3238 1266 3294 lit.
1285 3258 1311 3305 p.
1330 3236 1394 3294 305.
1417 3242 1454 3293 Μ.

234 3314 328 3367 Senec.
348 3329 423 3365 snas.
441 3312 466 3367 li.
486 3318 519 3367 id.
539 3320 656 3371 centron.
675 3320 720 3377 ill,
743 3315 782 3372 lt.
807 3320 838 3370 L.
857 3318 953 3369 Senec.
971 3319 1005 3365 de
1024 3319 1109 3381 tranq.
1128 3316 1208 3367 enlm.
1235 3308 1275 3365 15.
1298 3314 1357 3365 Dio.
1375 3315 1455 3362 Cass.

234 3386 341 3444 xnvu.
362 3383 402 3437 tt.
422 3403 447 3450 p.
466 3380 519 3439 333
537 3390 566 3439 n.
586 3406 611 3453 p.
630 3386 683 3441 tlte
701 3392 784 3442 norm.
1349 3380 1353 3386 ’

304 3461 374 3508 certe
392 3460 409 3521 †
427 3454 579 3509 salubritati
589 3457 682 3511 studio
700 3458 865 3528 praestratis
881 3457 985 3526 officie).
1013 3457 1158 3507 Manifesto
1182 3456 1296 3520 apparet
1313 3456 1455 3520 archetypi

234 3528 291 3580 libri
311 3544 371 3579 cem
391 3530 549 3593 scripturam
569 3532 662 3591 tuisse,
682 3548 760 3597 quam
774 3546 857 3596 supra
875 3547 935 3580 cum
947 3529 1035 3581 mendi
1054 3529 1117 3577 nota
1125 3529 1214 3591 posui.
1253 3527 1328 3576 Vnde
1346 3526 1455 3575 ninnium

232 3602 359 3662 errantum
374 3602 513 3651 discedunt
524 3604 628 3667 priores
647 3604 777 3655 editiones
788 3603 1019 3663 recentiorumque
1030 3598 1265 3666 grammaticorum
1277 3598 1455 3649 coniecturae.

234 3672 301 3722 Nam
321 3686 380 3721 cnm
399 3674 481 3739 trulgo
500 3675 634 3741 legeretur
652 3679 721 3725 certe
740 3672 834 3725 rotatis
851 3672 908 3723 eius
925 3677 1071 3724 uectorem.
1093 3666 1181 3719 studio
1199 3667 1278 3719 ebear
1291 3668 1457 3734 muniatis

232 3740 325 3809 officii.
347 3743 500 3793 Perizonius
520 3746 607 3795 deleto
626 3743 713 3799 etium
734 3747 803 3811 quod
822 3745 918 3794 aberat
935 3760 954 3792 a
970 3744 1062 3792 codice
1080 3755 1139 3797 sne,
1159 3742 1206 3789 ant
1217 3740 1354 3810 uolgatam
1371 3740 1457 3802 scrip·

232 3816 320 3861 turum
339 3812 505 3863 retinendam
529 3818 575 3864 aut
601 3816 744 3884 legendum
767 3812 884 3866 studiose
904 3826 958 3879 pro
980 3810 1061 3863 tontis
1082 3808 1181 3878 effim's'a
1202 3807 1346 3860 iudicabat.
1389 3810 1456 3861 Ter·

234 3883 323 3931 renins
343 3883 452 3944 propius
471 3885 604 3934 accedens
624 3886 659 3935 sd
677 3887 816 3949 archetypi
842 3886 1023 3935 testimonium
1046 3886 1117 3933 cette
1138 3877 1256 3933 eastris
1277 3877 1346 3931 arm
1367 3876 1457 3931 studio

235 3956 260 4001 et
271 3950 436 4017 praestantis
454 3950 545 4017 officii.
580 3955 678 4017 Liquet
696 3960 783 4005 eutem
805 3956 939 4005 Valerium
957 3956 1026 4004 baec
1045 3954 1155 4010 dixisse.
1176 3953 1331 4002 Ciceronem
1349 3951 1455 4015 Popilio

233 4022 341 4085 praeter
371 4021 527 4087 dignitatem
557 4026 658 4075 eunctis
688 4027 855 4077 notissimam
878 4026 1003 4088 priuatim
1030 4038 1137 4086 quoque
1165 4024 1345 4073 uenerandum
1369 4023 1456 4073 tuisse

233 4092 343 4155 propter
362 4090 498 4141 salubrem
515 4093 588 4144 illam
607 4110 725 4159 operam.
745 4096 887 4161 aliqnando
899 4095 926 4143 in
942 4095 1038 4145 eximie
1051 4095 1216 4145 detensionis
1227 4094 1315 4143 officio
1328 4093 1455 4156 positam.

233 4162 326 4221 ltaque
350 4161 489 4224 scrlpserit
510 4165 641 4224 sortasse,
667 4168 888 4231 quemadmodum
911 4165 1060 4217 coniecisse
1084 4166 1162 4215 uideo
1187 4165 1231 4218 Fr.
1253 4164 1404 4213 Fabricium
1428 4166 1455 4214 in

233 4234 289 4284 uita
307 4232 442 4283 Ciceronis
467 4248 528 4285 ann.
551 4232 601 4293 tlt.
629 4242 699 4287 certe
721 4234 824 4287 salebri
846 4232 933 4287 stadio
955 4234 1117 4301 praestantis
1134 4233 1234 4303 officii,
1262 4236 1331 4285 adso
1357 4237 1386 4283 nt
1408 4250 1455 4285 ex·

233 4305 337 4368 punctis
357 4307 482 4368 quattuor
499 4304 594 4355 litteris
612 4308 639 4357 ln
657 4308 710 4358 flnc
728 4322 754 4360 ιι.
765 4304 919 4359 smodi-ilaei
934 4308 1163 4357 nibilmutandum
1177 4305 1220 4357 eit.
1257 4309 1331 4365 Quas
1349 4305 1455 4363 litteras

234 4378 307 4427 ortu
327 4378 390 4438 puto
409 4392 425 4426 e
444 4374 510 4434 tari.
536 4378 605 4441 quod
629 4379 655 4427 in
674 4381 783 4441 antiqno
807 4380 924 4441 quodam
942 4380 1009 4428 libro
1034 4378 1159 4443 syllabae
1182 4374 1227 4428 bri
1242 4378 1455 4441 superscriptum

234 4448 312 4496 tuterit
329 4448 363 4496 ad
382 4448 587 4515 significandum
602 4452 709 4499 uariam
729 4451 888 4514 scripturam
904 4447 1019 4499 solutari
1035 4464 1084 4512 pro
1105 4444 1217 4499 sdabri.
1252 4447 1454 4509 Saepenumero

233 4519 303 4567 enlm
327 4519 364 4567 ita
386 4518 572 4569 interlineares
597 4522 798 4571 emendationes
821 4523 848 4571 in
873 4521 1050 4571 describendo
1073 4534 1133 4568 cum
1156 4520 1225 4583 ipsis
1244 4518 1344 4568 Valerii
1361 4520 1454 4568 uerbis

233 4602 352 4639 conexae
370 4590 545 4659 singularium
564 4604 675 4654 prorsus
693 4592 848 4643 mendorum
868 4605 979 4642 cansam
998 4592 1185 4655 praebuerunt.
1222 4589 1261 4639 ct.
1280 4604 1350 4655 quae
1369 4591 1454 4639 adno-

233 4660 411 4781 Ἥρω,
431 4657 455 4723 l,
474 4656 491 4713 9
510 4664 543 4712 ad
563 4678 607 4716 nu.
625 4678 675 4729 pro
693 4668 746 4715 lum
761 4660 840 4732 pleno
858 4667 886 4713 et
904 4664 940 4722 V.
964 4658 994 4722 4,
1019 4666 1071 4713 ext.
1095 4656 1113 4710 5
1137 4662 1173 4709 ad
1197 4676 1242 4712 uu.
1259 4658 1376 4711 ιιὶῆηω
1400 4658 1454 4710 isra

231 4742 245 4781 8
338 4742 388 4782 m.
