3409 5400
634 424 717 497 no.
740 420 810 515 uu.
835 431 872 501 e.
899 436 929 515 r,
945 438 1024 507 raa
1047 452 1078 521 ι.
1102 441 1132 513 s.
1181 402 1189 417 ’
1421 455 1486 527 aar

261 583 342 651 Tum
366 586 487 653 Milesii
511 610 677 657 consensa
702 592 828 661 Thaleti
852 622 1001 667 mensam
1027 603 1192 675 dederunt.
1239 612 1294 677 lite
1323 620 1423 683 cessit
1444 640 1486 685 ea

259 690 378 769 Bianti,
402 694 481 761 Bias
507 697 648 773 Pittaco,
672 701 700 763 is
724 700 875 785 protinus
904 708 974 781 atii.
1004 710 1224 803 deincepsque
1252 738 1310 803 per
1339 726 1484 793 omnium

259 810 385 884 septem
407 804 605 887 sapientiem
629 807 741 873 orbem
765 811 807 874 ad
832 812 977 879 uhhaum
1002 817 1045 881 ad
1067 818 1224 887 Solonem
1247 808 1411 909 peruenit,⁸
1429 833 1484 917 qui

258 916 290 969 et
314 906 438 972 titutum
463 910 686 995 amplissimae
710 917 902 1000 prudentiae
926 932 957 985 et
980 927 1161 1008 praemium
1186 928 1227 993 ad
1250 930 1359 1017 ipsum
1381 934 1482 1027 Apol·

226 1012 356 1078 eliaam
379 1016 549 1083 transtulit.

346 1120 451 1207 :itque
475 1134 510 1186 ui
534 1122 745 1214 Theopompo
770 1152 918 1219 quoque,
947 1136 1185 1220 Spartanorum
1214 1146 1300 1232 regi,
1329 1146 1521 1215 modern-8.

257 1230 352 1293 tionis
384 1231 826 1311 testimoniamreddamus,
855 1242 937 1325 iqui]
966 1264 1038 1305 curn
1069 1247 1193 1329 primus
1224 1252 1419 1318 instituisset
1445 1267 1480 1320 ut
1517 1282 1521 1287 ’

255 1334 379 1419 Ephori
402 1336 653 1403 Lacedaemone
678 1355 876 1417 crearentur,
900 1348 945 1409 ita
968 1349 1095 1414 thiarae
1119 1356 1230 1441 regiae
1248 1337 1478 1447 potestati'op·

219 1540 226 1547 .
255 1443 366 1525 positi,
397 1445 672 1529 quemadmodum
705 1450 832 1515 Romae
861 1454 1026 1518 consulari
1060 1459 1196 1543 imperio
1225 1444 1343 1529 tribuni
1370 1466 1478 1551 plebis

762 1591 974 1607 *an—nn*

257 1656 279 1709 i.
298 1661 351 1708 tarn
370 1660 415 1709 iiie
434 1668 567 1709 consenso
587 1660 679 1713 iimteti
693 1676 737 1730 pr.
751 1659 783 1716 ,1.
803 1669 858 1715 tum
876 1666 914 1719 iiii
934 1682 1067 1719 corraensa
1087 1675 1180 1723 thaleti
1199 1688 1268 1730 enrr.
1287 1674 1318 1731 A.
1336 1678 1384 1729 tibi
1398 1679 1477 1733 miles

253 1732 278 1779 io
298 1731 390 1781 thaleti
409 1729 441 1784 B.
469 1732 530 1779 inne
554 1732 631 1781 mites
657 1736 681 1785 io
702 1736 793 1786 thnteti
811 1734 871 1793 (sed
887 1740 913 1787 io
932 1737 960 1790 s'rs
978 1748 1085 1796 raserat
1103 1740 1130 1793 C.
1149 1748 1205 1795 ium
1222 1749 1259 1797 iiii
1279 1751 1383 1801 antissio
1401 1753 1477 1807 toton

252 1797 285 1852 Ε.
315 1801 348 1851 At
367 1802 403 1854 iiii
429 1800 531 1853 milesio
551 1802 643 1853 intenti
661 1800 689 1855 F.
714 1808 767 1856 iam
788 1806 824 1857 itti
844 1810 983 1859 saehudeti
1002 1800 1039 1859 D.
1062 1817 1117 1863 turn
1137 1816 1173 1864 iiii
1194 1820 1327 1871 sathanan
1345 1816 1371 1873 Γ
1370 1855 1377 1871 ·
1388 1820 1403 1887 Η
1414 1812 1478 1875 huni

252 1869 410 1928 DEI'Per.
430 1878 455 1924 et
472 1886 541 1923 corr.
563 1871 620 1930 Aa
642 1872 718 1927 Terr.
745 1874 801 1927 i'r'd.
823 1874 861 1927 ed
876 1875 943 1934 1111.
967 1877 990 1933 1,
1013 1877 1100 1949 iiii.
1123 1887 1203 1935 aienti
1224 1902 1267 1954 pr.
1292 1887 1358 1941 AD.
1381 1895 1475 1945 nitenti

252 1942 284 1995 Β,
296 1944 309 2011 Η
321 1945 396 2013 isias]
417 1948 439 1996 is
459 1939 525 1994 Dr.
538 1943 551 2010 ii
563 1938 587 1994 3.
607 1947 757 2009 eripientem
776 1946 807 1999 F.
829 1948 841 2019 Η
860 1946 885 2000 ⁴1.
909 1952 1076 2019 prudentiae]
1102 1957 1251 2020 sapientiae
1272 1957 1349 2011 Torr.
1365 1960 1380 2030 ΙΙ
1396 1978 1473 2027 proe-

252 2015 332 2065 minm
350 2013 382 2069 A,
398 2014 412 2082 11
424 2014 449 2067 ii.
469 2013 554 2075 Atque
574 2044 607 2053 -
627 2014 676 2081 ii.)
696 2020 839 2071 reddamus
863 2022 919 2087 qni]
945 2022 1136 2089 Theopompus
1159 2026 1352 2091 Spartanorum
1375 2048 1423 2085 rex
1440 2030 1473 2087 Γ.

262 2085 275 2151 tt
288 2081 311 2137 7.
331 2089 375 2149 qni
394 2102 442 2141 om.
462 2082 569 2136 FTorr.
581 2084 595 2151 ii
607 2086 631 2137 8.
643 2088 824 2141 iaeodemonie
842 2089 968 2143 BDFF.
983 2086 995 2161 ΙΙ
1016 2096 1142 2146 darentur
1159 2096 1191 2149 F.
1204 2098 1276 2166 iiiia]
1301 2099 1363 2152 adt.
1382 2106 1472 2155 sutem

250 2152 281 2275 s.
293 2154 306 2221 11
319 2158 394 2279 surg
408 2152 504 2295 pingi.
524 2156 603 2276 intimi
622 2155 741 2211 BCEF.
761 2162 853 2224 ephori
872 2159 940 2214 DF.
957 2164 970 2229 ΙΙ
987 2168 1124 2233 potestati]
1150 2166 1213 2219 add.
1232 2175 1294 2221 suni
1310 2170 1342 2223 Γ.
1354 2171 1368 2239 ΙΙ
1383 2170 1409 2224 ii.
1427 2175 1471 2225 iri·

269 2228 416 2293 unipeis
449 2235 482 2279 tr.
500 2242 526 2289 p.
569 2263 577 2277 .

755 2322 968 2335 ———

322 2384 387 2439 thar
405 2384 517 2447 mttere)
541 2386 655 2437 b'aeiiins
676 2389 779 2452 «pridem
801 2394 902 2443 nutriris
920 2395 1066 2445 tiernensis
1089 2399 1249 2459 scripturam
1274 2404 1326 2450 tarn
1350 2398 1395 2453 tta
1411 2414 1471 2453 eoa·

246 2472 330 2516 serrso.
351 2460 427 2509 unico
446 2462 555 2515 certam,
576 2474 634 2505 earn
648 2460 807 2523 reliquorum
828 2462 1009 2514 testimonium
1023 2465 1101 2515 rraide
1118 2466 1301 2529 perturbatum
1321 2471 1363 2529 sit.
1382 2484 1470 2523 omen·

248 2530 321 2579 darrit
339 2535 475 2580 eorreetor
493 2531 552 2579 uias
570 2530 641 2584 libri.
662 2530 827 2581 substituens
846 2530 888 2582 itta·
906 2546 1044 2586 eonem:
1070 2538 1118 2584 sed
1142 2540 1267 2599 qnoniam
1290 2541 1377 2591 minua
1400 2544 1470 2595 bime

248 2602 280 2649 od
305 2601 394 2665 popuii
421 2599 579 2657 aoeabnhun
602 2599 716 2649 refertur
739 2598 792 2654 itti.
819 2602 942 2667 idemque
967 2620 1112 2667 pronomen
1138 2611 1226 2659 statim
1252 2613 1383 2676 seqnitur,
1413 2628 1469 2664 ere·

247 2672 352 2722 dibiiius
374 2674 417 2722 esi
436 2672 570 2724 Valeriam
596 2672 740 2734 scripsisse
760 2672 932 2729 't'vulhest
952 2676 1147 2734 CONSthSi'.
1173 2682 1288 2732 undeet
1310 2683 1469 2747 roiiquorum

246 2743 378 2802 codicum,
404 2747 447 2810 qui
471 2746 497 2795 tn
516 2743 602 2794 sitem
628 2743 728 2792 inmitia
751 2747 826 2800 sunt.
851 2745 1027 2808 probabititcr
1050 2749 1216 2811 explicantur
1238 2753 1418 2816 eorrupieise,
1440 2760 1468 2806 ia

245 2815 341 2876 ortibus
352 2818 475 2867 omnihus
491 2817 556 2866 miro
567 2829 631 2866 ease
643 2815 717 2864 aneis
733 2826 858 2866 certarnen
874 2817 1126 2880 (irremissum)
1143 2823 1247 2883 prioris
1261 2824 1331 2874 deso
1342 2825 1468 2888 syihbos

162 2895 169 2912 ·
245 2887 406 2939 interierunt.

317 2951 342 3008 8.
360 2957 399 3009 Ci'.
419 2952 485 3010 rtur.
505 2955 623 3024 Lyeurg.
644 2949 665 3004 7.

317 3027 384 3094 [qai]
404 3043 460 3078 curn
474 3027 587 3096 prunus)
605 3029 635 3077 in
655 3043 687 3076 ea
706 3031 834 3078 transitus
854 3031 955 3097 tigata,
980 3047 1048 3097 qnae
1075 3032 1104 3079 m
1121 3047 1170 3094 per
1188 3036 1263 3099 atque
1285 3037 1330 3092 (et,
1349 3039 1387 3089 et,
1407 3033 1463 3092 aad,

245 3103 347 3156 etiarm)
362 3103 391 3149 st
410 3101 538 3161 sentiente
557 3100 688 3148 referendi
713 3101 825 3162 quodam
847 3107 892 3148 ant
911 3103 1066 3152 transeundi
1085 3105 1182 3156 aerbo.
1201 3103 1309 3154 Vsterio
1326 3105 1466 3169 inprimis

247 3167 414 3230 frequentata
432 3172 476 3231 (ef.
497 3169 516 3224 1,
537 3165 562 3222 ii.
582 3164 607 3219 2.
633 3169 664 3224 n.
684 3165 708 3222 i.
728 3165 753 3218 ii.
779 3166 811 3220 11.
831 3167 857 3224 t,
877 3169 902 3221 ii.
928 3173 972 3227 iti.
994 3171 1017 3226 i.
1037 3169 1128 3224 exii.
1151 3173 1195 3228 m.
1215 3171 1241 3231 2.
1260 3175 1313 3226 exi.
1326 3169 1352 3225 8.
1374 3167 1464 3237 1114,

246 3243 298 3288 sat.
320 3238 342 3290 i.
368 3239 423 3296 1111,
445 3236 466 3294 i.
488 3233 511 3288 1.
537 3237 593 3294 1111,
613 3234 638 3294 5,
663 3235 683 3288 1.
708 3240 738 3292 V.
763 3237 783 3296 i.
804 3237 828 3290 2.
854 3241 885 3298 V,
905 3235 931 3298 3.
950 3240 977 3292 1.
1001 3245 1045 3297 11.
1068 3241 1089 3299 i.
1112 3237 1153 3292 13.
1178 3243 1221 3299 Vt.
1243 3241 1265 3301 1,
1285 3247 1337 3293 est.
1358 3238 1382 3294 1.
1406 3243 1464 3304 vu,

247 3309 270 3364 1.
291 3315 343 3362 ert.
366 3307 375 3358 1
398 3311 468 3370 eta).
488 3319 586 3370 perse
606 3311 717 3371 npprnet
735 3311 920 3374 insequentem
939 3315 1117 3362 narrationem
1137 3326 1190 3362 non
1207 3320 1291 3375 posse
1316 3328 1334 3360 a
1351 3313 1465 3363 mindae

245 3383 279 3430 ad
299 3393 394 3430 nomen
414 3379 519 3439 aiiqnod
539 3379 706 3442 praemissae
726 3380 814 3427 tinatis
832 3384 981 3431 sententiae
1000 3385 1140 3432 referendo
1153 3384 1278 3446 incipere.
1298 3394 1350 3445 qao
1367 3391 1465 3446 manes

245 3453 320 3502 fleret
338 3450 438 3504 oratio.
458 3449 597 3498 deficiente
617 3450 721 3498 onminn
741 3449 867 3512 primario
886 3453 1034 3504 enunciata.
1076 3456 1243 3516 Quapropter
1270 3452 1379 3516 Lipsius
1404 3446 1463 3514 pro·

246 3523 368 3572 bentibus
394 3519 488 3569 Cniere
518 3535 550 3568 ae
574 3519 679 3568 Vorsiio
702 3521 727 3567 in
753 3523 976 3583 praecedentibus
1002 3521 1075 3588 stpsr'
1095 3537 1144 3584 pro
1168 3527 1245 3587 ntpsr
1269 3525 1299 3570 stt
1320 3516 1465 3588 legendnm

245 3595 345 3642 eerrset.
381 3590 434 3640 Sed
460 3591 541 3639 matio
562 3591 748 3640 uerisimilius
773 3593 816 3639 esi
841 3592 976 3640 ariiceisse
1000 3593 1139 3642 relatiuam
1162 3594 1224 3641 ants
1241 3600 1298 3640 eum
1316 3591 1463 3648 librarium.

245 3663 287 3728 qai
307 3661 473 3712 desideraret
491 3673 589 3710 nexnm
609 3662 676 3710 inter
693 3662 745 3709 has
764 3663 915 3712 sententiae
932 3663 1033 3726 paries.
1068 3662 1160 3724 itaque
1172 3665 1245 3711 reete
1262 3661 1392 3711 omissum
1405 3663 1465 3712 sitii

244 3735 268 3783 in
288 3733 420 3798 prioribus
439 3731 579 3795 exemptis.
617 3732 673 3780 Non
699 3731 793 3780 eodem
817 3733 874 3781 ture
897 3733 1064 3798 grammatici
1087 3732 1169 3794 panio
1191 3732 1254 3794 pest
1274 3729 1387 3782 aiterum
1405 3737 1463 3782 ests

244 3809 427 3868 expunxerunt
445 3805 471 3854 in
495 3804 551 3858 his.
577 3806 653 3867 atque
676 3798 716 3849 itii
740 3815 796 3850 eam
819 3816 888 3851 neor
911 3799 1034 3857 elisisset,
1061 3803 1131 3868 qrrnd
1154 3802 1273 3864 pluribus
1298 3803 1462 3866 interpositis

243 3877 349 3925 nurnine
368 3877 453 3939 repeti
471 3875 562 3938 potnit.
600 3873 767 3935 Quapropter
784 3871 835 3920 hoe
853 3875 987 3924 reuocant.

306 3944 421 4009 thiarae
432 3943 533 4008 repine)
549 3943 638 3994 Codex
652 3943 796 3992 tiernensis
807 3940 888 4002 sures
899 3944 1024 3996 exhibuit.
1043 3943 1152 3991 atterius
1165 3943 1273 4008 generis
1286 3941 1459 4008 archetypas,

244 4017 270 4066 nt
289 4017 391 4064 ntrtetnr
401 4013 475 4079 seri,
495 4017 564 4064 rrnrte
583 4013 852 4070 attorneiustamitta
871 4016 938 4063 satis
951 4015 1017 4062 mire
1034 4013 1124 4062 effecit
1142 4009 1241 4079 mitari.
1260 4013 1346 4062 attere
1354 4007 1458 4078 scitari.

243 4087 313 4150 qued
330 4086 411 4134 tacite
430 4087 586 4150 receperant
603 4088 708 4149 priores
727 4086 859 4142 editores.
885 4085 1020 4146 equidem.
1046 4097 1080 4132 ne
1099 4085 1184 4132 dicam
1206 4083 1240 4131 rte
1257 4084 1387 4152 inscienti
1399 4089 1460 4134 net·-

242 4159 334 4206 beram
354 4156 455 4212 ordine.
475 4169 533 4206 enm
552 4158 690 4221 participio
708 4153 858 4223 oppositum
869 4147 991 4224 coniungi
1009 4167 1091 4218 posse
1108 4165 1188 4220 nego.
1225 4154 1343 4203 coniciet
1361 4153 1459 4215 anquis

243 4227 410 4275 scribendam
430 4239 494 4276 esse
511 4225 551 4276 ita
562 4227 640 4293 seru:
659 4229 707 4276 sed
726 4228 784 4276 stne
803 4219 970 4274 dubto'roeie
981 4237 1077 4274 censor
1089 4223 1147 4272 iibri
1159 4223 1289 4272 Dauietint
1307 4223 1460 4274 emendanti

241 4293 355 4355 termae
393 4297 486 4362 Neque
505 4299 574 4348 enirn
592 4299 681 4345 tanus
698 4298 773 4363 regia
790 4298 914 4358 potestas
929 4309 963 4344 ss
980 4295 1040 4343 sota
1051 4288 1153 4352 dieitur,
1173 4305 1243 4360 qaae
1254 4293 1335 4342 antea
1351 4292 1459 4342 omuino

241 4379 294 4416 non
312 4369 379 4420 erat.
398 4369 447 4417 seri
466 4370 547 4418 stiam
566 4381 636 4428 quae
654 4367 744 4430 aitqua
767 4367 869 4415 ratione
887 4367 1026 4430 opponitur
1049 4364 1135 4413 eidem
1159 4364 1375 4426 praecedentium
1390 4364 1458 4410 ism

241 4447 334 4501 perum
353 4439 489 4500 potestati.
525 4439 612 4499 hique
630 4437 698 4487 bueo
717 4438 820 4502 quictem
840 4437 954 4486 narratio
972 4437 1029 4484 tota
1047 4435 1170 4486 uersatur
1181 4435 1209 4482 in
1221 4428 1372 4482 discrimino
1389 4433 1458 4500 inter

240 4508 357 4572 priorem
374 4510 480 4575 regiam
498 4508 656 4576 dignitatem
673 4511 702 4557 et
718 4503 917 4558 interfuturam
938 4505 1024 4560 itiam,
1048 4506 1176 4553 minorem
1200 4504 1305 4564 qnidam
1328 4501 1378 4551 seii
1401 4497 1457 4552 diu·

240 4577 395 4630 tarsierem.
432 4583 517 4640 Quam
535 4581 571 4628 ob
589 4590 699 4628 oausam
717 4592 751 4628 ne
774 4577 971 4640 phenennam,
995 4576 1067 4635 qrrod
1086 4572 1203 4623 aboadsi
1216 4570 1332 4637 yitturoe
1354 4577 1458 4644 anper

242 4659 274 4700 se
291 4650 361 4700 satis
379 4649 559 4718 intellegatur,
577 4659 741 4718 magnopore
759 4649 900 4700 suaserim
919 4645 1033 4702 Vsterio.
