<?xml version="1.0" encoding="UTF-8"?>
<!DOCTYPE html PUBLIC "-//W3C//DTD XHTML 1.0 Transitional//EN"
    "http://www.w3.org/TR/xhtml1/DTD/xhtml1-transitional.dtd">
<html xmlns="http://www.w3.org/1999/xhtml" xml:lang="en" lang="en">
 <head>
  <title>
</title>
<meta http-equiv="Content-Type" content="text/html;charset=utf-8" />
  <meta name='ocr-system' content='tesseract 3.04.00' />
  <meta name='ocr-capabilities' content='ocr_page ocr_carea ocr_par ocr_line ocrx_word'/>
</head>
<body>
  <div class='ocr_page' id='page_1' title='image "./valerimaximifac00parigoog_0769.png"; bbox 0 0 3409 5400; ppageno 0'>
   <div class='ocr_carea' id='block_1_1' title="bbox 722 1145 1152 1250">
    <p class='ocr_par' dir='ltr' id='par_1_1' title="bbox 722 1145 1152 1250">
     <span class='ocr_line' id='line_1_1' title="bbox 722 1145 1152 1250; baseline -0.007 0"><span class='ocrx_word' id='word_1_1' title='bbox 722 1145 1068 1250; x_wconf 84' lang='lat' dir='ltr'>EXCVRSVS</span> <span class='ocrx_word' id='word_1_2' title='bbox 1103 1145 1152 1248; x_wconf 91' lang='grc' dir='ltr'>Π</span> 
     </span>
    </p>
   </div>
   <div class='ocr_carea' id='block_1_2' title="bbox 754 1341 1118 1416">
    <p class='ocr_par' dir='ltr' id='par_1_2' title="bbox 754 1341 1118 1416">
     <span class='ocr_line' id='line_1_2' title="bbox 754 1341 1118 1416; baseline 0.003 -10"><span class='ocrx_word' id='word_1_3' title='bbox 754 1341 793 1406; x_wconf 85' lang='lat' dir='ltr'>ad</span> <span class='ocrx_word' id='word_1_4' title='bbox 827 1341 902 1408; x_wconf 83' lang='lat' dir='ltr'>Vel.</span> <span class='ocrx_word' id='word_1_5' title='bbox 933 1341 991 1416; x_wconf 85' lang='lat' dir='ltr'>Vl,</span> <span class='ocrx_word' id='word_1_6' title='bbox 1026 1342 1063 1416; x_wconf 80' lang='lat'>3,</span> <span class='ocrx_word' id='word_1_7' title='bbox 1086 1343 1118 1407; x_wconf 73' lang='lat'>2.</span> 
     </span>
    </p>
   </div>
   <div class='ocr_carea' id='block_1_3' title="bbox 859 1503 1018 1510">
    <p class='ocr_par' dir='ltr' id='par_1_3' title="bbox 859 1503 1018 1510">
     <span class='ocr_line' id='line_1_3' title="bbox 859 1503 1018 1510; baseline 0 0"><span class='ocrx_word' id='word_1_8' title='bbox 859 1503 1018 1510; x_wconf 76' lang='lat'>-—---—-</span> 
     </span>
    </p>
   </div>
   <div class='ocr_carea' id='block_1_4' title="bbox 315 1613 1570 4597">
    <p class='ocr_par' dir='ltr' id='par_1_4' title="bbox 326 1613 1567 2681">
     <span class='ocr_line' id='line_1_4' title="bbox 326 1613 1567 1729; baseline -0.002 -17"><span class='ocrx_word' id='word_1_9' title='bbox 326 1613 371 1712; x_wconf 82' lang='lat' dir='ltr'>Io</span> <span class='ocrx_word' id='word_1_10' title='bbox 406 1643 532 1710; x_wconf 87' lang='lat' dir='ltr'>Valerii</span> <span class='ocrx_word' id='word_1_11' title='bbox 566 1645 623 1719; x_wconf 89' lang='lat' dir='ltr'>Vl,</span> <span class='ocrx_word' id='word_1_12' title='bbox 653 1646 692 1718; x_wconf 83' lang='lat'>3,</span> <span class='ocrx_word' id='word_1_13' title='bbox 721 1645 741 1710; x_wconf 82' lang='lat'><strong>2</strong></span> <span class='ocrx_word' id='word_1_14' title='bbox 776 1643 859 1708; x_wconf 88' lang='lat' dir='ltr'>haec</span> <span class='ocrx_word' id='word_1_15' title='bbox 887 1643 1055 1729; x_wconf 83' lang='lat' dir='ltr'>leguntur:</span> <span class='ocrx_word' id='word_1_16' title='bbox 1093 1645 1131 1709; x_wconf 90' lang='lat' dir='ltr'>P.</span> <span class='ocrx_word' id='word_1_17' title='bbox 1159 1644 1286 1706; x_wconf 74' lang='lat' dir='ltr'>Matios</span> <span class='ocrx_word' id='word_1_18' title='bbox 1318 1645 1484 1710; x_wconf 69' lang='lat' dir='ltr'>tritum</span> <span class='ocrx_word' id='word_1_19' title='bbox 1506 1647 1567 1726; x_wconf 76' lang='lat' dir='ltr'>pk·</span> 
     </span>
     <span class='ocr_line' id='line_1_5' title="bbox 326 1749 1567 1832; baseline -0.004 -16"><span class='ocrx_word' id='word_1_20' title='bbox 326 1753 375 1816; x_wconf 77' lang='lat' dir='ltr'>bit</span> <span class='ocrx_word' id='word_1_21' title='bbox 405 1787 448 1800; x_wconf 92' lang='lat'>-·</span> <span class='ocrx_word' id='word_1_22' title='bbox 477 1771 582 1815; x_wconf 74' lang='lat' dir='ltr'>mmet</span> <span class='ocrx_word' id='word_1_23' title='bbox 610 1753 742 1832; x_wconf 71' lang='lat' dir='ltr'>soleque</span> <span class='ocrx_word' id='word_1_24' title='bbox 765 1770 855 1824; x_wconf 81' lang='lat' dir='ltr'>eaor,</span> <span class='ocrx_word' id='word_1_25' title='bbox 891 1753 945 1831; x_wconf 78' lang='lat' dir='ltr'>qui</span> <span class='ocrx_word' id='word_1_26' title='bbox 975 1751 1052 1814; x_wconf 77' lang='lat' dir='ltr'>dece</span> <span class='ocrx_word' id='word_1_27' title='bbox 1081 1749 1137 1830; x_wconf 83' lang='lat' dir='ltr'>Sp.</span> <span class='ocrx_word' id='word_1_28' title='bbox 1169 1749 1280 1812; x_wconf 65' lang='lat' dir='ltr'>&amp;reio</span> <span class='ocrx_word' id='word_1_29' title='bbox 1307 1750 1347 1812; x_wconf 83' lang='lat' dir='ltr'>id</span> <span class='ocrx_word' id='word_1_30' title='bbox 1375 1758 1519 1832; x_wconf 62' lang='lat' dir='ltr'>qeroet</span> <span class='ocrx_word' id='word_1_31' title='bbox 1539 1759 1567 1811; x_wconf 76' lang='lat' dir='ltr'>at</span> 
     </span>
     <span class='ocr_line' id='line_1_6' title="bbox 326 1857 1565 1942; baseline -0.004 -21"><span class='ocrx_word' id='word_1_32' title='bbox 326 1859 498 1921; x_wconf 77' lang='lat' dir='ltr'>eommunis</span> <span class='ocrx_word' id='word_1_33' title='bbox 525 1857 653 1920; x_wconf 77' lang='lat' dir='ltr'>libertae</span> <span class='ocrx_word' id='word_1_34' title='bbox 682 1857 715 1920; x_wconf 83' lang='lat' dir='ltr'>in</span> <span class='ocrx_word' id='word_1_35' title='bbox 742 1857 870 1920; x_wconf 81' lang='lat' dir='ltr'>dubiem</span> <span class='ocrx_word' id='word_1_36' title='bbox 897 1862 1078 1928; x_wconf 71' lang='lat' dir='ltr'>reametur,</span> <span class='ocrx_word' id='word_1_37' title='bbox 1112 1857 1205 1918; x_wconf 78' lang='lat' dir='ltr'>uiuos</span> <span class='ocrx_word' id='word_1_38' title='bbox 1226 1858 1400 1928; x_wconf 70' lang='grc' dir='ltr'>οναπιωὶί,</span> <span class='ocrx_word' id='word_1_39' title='bbox 1435 1879 1565 1942; x_wconf 73' lang='lat' dir='ltr'>quaes</span> 
     </span>
     <span class='ocr_line' id='line_1_7' title="bbox 327 1960 1563 2047; baseline 0 -23"><span class='ocrx_word' id='word_1_40' title='bbox 327 1960 496 2025; x_wconf 81' lang='lat' dir='ltr'><strong>codicibus</strong></span> <span class='ocrx_word' id='word_1_41' title='bbox 519 1961 652 2047; x_wconf 90' lang='lat' dir='ltr'>quidem</span> <span class='ocrx_word' id='word_1_42' title='bbox 676 1973 753 2024; x_wconf 87' lang='lat' dir='ltr'>sunt</span> <span class='ocrx_word' id='word_1_43' title='bbox 776 1965 976 2037; x_wconf 81' lang='lat' dir='ltr'>certissima,</span> <span class='ocrx_word' id='word_1_44' title='bbox 1004 1961 1100 2026; x_wconf 85' lang='lat' dir='ltr'>uelde</span> <span class='ocrx_word' id='word_1_45' title='bbox 1123 1962 1263 2034; x_wconf 82' lang='lat' dir='ltr'>ineerta,</span> <span class='ocrx_word' id='word_1_46' title='bbox 1291 1963 1320 2025; x_wconf 95' lang='lat' dir='ltr'>si</span> <span class='ocrx_word' id='word_1_47' title='bbox 1350 1962 1475 2046; x_wconf 82' lang='lat' dir='ltr'>ipsam</span> <span class='ocrx_word' id='word_1_48' title='bbox 1498 1985 1563 2024; x_wconf 68' lang='lat' dir='ltr'>ren</span> 
     </span>
     <span class='ocr_line' id='line_1_8' title="bbox 327 2067 1562 2153; baseline 0 -23"><span class='ocrx_word' id='word_1_49' title='bbox 327 2067 547 2153; x_wconf 85' lang='lat' dir='ltr'>spectaueris,</span> <span class='ocrx_word' id='word_1_50' title='bbox 582 2088 768 2151; x_wconf 89' lang='lat' dir='ltr'>nouumque</span> <span class='ocrx_word' id='word_1_51' title='bbox 793 2067 1024 2134; x_wconf 78' lang='lat' dir='ltr'><strong>documentum</strong></span> <span class='ocrx_word' id='word_1_52' title='bbox 1057 2067 1216 2152; x_wconf 78' lang='lat' dir='ltr'>praebent</span> <span class='ocrx_word' id='word_1_53' title='bbox 1246 2089 1347 2153; x_wconf 84' lang='lat' dir='ltr'>quem</span> <span class='ocrx_word' id='word_1_54' title='bbox 1381 2083 1492 2132; x_wconf 76' lang='lat' dir='ltr'>caute</span> <span class='ocrx_word' id='word_1_55' title='bbox 1527 2071 1562 2130; x_wconf 72' lang='lat' dir='ltr'>is</span> 
     </span>
     <span class='ocr_line' id='line_1_9' title="bbox 327 2171 1559 2258; baseline 0 -22"><span class='ocrx_word' id='word_1_56' title='bbox 327 2171 408 2237; x_wconf 86' lang='lat' dir='ltr'>lidos</span> <span class='ocrx_word' id='word_1_57' title='bbox 432 2172 586 2238; x_wconf 88' lang='lat' dir='ltr'>habenda</span> <span class='ocrx_word' id='word_1_58' title='bbox 609 2175 661 2242; x_wconf 92' lang='lat' dir='ltr'>sit,</span> <span class='ocrx_word' id='word_1_59' title='bbox 685 2194 822 2256; x_wconf 85' lang='lat' dir='ltr'>quorum</span> <span class='ocrx_word' id='word_1_60' title='bbox 847 2197 932 2240; x_wconf 90' lang='lat' dir='ltr'>unus</span> <span class='ocrx_word' id='word_1_61' title='bbox 954 2175 1030 2238; x_wconf 79' lang='lat' dir='ltr'>fons</span> <span class='ocrx_word' id='word_1_62' title='bbox 1046 2175 1141 2238; x_wconf 90' lang='lat' dir='ltr'>nobis</span> <span class='ocrx_word' id='word_1_63' title='bbox 1157 2174 1212 2238; x_wconf 85' lang='lat' dir='ltr'>hio</span> <span class='ocrx_word' id='word_1_64' title='bbox 1239 2174 1382 2258; x_wconf 81' lang='lat' dir='ltr'>scriptor</span> <span class='ocrx_word' id='word_1_65' title='bbox 1409 2175 1559 2238; x_wconf 80' lang='lat' dir='ltr'>extiterit</span> 
     </span>
     <span class='ocr_line' id='line_1_10' title="bbox 327 2278 1557 2366; baseline -0.002 -22"><span class='ocrx_word' id='word_1_66' title='bbox 327 2279 507 2344; x_wconf 77' lang='lat' dir='ltr'>Mirabatur</span> <span class='ocrx_word' id='word_1_67' title='bbox 529 2279 594 2344; x_wconf 87' lang='lat' dir='ltr'>iam</span> <span class='ocrx_word' id='word_1_68' title='bbox 619 2278 802 2342; x_wconf 78' lang='lat' dir='ltr'><strong>Glareanus</strong></span> <span class='ocrx_word' id='word_1_69' title='bbox 827 2280 914 2365; x_wconf 94' lang='lat' dir='ltr'>quod</span> <span class='ocrx_word' id='word_1_70' title='bbox 948 2301 1056 2365; x_wconf 90' lang='lat' dir='ltr'>neque</span> <span class='ocrx_word' id='word_1_71' title='bbox 1078 2279 1192 2344; x_wconf 88' lang='lat' dir='ltr'>Liuius</span> <span class='ocrx_word' id='word_1_72' title='bbox 1223 2299 1328 2365; x_wconf 88' lang='lat' dir='ltr'>neque</span> <span class='ocrx_word' id='word_1_73' title='bbox 1359 2279 1557 2366; x_wconf 65' lang='lat' dir='ltr'>Dionysus</span> 
     </span>
     <span class='ocr_line' id='line_1_11' title="bbox 326 2383 1554 2472; baseline -0.001 -23"><span class='ocrx_word' id='word_1_74' title='bbox 326 2406 401 2449; x_wconf 85' lang='lat' dir='ltr'>eum</span> <span class='ocrx_word' id='word_1_75' title='bbox 425 2385 535 2470; x_wconf 91' lang='lat' dir='ltr'>Spurii</span> <span class='ocrx_word' id='word_1_76' title='bbox 566 2384 673 2450; x_wconf 83' lang='lat' dir='ltr'>Cassii</span> <span class='ocrx_word' id='word_1_77' title='bbox 697 2383 867 2450; x_wconf 76' lang='lat' dir='ltr'><strong>historiam</strong></span> <span class='ocrx_word' id='word_1_78' title='bbox 892 2399 1101 2471; x_wconf 77' lang='lat' dir='ltr'>exponerent,</span> <span class='ocrx_word' id='word_1_79' title='bbox 1128 2406 1235 2471; x_wconf 88' lang='lat' dir='ltr'>neque</span> <span class='ocrx_word' id='word_1_80' title='bbox 1264 2384 1352 2454; x_wconf 81' lang='lat' dir='ltr'>alius</span> <span class='ocrx_word' id='word_1_81' title='bbox 1375 2389 1554 2472; x_wconf 73' lang='lat' dir='ltr'>quisquan</span> 
     </span>
     <span class='ocr_line' id='line_1_12' title="bbox 327 2491 1552 2577; baseline -0.002 -23"><span class='ocrx_word' id='word_1_82' title='bbox 327 2503 471 2555; x_wconf 86' lang='lat' dir='ltr'>ueterum</span> <span class='ocrx_word' id='word_1_83' title='bbox 510 2491 702 2575; x_wconf 82' lang='lat' dir='ltr'>scriptorum</span> <span class='ocrx_word' id='word_1_84' title='bbox 744 2505 809 2554; x_wconf 85' lang='lat' dir='ltr'>tam</span> <span class='ocrx_word' id='word_1_85' title='bbox 841 2492 1020 2577; x_wconf 78' lang='lat' dir='ltr'>singularis</span> <span class='ocrx_word' id='word_1_86' title='bbox 1055 2493 1132 2556; x_wconf 87' lang='lat' dir='ltr'>facti</span> <span class='ocrx_word' id='word_1_87' title='bbox 1171 2492 1373 2556; x_wconf 80' lang='lat' dir='ltr'>mentionem</span> <span class='ocrx_word' id='word_1_88' title='bbox 1411 2493 1552 2556; x_wconf 72' lang='lat' dir='ltr'>fecisset.</span> 
     </span>
     <span class='ocr_line' id='line_1_13' title="bbox 326 2593 1474 2681; baseline 0.002 -22"><span class='ocrx_word' id='word_1_89' title='bbox 326 2607 512 2681; x_wconf 85' lang='lat' dir='ltr'>quantaque</span> <span class='ocrx_word' id='word_1_90' title='bbox 538 2595 619 2660; x_wconf 85' lang='lat' dir='ltr'>lidos</span> <span class='ocrx_word' id='word_1_91' title='bbox 644 2595 718 2660; x_wconf 87' lang='lat' dir='ltr'>huie</span> <span class='ocrx_word' id='word_1_92' title='bbox 742 2599 921 2662; x_wconf 78' lang='lat' dir='ltr'>narrationi</span> <span class='ocrx_word' id='word_1_93' title='bbox 946 2597 1116 2662; x_wconf 77' lang='lat' dir='ltr'>deberetur</span> <span class='ocrx_word' id='word_1_94' title='bbox 1138 2595 1235 2661; x_wconf 88' lang='lat' dir='ltr'>ualde</span> <span class='ocrx_word' id='word_1_95' title='bbox 1258 2593 1474 2679; x_wconf 76' lang='lat' dir='ltr'>ambigebat</span> 
     </span>
    </p>

    <p class='ocr_par' dir='ltr' id='par_1_5' title="bbox 319 2700 1547 3949">
     <span class='ocr_line' id='line_1_14' title="bbox 414 2700 1547 2789; baseline 0 -24"><span class='ocrx_word' id='word_1_96' title='bbox 414 2700 555 2766; x_wconf 90' lang='lat' dir='ltr'>innotuit</span> <span class='ocrx_word' id='word_1_97' title='bbox 577 2724 663 2767; x_wconf 73' lang='lat' dir='ltr'>nureo</span> <span class='ocrx_word' id='word_1_98' title='bbox 687 2704 796 2769; x_wconf 81' lang='lat' dir='ltr'>Cassii</span> <span class='ocrx_word' id='word_1_99' title='bbox 824 2702 941 2768; x_wconf 90' lang='lat' dir='ltr'>Dionis</span> <span class='ocrx_word' id='word_1_100' title='bbox 968 2718 1153 2789; x_wconf 81' lang='lat' dir='ltr'>excerptum</span> <span class='ocrx_word' id='word_1_101' title='bbox 1177 2701 1395 2772; x_wconf 77' lang='lat' dir='ltr'>Vaticanum,</span> <span class='ocrx_word' id='word_1_102' title='bbox 1435 2703 1547 2766; x_wconf 84' lang='lat' dir='ltr'>editum</span> 
     </span>
     <span class='ocr_line' id='line_1_15' title="bbox 325 2806 1545 2895; baseline 0.002 -25"><span class='ocrx_word' id='word_1_103' title='bbox 325 2806 367 2887; x_wconf 73' lang='lat' dir='ltr'>ab</span> <span class='ocrx_word' id='word_1_104' title='bbox 398 2808 527 2894; x_wconf 79' lang='lat' dir='ltr'>Angelo</span> <span class='ocrx_word' id='word_1_105' title='bbox 561 2806 650 2871; x_wconf 89' lang='lat' dir='ltr'>Maio</span> <span class='ocrx_word' id='word_1_106' title='bbox 680 2809 713 2871; x_wconf 93' lang='lat' dir='ltr'>in</span> <span class='ocrx_word' id='word_1_107' title='bbox 741 2811 849 2895; x_wconf 84' lang='lat' dir='ltr'>script.</span> <span class='ocrx_word' id='word_1_108' title='bbox 883 2822 946 2875; x_wconf 88' lang='lat' dir='ltr'>uel.</span> <span class='ocrx_word' id='word_1_109' title='bbox 976 2834 1052 2876; x_wconf 88' lang='lat' dir='ltr'>nou.</span> <span class='ocrx_word' id='word_1_110' title='bbox 1085 2810 1159 2877; x_wconf 86' lang='lat' dir='ltr'>coll.</span> <span class='ocrx_word' id='word_1_111' title='bbox 1182 2809 1226 2884; x_wconf 91' lang='lat' dir='ltr'>ll,</span> <span class='ocrx_word' id='word_1_112' title='bbox 1262 2831 1295 2894; x_wconf 86' lang='lat' dir='ltr'>p.</span> <span class='ocrx_word' id='word_1_113' title='bbox 1321 2807 1408 2882; x_wconf 76' lang='lat'>152,</span> <span class='ocrx_word' id='word_1_114' title='bbox 1434 2811 1471 2872; x_wconf 91' lang='lat' dir='ltr'>in</span> <span class='ocrx_word' id='word_1_115' title='bbox 1490 2828 1545 2892; x_wconf 81' lang='lat' dir='ltr'>quo</span> 
     </span>
     <span class='ocr_line' id='line_1_16' title="bbox 325 2910 1543 3002; baseline 0.001 -30"><span class='ocrx_word' id='word_1_116' title='bbox 325 2910 440 2973; x_wconf 84' lang='lat' dir='ltr'>eadem</span> <span class='ocrx_word' id='word_1_117' title='bbox 463 2932 517 2973; x_wconf 86' lang='lat' dir='ltr'>ros</span> <span class='ocrx_word' id='word_1_118' title='bbox 541 2911 644 2974; x_wconf 86' lang='lat' dir='ltr'>obiter</span> <span class='ocrx_word' id='word_1_119' title='bbox 667 2914 810 2997; x_wconf 80' lang='lat' dir='ltr'>tangitur</span> <span class='ocrx_word' id='word_1_120' title='bbox 833 2929 865 2978; x_wconf 87' lang='lat' dir='ltr'>et</span> <span class='ocrx_word' id='word_1_121' title='bbox 880 2917 914 2979; x_wconf 92' lang='lat' dir='ltr'>in</span> <span class='ocrx_word' id='word_1_122' title='bbox 941 2919 1146 2981; x_wconf 72' lang='lat' dir='ltr'>contentione</span> <span class='ocrx_word' id='word_1_123' title='bbox 1163 2914 1373 3002; x_wconf 86' lang='lat' dir='ltr'>plebeiorum</span> <span class='ocrx_word' id='word_1_124' title='bbox 1389 2914 1543 2978; x_wconf 66' lang='lat' dir='ltr'>aduenas</span> 
     </span>
     <span class='ocr_line' id='line_1_17' title="bbox 325 3014 1542 3110; baseline 0.003 -33"><span class='ocrx_word' id='word_1_125' title='bbox 325 3014 479 3099; x_wconf 87' lang='lat' dir='ltr'>patricios</span> <span class='ocrx_word' id='word_1_126' title='bbox 514 3016 640 3100; x_wconf 85' lang='lat' dir='ltr'>patricii</span> <span class='ocrx_word' id='word_1_127' title='bbox 666 3016 772 3102; x_wconf 89' lang='lat' dir='ltr'>palam</span> <span class='ocrx_word' id='word_1_128' title='bbox 803 3023 936 3087; x_wconf 89' lang='lat' dir='ltr'>nonnisi</span> <span class='ocrx_word' id='word_1_129' title='bbox 965 3025 998 3087; x_wconf 93' lang='lat' dir='ltr'>in</span> <span class='ocrx_word' id='word_1_130' title='bbox 1026 3023 1142 3110; x_wconf 84' lang='lat' dir='ltr'>paneis</span> <span class='ocrx_word' id='word_1_131' title='bbox 1170 3022 1351 3092; x_wconf 77' lang='lat' dir='ltr'>restitisse,</span> <span class='ocrx_word' id='word_1_132' title='bbox 1383 3020 1476 3085; x_wconf 80' lang='lat' dir='ltr'>elam</span> <span class='ocrx_word' id='word_1_133' title='bbox 1497 3040 1542 3081; x_wconf 77' lang='lat' dir='ltr'>au·</span> 
     </span>
     <span class='ocr_line' id='line_1_18' title="bbox 325 3118 1540 3210; baseline 0.006 -27"><span class='ocrx_word' id='word_1_134' title='bbox 325 3118 523 3185; x_wconf 82' lang='lat' dir='ltr'>daoissimos</span> <span class='ocrx_word' id='word_1_135' title='bbox 548 3142 696 3208; x_wconf 91' lang='lat' dir='ltr'>quosque</span> <span class='ocrx_word' id='word_1_136' title='bbox 721 3144 760 3187; x_wconf 85' lang='lat' dir='ltr'>ex</span> <span class='ocrx_word' id='word_1_137' title='bbox 784 3124 985 3195; x_wconf 80' lang='lat' dir='ltr'>aduersariis</span> <span class='ocrx_word' id='word_1_138' title='bbox 1017 3129 1192 3195; x_wconf 79' lang='lat' dir='ltr'>sustulisse</span> <span class='ocrx_word' id='word_1_139' title='bbox 1226 3125 1418 3201; x_wconf 86' lang='lat' dir='ltr'>traduntur,</span> <span class='ocrx_word' id='word_1_140' title='bbox 1451 3146 1540 3210; x_wconf 74' lang='lat' dir='ltr'>neque</span> 
     </span>
     <span class='ocr_line' id='line_1_19' title="bbox 324 3224 1539 3318; baseline 0.003 -29"><span class='ocrx_word' id='word_1_141' title='bbox 324 3246 402 3289; x_wconf 91' lang='lat' dir='ltr'>uero</span> <span class='ocrx_word' id='word_1_142' title='bbox 425 3224 477 3291; x_wconf 89' lang='lat' dir='ltr'>his</span> <span class='ocrx_word' id='word_1_143' title='bbox 500 3226 630 3293; x_wconf 89' lang='lat' dir='ltr'>insidiis</span> <span class='ocrx_word' id='word_1_144' title='bbox 654 3226 800 3312; x_wconf 88' lang='lat' dir='ltr'>plebeios</span> <span class='ocrx_word' id='word_1_145' title='bbox 825 3254 901 3298; x_wconf 90' lang='lat' dir='ltr'>esse</span> <span class='ocrx_word' id='word_1_146' title='bbox 924 3238 1101 3310; x_wconf 86' lang='lat' dir='ltr'>coercitos,</span> <span class='ocrx_word' id='word_1_147' title='bbox 1123 3258 1163 3299; x_wconf 89' lang='lat' dir='ltr'>ao</span> <span class='ocrx_word' id='word_1_148' title='bbox 1187 3254 1228 3299; x_wconf 90' lang='lat' dir='ltr'>ne</span> <span class='ocrx_word' id='word_1_149' title='bbox 1251 3254 1292 3297; x_wconf 91' lang='lat' dir='ltr'>eo</span> <span class='ocrx_word' id='word_1_150' title='bbox 1308 3231 1454 3317; x_wconf 85' lang='lat' dir='ltr'>quidem</span> <span class='ocrx_word' id='word_1_151' title='bbox 1470 3230 1539 3318; x_wconf 86' lang='lat' dir='ltr'>quod</span> 
     </span>
     <span class='ocr_line' id='line_1_20' title="bbox 323 3330 1541 3426; baseline 0.007 -32"><span class='ocrx_word' id='word_1_152' title='bbox 323 3330 500 3418; x_wconf 85' lang='lat' dir='ltr'>aliquando</span> <span class='ocrx_word' id='word_1_153' title='bbox 536 3354 654 3398; x_wconf 88' lang='lat' dir='ltr'>nouem</span> <span class='ocrx_word' id='word_1_154' title='bbox 691 3336 810 3401; x_wconf 90' lang='lat' dir='ltr'>tribuni</span> <span class='ocrx_word' id='word_1_155' title='bbox 841 3359 862 3402; x_wconf 86' lang='lat' dir='ltr'>a</span> <span class='ocrx_word' id='word_1_156' title='bbox 890 3341 1011 3426; x_wconf 92' lang='lat' dir='ltr'>populo</span> <span class='ocrx_word' id='word_1_157' title='bbox 1046 3342 1180 3407; x_wconf 85' lang='lat' dir='ltr'>cremati</span> <span class='ocrx_word' id='word_1_158' title='bbox 1214 3350 1336 3405; x_wconf 77' lang='lat' dir='ltr'>esseut</span> <span class='ocrx_word' id='word_1_159' title='bbox 1400 3338 1499 3418; x_wconf 83' lang='lat' dir='ltr'>Quae</span> <span class='ocrx_word' id='word_1_160' title='bbox 1525 3360 1541 3397; x_wconf 79' lang='lat' dir='ltr'>a</span> 
     </span>
     <span class='ocr_line' id='line_1_21' title="bbox 323 3434 1542 3532; baseline 0.007 -35"><span class='ocrx_word' id='word_1_161' title='bbox 323 3434 429 3501; x_wconf 90' lang='lat' dir='ltr'>Dione</span> <span class='ocrx_word' id='word_1_162' title='bbox 461 3440 638 3524; x_wconf 87' lang='lat' dir='ltr'>exscripsit</span> <span class='ocrx_word' id='word_1_163' title='bbox 670 3440 817 3505; x_wconf 80' lang='lat' dir='ltr'>Zonaras</span> <span class='ocrx_word' id='word_1_164' title='bbox 854 3441 944 3520; x_wconf 75' lang='lat' dir='ltr'>vlt,</span> <span class='ocrx_word' id='word_1_165' title='bbox 981 3449 1033 3513; x_wconf 88' lang='grc'>17.</span> <span class='ocrx_word' id='word_1_166' title='bbox 1091 3446 1235 3532; x_wconf 87' lang='lat' dir='ltr'>Tempus</span> <span class='ocrx_word' id='word_1_167' title='bbox 1269 3442 1431 3529; x_wconf 83' lang='lat' dir='ltr'>supplicii</span> <span class='ocrx_word' id='word_1_168' title='bbox 1472 3446 1542 3509; x_wconf 70' lang='lat' dir='ltr'>illies</span> 
     </span>
     <span class='ocr_line' id='line_1_22' title="bbox 322 3542 1542 3638; baseline 0.007 -35"><span class='ocrx_word' id='word_1_169' title='bbox 322 3560 428 3627; x_wconf 89' lang='lat' dir='ltr'>neque</span> <span class='ocrx_word' id='word_1_170' title='bbox 452 3565 472 3607; x_wconf 87' lang='lat' dir='ltr'>a</span> <span class='ocrx_word' id='word_1_171' title='bbox 496 3542 601 3608; x_wconf 90' lang='lat' dir='ltr'>Dione</span> <span class='ocrx_word' id='word_1_172' title='bbox 626 3566 731 3632; x_wconf 87' lang='lat' dir='ltr'>neque</span> <span class='ocrx_word' id='word_1_173' title='bbox 755 3570 776 3610; x_wconf 84' lang='lat' dir='ltr'><strong>a</strong></span> <span class='ocrx_word' id='word_1_174' title='bbox 798 3548 1137 3619; x_wconf 86' lang='lat' dir='ltr'>Zonara‘aeeuratius</span> <span class='ocrx_word' id='word_1_175' title='bbox 1167 3553 1334 3624; x_wconf 86' lang='lat' dir='ltr'>delinitur,</span> <span class='ocrx_word' id='word_1_176' title='bbox 1363 3550 1436 3615; x_wconf 90' lang='lat' dir='ltr'>nisi</span> <span class='ocrx_word' id='word_1_177' title='bbox 1469 3548 1542 3638; x_wconf 89' lang='lat' dir='ltr'>quud</span> 
     </span>
     <span class='ocr_line' id='line_1_23' title="bbox 321 3647 1542 3744; baseline 0.009 -37"><span class='ocrx_word' id='word_1_178' title='bbox 321 3666 360 3709; x_wconf 86' lang='lat' dir='ltr'>ex</span> <span class='ocrx_word' id='word_1_179' title='bbox 383 3647 497 3711; x_wconf 89' lang='lat' dir='ltr'>ordine</span> <span class='ocrx_word' id='word_1_180' title='bbox 526 3671 632 3714; x_wconf 89' lang='lat' dir='ltr'>rerum</span> <span class='ocrx_word' id='word_1_181' title='bbox 658 3674 677 3715; x_wconf 89' lang='lat' dir='ltr'>n</span> <span class='ocrx_word' id='word_1_182' title='bbox 706 3652 834 3718; x_wconf 84' lang='lat' dir='ltr'>Zonara</span> <span class='ocrx_word' id='word_1_183' title='bbox 863 3660 1083 3743; x_wconf 84' lang='lat' dir='ltr'>expositarum</span> <span class='ocrx_word' id='word_1_184' title='bbox 1111 3663 1181 3728; x_wconf 83' lang='lat' dir='ltr'>fere</span> <span class='ocrx_word' id='word_1_185' title='bbox 1209 3658 1375 3744; x_wconf 78' lang='lat' dir='ltr'>colligitur</span> <span class='ocrx_word' id='word_1_186' title='bbox 1405 3656 1442 3721; x_wconf 92' lang='lat' dir='ltr'>id</span> <span class='ocrx_word' id='word_1_187' title='bbox 1479 3656 1542 3743; x_wconf 86' lang='lat' dir='ltr'>poni</span> 
     </span>
     <span class='ocr_line' id='line_1_24' title="bbox 320 3752 1542 3833; baseline 0.011 -21"><span class='ocrx_word' id='word_1_188' title='bbox 320 3752 404 3815; x_wconf 86' lang='lat' dir='ltr'>intra</span> <span class='ocrx_word' id='word_1_189' title='bbox 428 3774 549 3819; x_wconf 90' lang='lat' dir='ltr'>annum</span> <span class='ocrx_word' id='word_1_190' title='bbox 573 3757 637 3822; x_wconf 81' lang='grc'>284</span> <span class='ocrx_word' id='word_1_191' title='bbox 663 3771 694 3820; x_wconf 86' lang='lat' dir='ltr'>et</span> <span class='ocrx_word' id='word_1_192' title='bbox 717 3780 839 3823; x_wconf 88' lang='lat' dir='ltr'>annum</span> <span class='ocrx_word' id='word_1_193' title='bbox 869 3762 934 3827; x_wconf 80' lang='lat'>296</span> <span class='ocrx_word' id='word_1_194' title='bbox 959 3788 988 3830; x_wconf 85' lang='lat' dir='ltr'>a.</span> <span class='ocrx_word' id='word_1_195' title='bbox 1013 3788 1044 3829; x_wconf 93' lang='lat' dir='ltr'>u.</span> <span class='ocrx_word' id='word_1_196' title='bbox 1068 3790 1095 3833; x_wconf 88' lang='lat' dir='ltr'>c.</span> <span class='ocrx_word' id='word_1_197' title='bbox 1155 3764 1224 3831; x_wconf 90' lang='lat' dir='ltr'>Sed</span> <span class='ocrx_word' id='word_1_198' title='bbox 1251 3764 1403 3828; x_wconf 79' lang='lat' dir='ltr'>Zonaras</span> <span class='ocrx_word' id='word_1_199' title='bbox 1434 3766 1472 3829; x_wconf 91' lang='lat' dir='ltr'>in</span> <span class='ocrx_word' id='word_1_200' title='bbox 1499 3764 1542 3827; x_wconf 84' lang='lat' dir='ltr'>bis</span> 
     </span>
     <span class='ocr_line' id='line_1_25' title="bbox 319 3857 1126 3949; baseline 0.024 -32"><span class='ocrx_word' id='word_1_201' title='bbox 319 3857 452 3921; x_wconf 91' lang='lat' dir='ltr'>omnino</span> <span class='ocrx_word' id='word_1_202' title='bbox 477 3871 657 3946; x_wconf 85' lang='lat' dir='ltr'>temporum</span> <span class='ocrx_word' id='word_1_203' title='bbox 682 3884 797 3949; x_wconf 89' lang='lat' dir='ltr'>parurn</span> <span class='ocrx_word' id='word_1_204' title='bbox 821 3869 981 3933; x_wconf 89' lang='lat' dir='ltr'>rationem</span> <span class='ocrx_word' id='word_1_205' title='bbox 1004 3870 1126 3936; x_wconf 85' lang='lat' dir='ltr'>habuit.</span> 
     </span>
    </p>

    <p class='ocr_par' dir='ltr' id='par_1_6' title="bbox 315 3962 1570 4597">
     <span class='ocr_line' id='line_1_26' title="bbox 408 3962 1570 4064; baseline 0.013 -41"><span class='ocrx_word' id='word_1_206' title='bbox 408 3962 536 4040; x_wconf 77' lang='lat' dir='ltr'>Quibus</span> <span class='ocrx_word' id='word_1_207' title='bbox 567 3968 718 4051; x_wconf 82' lang='lat' dir='ltr'>quamuis</span> <span class='ocrx_word' id='word_1_208' title='bbox 754 3991 878 4059; x_wconf 86' lang='lat' dir='ltr'>magna</span> <span class='ocrx_word' id='word_1_209' title='bbox 908 3996 947 4039; x_wconf 88' lang='lat' dir='ltr'>ex</span> <span class='ocrx_word' id='word_1_210' title='bbox 974 3991 1067 4064; x_wconf 88' lang='lat' dir='ltr'>parte</span> <span class='ocrx_word' id='word_1_211' title='bbox 1097 4000 1137 4043; x_wconf 87' lang='lat' dir='ltr'>ea</span> <span class='ocrx_word' id='word_1_212' title='bbox 1173 3976 1360 4043; x_wconf 85' lang='lat' dir='ltr'>confirmari</span> <span class='ocrx_word' id='word_1_213' title='bbox 1387 3976 1570 4054; x_wconf 51' lang='lat' dir='ltr'>uidentur„</span> 
     </span>
     <span class='ocr_line' id='line_1_27' title="bbox 318 4070 1569 4180; baseline 0.017 -53"><span class='ocrx_word' id='word_1_214' title='bbox 318 4085 403 4149; x_wconf 90' lang='lat' dir='ltr'>quae</span> <span class='ocrx_word' id='word_1_215' title='bbox 427 4086 529 4154; x_wconf 81' lang='lat' dir='ltr'>supra</span> <span class='ocrx_word' id='word_1_216' title='bbox 553 4092 570 4133; x_wconf 89' lang='lat' dir='ltr'>e</span> <span class='ocrx_word' id='word_1_217' title='bbox 595 4070 728 4138; x_wconf 84' lang='lat' dir='ltr'>Valerio</span> <span class='ocrx_word' id='word_1_218' title='bbox 745 4076 891 4154; x_wconf 81' lang='lat' dir='ltr'>exhibui,</span> <span class='ocrx_word' id='word_1_219' title='bbox 916 4104 990 4147; x_wconf 90' lang='lat' dir='ltr'>cum</span> <span class='ocrx_word' id='word_1_220' title='bbox 1006 4083 1048 4147; x_wconf 81' lang='lat' dir='ltr'>(le</span> <span class='ocrx_word' id='word_1_221' title='bbox 1064 4106 1194 4149; x_wconf 87' lang='lat' dir='ltr'>summa</span> <span class='ocrx_word' id='word_1_222' title='bbox 1221 4106 1341 4155; x_wconf 88' lang='lat' dir='ltr'>rerum,</span> <span class='ocrx_word' id='word_1_223' title='bbox 1364 4080 1410 4144; x_wconf 88' lang='lat' dir='ltr'>de</span> <span class='ocrx_word' id='word_1_224' title='bbox 1427 4105 1541 4147; x_wconf 84' lang='lat' dir='ltr'>nouem</span> <span class='ocrx_word' id='word_1_225' title='bbox 1568 4145 1569 4180; x_wconf 75' lang='lat'>,</span> 
     </span>
     <span class='ocr_line' id='line_1_28' title="bbox 318 4169 1568 4263; baseline 0.018 -30"><span class='ocrx_word' id='word_1_226' title='bbox 318 4169 455 4236; x_wconf 90' lang='lat' dir='ltr'>tribunis</span> <span class='ocrx_word' id='word_1_227' title='bbox 490 4176 642 4238; x_wconf 85' lang='lat' dir='ltr'>crematis</span> <span class='ocrx_word' id='word_1_228' title='bbox 677 4176 740 4243; x_wconf 89' lang='lat' dir='ltr'>Dio</span> <span class='ocrx_word' id='word_1_229' title='bbox 776 4206 849 4248; x_wconf 85' lang='lat' dir='ltr'>oum</span> <span class='ocrx_word' id='word_1_230' title='bbox 875 4183 1010 4253; x_wconf 85' lang='lat' dir='ltr'>Valerio</span> <span class='ocrx_word' id='word_1_231' title='bbox 1049 4192 1233 4255; x_wconf 88' lang='lat' dir='ltr'>consentiat</span> <span class='ocrx_word' id='word_1_232' title='bbox 1267 4202 1298 4254; x_wconf 90' lang='lat' dir='ltr'>et</span> <span class='ocrx_word' id='word_1_233' title='bbox 1331 4193 1373 4258; x_wconf 89' lang='lat' dir='ltr'>de</span> <span class='ocrx_word' id='word_1_234' title='bbox 1412 4211 1540 4263; x_wconf 81' lang='lat' dir='ltr'>auctore</span> <span class='ocrx_word' id='word_1_235' title='bbox 1567 4237 1568 4256; x_wconf 58' lang='lat'>2</span> 
     </span>
     <span class='ocr_line' id='line_1_29' title="bbox 317 4278 1538 4377; baseline 0.022 -38"><span class='ocrx_word' id='word_1_236' title='bbox 317 4288 440 4343; x_wconf 88' lang='lat' dir='ltr'>tanturn</span> <span class='ocrx_word' id='word_1_237' title='bbox 476 4278 628 4364; x_wconf 86' lang='lat' dir='ltr'>supplicii</span> <span class='ocrx_word' id='word_1_238' title='bbox 666 4296 696 4346; x_wconf 91' lang='lat' dir='ltr'>et</span> <span class='ocrx_word' id='word_1_239' title='bbox 731 4285 771 4350; x_wconf 91' lang='lat' dir='ltr'>de</span> <span class='ocrx_word' id='word_1_240' title='bbox 807 4302 953 4377; x_wconf 88' lang='lat' dir='ltr'>tempore</span> <span class='ocrx_word' id='word_1_241' title='bbox 992 4294 1159 4363; x_wconf 87' lang='lat' dir='ltr'>dissensio</span> <span class='ocrx_word' id='word_1_242' title='bbox 1195 4300 1254 4373; x_wconf 90' lang='lat' dir='ltr'>sit,</span> <span class='ocrx_word' id='word_1_243' title='bbox 1291 4299 1395 4365; x_wconf 88' lang='lat' dir='ltr'>nihilo</span> <span class='ocrx_word' id='word_1_244' title='bbox 1434 4308 1538 4369; x_wconf 86' lang='lat' dir='ltr'>miuus</span> 
     </span>
     <span class='ocr_line' id='line_1_30' title="bbox 316 4384 1536 4497; baseline 0.021 -52"><span class='ocrx_word' id='word_1_245' title='bbox 316 4384 423 4447; x_wconf 88' lang='lat' dir='ltr'>omnis</span> <span class='ocrx_word' id='word_1_246' title='bbox 446 4384 503 4451; x_wconf 83' lang='lat' dir='ltr'>illa</span> <span class='ocrx_word' id='word_1_247' title='bbox 526 4389 669 4453; x_wconf 83' lang='lat' dir='ltr'>narratio</span> <span class='ocrx_word' id='word_1_248' title='bbox 706 4392 789 4455; x_wconf 87' lang='lat' dir='ltr'>adeo</span> <span class='ocrx_word' id='word_1_249' title='bbox 825 4400 1035 4468; x_wconf 82' lang='lat' dir='ltr'>manifestam</span> <span class='ocrx_word' id='word_1_250' title='bbox 1070 4403 1234 4469; x_wconf 88' lang='lat' dir='ltr'>mendacii</span> <span class='ocrx_word' id='word_1_251' title='bbox 1275 4408 1425 4491; x_wconf 88' lang='lat' dir='ltr'>speeiem</span> <span class='ocrx_word' id='word_1_252' title='bbox 1466 4431 1536 4497; x_wconf 81' lang='lat' dir='ltr'>prae</span> 
     </span>
     <span class='ocr_line' id='line_1_31' title="bbox 315 4488 1536 4597; baseline 0.026 -47"><span class='ocrx_word' id='word_1_253' title='bbox 315 4505 352 4550; x_wconf 92' lang='lat' dir='ltr'>se</span> <span class='ocrx_word' id='word_1_254' title='bbox 375 4488 453 4563; x_wconf 85' lang='lat' dir='ltr'>fert,</span> <span class='ocrx_word' id='word_1_255' title='bbox 478 4504 511 4554; x_wconf 90' lang='lat' dir='ltr'>ut</span> <span class='ocrx_word' id='word_1_256' title='bbox 535 4514 607 4557; x_wconf 88' lang='lat' dir='ltr'>earn</span> <span class='ocrx_word' id='word_1_257' title='bbox 632 4496 715 4559; x_wconf 89' lang='lat' dir='ltr'>inter</span> <span class='ocrx_word' id='word_1_258' title='bbox 737 4497 868 4565; x_wconf 85' lang='lat' dir='ltr'>fabulas</span> <span class='ocrx_word' id='word_1_259' title='bbox 890 4508 1013 4571; x_wconf 86' lang='lat' dir='ltr'>reicere</span> <span class='ocrx_word' id='word_1_260' title='bbox 1036 4530 1080 4573; x_wconf 91' lang='lat' dir='ltr'>ne</span> <span class='ocrx_word' id='word_1_261' title='bbox 1103 4522 1172 4575; x_wconf 88' lang='lat' dir='ltr'>tum</span> <span class='ocrx_word' id='word_1_262' title='bbox 1197 4510 1328 4597; x_wconf 90' lang='lat' dir='ltr'>quidem</span> <span class='ocrx_word' id='word_1_263' title='bbox 1344 4512 1536 4582; x_wconf 77' lang='lat' dir='ltr'>dubitarem,</span> 
     </span>
    </p>
   </div>
   <div class='ocr_carea' id='block_1_5' title="bbox 312 4588 1565 4803">
    <p class='ocr_par' dir='ltr' id='par_1_7' title="bbox 312 4588 1565 4812">
     <span class='ocr_line' id='line_1_32' title="bbox 314 4588 1565 4705; baseline 0.027 -53"><span class='ocrx_word' id='word_1_264' title='bbox 314 4588 343 4652; x_wconf 86' lang='lat' dir='ltr'>si</span> <span class='ocrx_word' id='word_1_265' title='bbox 368 4594 462 4679; x_wconf 82' lang='lat' dir='ltr'>origo</span> <span class='ocrx_word' id='word_1_266' title='bbox 486 4597 649 4663; x_wconf 87' lang='lat' dir='ltr'>mendacii</span> <span class='ocrx_word' id='word_1_267' title='bbox 673 4603 850 4670; x_wconf 85' lang='lat' dir='ltr'>inocculto</span> <span class='ocrx_word' id='word_1_268' title='bbox 868 4625 968 4688; x_wconf 88' lang='lat' dir='ltr'>esset,</span> <span class='ocrx_word' id='word_1_269' title='bbox 991 4636 1092 4701; x_wconf 89' lang='lat' dir='ltr'>quam</span> <span class='ocrx_word' id='word_1_270' title='bbox 1116 4638 1203 4682; x_wconf 89' lang='lat' dir='ltr'>nuno</span> <span class='ocrx_word' id='word_1_271' title='bbox 1227 4618 1309 4683; x_wconf 88' lang='lat' dir='ltr'>satis</span> <span class='ocrx_word' id='word_1_272' title='bbox 1328 4618 1534 4705; x_wconf 74' lang='lat' dir='ltr'>probabiliter</span> <span class='ocrx_word' id='word_1_273' title='bbox 1564 4599 1565 4686; x_wconf 86' lang='lat' dir='ltr'>l</span> 
     </span>
     <span class='ocr_line' id='line_1_33' title="bbox 312 4688 1530 4803; baseline 0.032 -51"><span class='ocrx_word' id='word_1_274' title='bbox 312 4688 551 4765; x_wconf 87' lang='lat' dir='ltr'>demonstrauit</span> <span class='ocrx_word' id='word_1_275' title='bbox 574 4702 614 4767; x_wconf 92' lang='grc' dir='ltr'>Ο.</span> <span class='ocrx_word' id='word_1_276' title='bbox 637 4704 795 4774; x_wconf 82' lang='lat' dir='ltr'>Mt&#39;illerus</span> <span class='ocrx_word' id='word_1_277' title='bbox 818 4712 853 4777; x_wconf 92' lang='lat' dir='ltr'>iu</span> <span class='ocrx_word' id='word_1_278' title='bbox 877 4718 1106 4803; x_wconf 89' lang='lat' dir='ltr'>supplemento</span> <span class='ocrx_word' id='word_1_279' title='bbox 1130 4724 1355 4789; x_wconf 84' lang='lat' dir='ltr'>adnotationis</span> <span class='ocrx_word' id='word_1_280' title='bbox 1386 4726 1431 4789; x_wconf 88' lang='lat' dir='ltr'>ad</span> <span class='ocrx_word' id='word_1_281' title='bbox 1454 4728 1530 4792; x_wconf 81' lang='lat' dir='ltr'>Fest</span> 
     </span>
    </p>
   </div>
   <div class='ocr_carea' id='block_1_6' title="bbox 0 0 1710 5400">
    <p class='ocr_par' dir='ltr' id='par_1_8' title="bbox 0 0 1710 5400">
     <span class='ocr_line' id='line_1_34' title="bbox 0 0 1710 5400; baseline 0 7"><span class='ocrx_word' id='word_1_282' title='bbox 0 0 1710 5400; x_wconf 95' lang='lat' dir='ltr'> </span> 
     </span>
    </p>
   </div>
  </div>
 </body>
</html>
