3409 5400
271 467 339 545 864⁵
744 467 805 538 Du
826 468 1034 541 AMICITIA.

272 637 356 702 to'nis
379 634 550 699 uidebatur
564 632 700 710 deletus,
723 637 843 700 ueteris
860 645 1015 721 artaeque
1037 634 1199 699 amicitiae
1218 627 1346 698 memor
1361 631 1502 717 publica

273 741 422 807 custodia
442 740 602 816 liberauit,
625 761 685 804 nce
708 739 869 805 hactenus
893 742 1033 804 amicum
1058 741 1170 826 egisse
1190 749 1372 813 contentus,
1395 740 1501 802 ctiam

271 850 371 935 fugae
394 848 463 912 eius
488 869 599 912 comes
624 847 775 912 accessit.
820 847 886 910 Pro
909 867 1068 934 magnum
1091 859 1123 910 et
1139 843 1382 931 inexuperabile
1403 855 1504 909 tuum

272 975 403 1028 numen,
427 953 583 1017 amicitia!
619 953 700 1017 Cum
730 973 770 1018 ex
798 953 901 1017 altera
923 963 1016 1038 parte
1042 951 1252 1037 respublica
1273 972 1411 1015 manum
1431 952 1502 1014 ini·

273 1071 368 1136 cerei,
392 1079 432 1122 ex
455 1059 557 1124 altera
582 1069 637 1123 tua
651 1057 741 1121 illum
758 1057 892 1122 dextera
906 1059 1058 1134 traheret,
1082 1069 1114 1122 et
1135 1059 1191 1122 illa
1205 1068 1241 1121 ut
1260 1067 1529 1122 sacrosanctuss

273 1185 349 1231 esse
376 1165 474 1229 uellet
501 1166 657 1252 exigeret,
692 1173 726 1226 tu
756 1164 887 1230 exilium
914 1165 1094 1240 indiceres,
1128 1164 1212 1229 adeo
1240 1163 1362 1228 blando
1392 1164 1501 1226 uteris

273 1272 421 1357 imperio,
445 1271 641 1356 supplicium
664 1269 782 1334 hono'ri
805 1271 965 1355 praetulit.

232 1377 264 1442 4.
362 1375 562 1441 AdmirabiIe
589 1377 652 1441 hoc
683 1401 766 1465 opus
795 1391 904 1453 tuum,
938 1377 999 1442 sed
1036 1377 1125 1464 quod
1153 1380 1300 1464 sequitur
1329 1375 1505 1461 aliquanto·

265 1473 479 1548 'laudabilius
536 1483 754 1572 Recognosce
789 1487 875 1550 enim
904 1505 1075 1572 quousque
1105 1481 1262 1548 Volumni
1291 1492 1501 1546 constantem

275 1611 357 1678 erga
379 1591 520 1655 amicum
543 1613 640 1655 suum
664 1594 830 1656 caritatem
853 1592 924 1655 sine
947 1591 1013 1654 ulla
1034 1591 1083 1654 rei
1105 1591 1255 1673 publicae
1278 1590 1398 1654 iniuria
1421 1600 1544 1650 ene-to

276 1699 372 1762 xerIs.
420 1695 483 1776 Qui
507 1709 596 1760 ortus
625 1701 768 1784 equestri
795 1698 887 1776 loco,
918 1723 992 1765 cum
1022 1701 1068 1765 M.
1097 1695 1268 1762 Lucullum
1294 1695 1503 1759 familiariter

278 1803 434 1866 coluisset
456 1811 595 1888 euinque
618 1803 664 1866 M.
687 1804 867 1879 Antonius,
898 1809 977 1894 quia
997 1806 1090 1871 Bruti
1118 1815 1149 1868 et
1171 1803 1281 1867 Cassii
1311 1817 1423 1890 partes
1447 1822 1503 1866 se·

279 1919 372 1974 cutus
401 1909 522 1982 fuerat,
551 1909 783 1987 interemisset,
809 1915 844 1977 in
873 1931 998 2000 magna
1025 1911 1174 1999 fugiendi
1200 1910 1330 1974 lic-entia
1357 1909 1504 1974 exanimi

280 2017 385 2080 amieo
410 2013 575 2088 adhaesit,
603 2015 771 2103 bucusque
794 2019 828 2082 in
850 2019 1004 2083 lacrimas
1033 2029 1064 2084 et
1096 2019 1235 2103 gemitus
1264 2017 1438 2102 profusus,
1467 2023 1504 2077 ut

279 2123 380 2186 nimia
401 2121 519 2207 pietate
543 2143 677 2186 causam
701 2123 763 2188 sibi
780 2127 893 2189 mortis
918 2135 1111 2189 arcesseret.
1157 2122 1243 2188 Nem
1257 2136 1390 2209 propter
1404 2139 1541 2207 prae-ts

280 2231 410 2314 eipuam
434 2239 465 2290 et
487 2243 753 2313 perseuerantem
767 2230 1031 2296 lamentationem
1055 2231 1097 2296 ad
1119 2230 1296 2294 Antonium
1319 2239 1503 2314 pertractus

281 2346 340 2400 est.
387 2335 488 2399 Cuius
505 2345 688 2421 ’postquam
711 2339 745 2401 iu
768 2349 946 2424 conspectu
966 2339 1063 2411 stetit,
1086 2336 1174 2401 ‘Iube
1197 2337 1270 2412 me',
1292 2337 1406 2422 inquit,
1430 2337 1503 2398 ‘im-

280 2452 421 2528 perator,
444 2444 591 2527 protinus
616 2442 659 2506 ad
673 2443 799 2507 Luculli
822 2466 941 2530 corpus
965 2445 1095 2508 ductum
1115 2444 1232 2507 occidi.
1277 2443 1392 2528 Neque
1415 2442 1502 2505 enim

282 2547 456 2634 absumpto
479 2547 534 2612 illo
558 2569 732 2634 superesse
757 2550 877 2626 debeo,
908 2572 983 2616 cum
1011 2554 1042 2616 ei
1064 2550 1204 2615 infelicis
1232 2549 1365 2613 militiae
1389 2558 1504 2611 auctor

283 2653 457 2719 extiterint.
504 2653 590 2736 Quid
613 2655 674 2721 hac
692 2654 818 2720 fidelius
842 2656 1087 2721 beniuolentia?
1115 2657 1253 2721 Mortem
1276 2656 1373 2721 amici
1395 2653 1540 2720 hostisue

283 2760 359 2823 odio
382 2760 513 2835 leuauit,
536 2764 637 2825 uitem
654 2784 750 2829 suam
766 2763 896 2827 consilii
918 2766 1053 2828 crimine
1077 2766 1234 2837 astrinxit,
1258 2784 1388 2851 quoque
1411 2760 1502 2826 illum

283 2867 552 2932 miserabiliorem
574 2868 735 2946 redderet,
759 2894 796 2936 se
819 2872 896 2936 fecit
917 2872 1117 2935 inuisiorem.
1167 2872 1236 2935 Nec
1260 2869 1410 2935 difficiles
1433 2866 1501 2930 An·

284 3039 309 3093 3.
329 3047 410 3107 procb
430 3042 466 3095 D.
485 3047 553 3109 proh
576 3044 636 3098 ΕΓ.
647 3044 661 3113 ΙΙ
673 3044 698 3099 li.
717 3050 790 3115 esse]
806 3048 830 3109 ῖ
844 3049 874 3114 (ι’.
894 3066 916 3102 e.
934 3052 989 3114 eei)
1010 3048 1038 3102 C.
1050 3047 1064 3115 ΙΙ
1076 3051 1153 3099 utens
1173 3047 1203 3101 C.
1214 3046 1228 3115 ΙΙ
1239 3045 1265 3099 8.
1287 3046 1450 3098 Admirabile
1468 3072 1502 3081 -

284 3112 351 3176 Ill.)
366 3116 486 3180 equestri
504 3116 574 3181 Ioco]
594 3118 717 3182 Equestri
737 3120 795 3171 Ioco
814 3124 889 3172 ortus
908 3125 927 3170 t.
946 3122 1095 3170 uotumntus
1114 3116 1145 3171 Γ.
1158 3118 1207 3186 llll.
1227 3120 1258 3169 Τ.
1274 3119 1404 3169 Volumuii
1425 3112 1500 3167 Torr.

295 3182 364 3251 1110.
381 3187 491 3239 iniuriae
510 3188 578 3237 ceris
595 3184 633 3245 (ἓ)
649 3188 706 3256 14.ss
720 3186 765 3241 11.ι
780 3191 929 3257 hueusque]
948 3207 1001 3253 que
1019 3206 1068 3243 oue.
1082 3205 1129 3258 pr.
1147 3188 1182 3241 a.
1197 3187 1209 3260 ll
1228 3196 1257 3239 ut
1274 3218 1308 3227 -
1327 3186 1394 3252 (ib.)
1412 3201 1502 3237 arces

285 3264 358 3307 seret
375 3273 424 3309 om.
438 3272 483 3325 pr.
501 3254 538 3308 D.
552 3254 618 3321 1115.
638 3274 736 3310 cerasos
756 3260 783 3311 iu
801 3276 898 3313 rasura
915 3260 947 3315 A.
965 3262 978 3330 ΙΙ
996 3263 1048 3313 sibl
1066 3288 1100 3297 —
1118 3262 1237 3327 propter]
1261 3260 1290 3311 iu
1311 3274 1409 3311 rasura
1431 3256 1490 3325 ,111

285 3330 438 3380 accerseret
454 3326 490 3380 F..
515 3326 799 3399 accesseritF.1}lll.
819 3335 961 3396 perductus
984 3330 1013 3384 F.
1032 3329 1044 3403 ΙΙ
1066 3331 1106 3384 li.
1125 3334 1151 3381 iu
1171 3334 1341 3396 conspectum
1363 3328 1416 3382 CD
1435 3334 1460 3379 et
1478 3326 1503 3376 ie

285 3413 382 3451 rasura
399 3396 430 3449 Α.
442 3399 455 3467 Η
467 3400 540 3451 stetit
552 3428 586 3436 -
599 3399 666 3465 (22.)
686 3403 917 3469 miserabiliorem]
936 3403 965 3454 iu
982 3419 1079 3456 rasura
1095 3399 1155 3472 ,4.11
1172 3401 1211 3455 18.
1226 3405 1381 3466 perductum
1400 3399 1503 3453 FTorr.

298 3468 310 3539 ΙΙ
330 3468 367 3525 111.
388 3476 527 3535 ussruupto
545 3468 572 3523 E
578 3470 609 3525 F.
623 3470 636 3540 ΙΙ
647 3472 682 3539 ei]
706 3476 732 3522 ot
752 3471 781 3526 C·
793 3473 806 3542 Η
823 3470 866 3525 2l.
886 3476 996 3525 oonsilio
1014 3473 1041 3527 C.
1059 3476 1073 3543 ΙΙ
1089 3475 1190 3525 crimini
1207 3472 1239 3527 Γ.
1256 3472 1271 3541 ΙΙ
1285 3474 1391 3524 astrixit
1407 3470 1492 3542 ΜΗ

286 3542 401 3610 quoque]
421 3558 473 3605 quo
492 3540 530 3595 D.
544 3541 555 3609 ΙΙ
569 3540 612 3595 22.
632 3544 817 3596 mirabiliorem
839 3543 896 3599 CF.
915 3548 1140 3597 admirabiliorem
1157 3542 1192 3596 E.

356 3699 381 3754 3.
395 3698 506 3768 publicu
518 3700 638 3755 custodia
649 3700 783 3766 liberauit)
801 3706 962 3775 Repugnaut
979 3707 1023 3755 bis
1035 3720 1105 3771 quae
1117 3706 1242 3755 Valerius
1254 3704 1298 3756 VI.
1317 3699 1342 3760 9,
1365 3698 1397 3752 13
1410 3703 1503 3759 retulit,

285 3776 317 3832 Q.
336 3774 496 3835 CaepIonem
521 3774 548 3822 in
571 3790 679 3824 carcerc
702 3776 858 3827 trucidatum
883 3791 1034 3841 corpusque
1058 3778 1116 3826 elue
1139 3777 1166 3825 in
1185 3774 1328 3823 (semoniae
1350 3774 1443 3822 scalas
1461 3776 1504 3823 ab·

285 3844 382 3892 tectum
402 3856 480 3899 esse,
499 3846 592 3893 contra
610 3847 770 3911 reliquorum
789 3848 946 3910 scriptorum
966 3862 1142 3904 consensum.
1169 3848 1213 3910 qui
1230 3856 1325 3894 omnes
1345 3845 1504 3907 Caepionem

287 3914 348 3961 huic
366 3912 463 3961 indicio
482 3914 549 3979 tuga
568 3928 599 3963 se
621 3918 789 3967 subtrauisso
810 3919 983 3969 tradiderunt.
1009 3920 1047 3968 Cf.
1066 3920 1121 3970 Cic.
1140 3919 1173 3966 de
1192 3932 1230 3967 or.
1249 3916 1286 3971 II,
1305 3911 1339 3965 41
1359 3920 1386 3965 et
1403 3910 1448 3967 48.
1472 3917 1504 3966 id.

288 3998 327 4046 pr.
347 3982 422 4051 lialb.
445 3978 484 4039 ll,
503 3983 547 4035 ⁶28.
575 3984 632 4037 Lib.
653 3988 715 4049 epit.
740 3989 797 4039 libr.
820 3988 927 4037 LXVII.
959 3989 1025 4040 I'lut.
1045 3989 1147 4038 Lucull.
1168 3986 1190 4037 1.
1215 3987 1303 4037 Strab.
1329 3985 1391 4043 llll,
1419 3985 1449 4046 l,
1475 3980 1504 4037 13

287 4070 314 4115 p.
337 4047 385 4102 tuti
406 4052 482 4110 Cea,
506 4054 549 4103 ubi
573 4056 597 4104 in
623 4059 758 4107 codicibus
785 4060 855 4109 mule
878 4058 967 4122 Scipio
991 4075 1040 4123 pro
1063 4060 1197 4123 Caepione
1220 4057 1412 4109 circumfertur.
1449 4059 1503 4108 Vid.

287 4124 505 4173 commentarium
522 4129 642 4177 nostrum
661 4130 694 4176 ad
714 4129 773 4178 Vol.
791 4130 808 4181 1.
829 4146 851 4181 c.

357 4191 381 4244 4.
394 4190 522 4255 Volumni)
539 4194 768 4261 'Iidpraenomem
779 4202 1058 4260 condiet-Cauchiauo,
1069 4201 1280 4254 tenementum
1288 4200 1504 4265 Guelferbytano,

287 4266 385 4316 nouriui
410 4266 590 4328 praeposiium
610 4284 627 4317 a
647 4270 750 4337 Pigbio,
776 4276 918 4322 seruarent
936 4274 1083 4323 recentiora
1108 4274 1245 4335 exemplu,
1270 4288 1329 4320 cnm
1353 4272 1378 4320 id
1402 4273 1504 4321 omniuo

289 4339 324 4387 sit
342 4339 478 4405 incertum.
516 4338 600 4387 Ceteri
619 4342 689 4389 enirn
707 4342 765 4391 libri
784 4346 957 4408 irianuseripti
971 4360 1034 4394 -eum
1057 4345 1213 4408 compendio
1232 4344 1289 4392 Iulii
1309 4344 1413 4393 Paridis
1431 4358 1505 4407 prae·

289 4424 384 4459 uonien
403 4410 521 4457 reticent.

359 4476 397 4531 Μ.
416 4476 563 4534 Lucullum)
590 4481 638 4531 llic
657 4483 792 4542 bucellae,
817 4500 876 4534 cum
900 4486 969 4537 fliius
988 4487 1046 4536 eius
1071 4487 1148 4536 tuerit
1167 4486 1283 4546 Luculli,
1309 4488 1352 4551 qui
1370 4486 1442 4535 bello
1461 4487 1505 4534 Mi·

289 4552 429 4601 tbridatico
449 4551 572 4600 excelluit
595 4552 640 4615 (ei.
661 4556 727 4603 Veli.
748 4554 804 4604 Pai.
824 4557 861 4612 II,
881 4554 924 4614 il,
943 4553 994 4617 ⁸2.l,
1018 4558 1188 4606 Drumanruis
1213 4560 1321 4625 (gescb.
1345 4558 1428 4606 Itoms
1454 4557 1505 4615 Illi,

290 4638 316 4685 p.
338 4617 399 4685 115)
419 4622 464 4671 eut
476 4622 607 4672 Valerium
622 4628 668 4673 uui
687 4627 809 4675 librarios
822 4629 847 4675 iu
861 4628 1033 4690 praenomine
1045 4629 1161 4678 hominis
1174 4644 1292 4687 errasse,
1305 4631 1506 4694 ponendumque

291 4693 376 4744 titisse
399 4693 508 4743 Lucium
529 4694 666 4747 lateritium
691 4697 850 4759 suspicatur.
887 4701 963 4762 Quod
988 4700 1051 4750 mibi
1075 4716 1129 4750 uon
1146 4701 1292 4765 persuasit.
1328 4701 1421 4766 Neque
1439 4702 1506 4751 enim
