3409 5400
578 514 662 581 LIB.
683 513 725 592 11,
749 514 785 581 0.
812 516 864 593 10,
887 524 918 596 t.
942 516 1063 585 8—6.
1367 516 1433 587 287

203 674 391 742 uoluerunt.
439 676 501 741 Gui
522 674 638 741 Asiam
666 679 789 761 petenti
817 698 931 744 omnes
958 678 1150 764 prouinciae
1176 676 1261 743 illius
1285 678 1434 743 ciuitates

204 781 338 869 legatos
356 803 530 849 secessum
546 785 616 848 eius
633 784 841 868 opperientes
859 784 991 850 obuiam
1008 786 1174 850 miserunt.
1211 782 1352 849 Exulare
1375 784 1434 851 ali·

206 889 285 973 quis
308 889 410 969 [loeo]
432 887 496 956 hoe
520 913 566 955 en
587 887 786 975 triumphare
807 892 925 955 iustius
949 888 1088 956 dixerit?

298 996 403 1060 Gaius
440 997 539 1075 etiam
566 996 692 1061 Marius
721 997 757 1061 in
784 997 983 1083 profundum
1013 996 1196 1063 ultimarum
1227 998 1432 1062 miseriarum
1445 999 1476 1066 6.

179 1103 360 1168 subiectus
388 1124 429 1167 ex
456 1105 532 1189 ipso
560 1104 647 1167 uitae
676 1103 864 1167 discrimine
892 1103 1051 1169 beneficio
1079 1104 1261 1169 maiestatis
1292 1104 1433 1167 emersit.

206 1208 338 1275 Missus
368 1211 455 1274 enim
484 1208 527 1273 ad
558 1230 632 1274 eum
663 1209 879 1275 oeoidendum
912 1212 947 1275 in
974 1211 1104 1296 priuata
1131 1210 1230 1277 domo
1260 1208 1433 1274 Minturnis

205 1316 362 1381 clausum
383 1336 502 1381 seruus
525 1315 687 1401 publicus,
709 1317 843 1380 natione
868 1316 1008 1391 Cimber,
1032 1330 1063 1380 et
1086 1338 1200 1383 senem
1223 1326 1255 1380 et
1276 1317 1435 1381 inermem

206 1436 244 1487 et
265 1422 419 1510 squalore
442 1421 584 1487 obsitum
607 1423 753 1485 strictum
777 1423 922 1508 gladium
947 1432 1061 1487 tenens
1086 1422 1223 1509 adgredi
1248 1444 1313 1487 non
1338 1422 1436 1489 susti·

205 1531 292 1603 nuit,
315 1542 348 1593 et
369 1528 514 1595 claritate
536 1528 599 1593 uiri
621 1528 819 1593 obcaecatus
851 1530 978 1593 abieoto
1008 1530 1094 1594 ferro
1119 1531 1276 1593 attonitus
1296 1528 1373 1593 indo
1396 1550 1435 1607 eo

167 1649 358 1701 retr-emens
380 1636 475 1723 fugit.
512 1634 677 1699 Cimbrica
692 1636 846 1701 nimirum
869 1635 1040 1700 calamites
1064 1634 1178 1701 oeulos
1195 1634 1340 1699 hominis
1362 1654 1435 1719 per·

207 1744 342 1809 strinxit
371 1743 584 1828 deuictaeque
615 1742 723 1829 gentis
759 1762 840 1806 sune
875 1742 1021 1806 interitus
1057 1742 1201 1807 animum
1236 1738 1435 1815 comminuit,

208 1852 311 1915 etim
339 1850 402 1915 diis
429 1848 667 1914 immortalibus
697 1848 869 1936 indignum
899 1850 980 1912 ratis
1016 1848 1057 1915 ob
1093 1871 1156 1915 uno
1191 1850 1262 1913 eius
1292 1846 1434 1911 nationis

206 1956 351 2023 interfici
377 1955 536 2030 Marium,
566 1974 666 2042 quam
695 1966 796 2020 totam
824 1954 1001 2020 deleuerat.
1051 1954 1297 2021 Minturnenses
1328 1964 1479 2034 entems

208 2064 384 2129 maiestate
411 2060 498 2126 illius
527 2062 613 2147 eapti
641 2077 856 2147 conpressum
884 2061 949 2125 iarn
980 2072 1011 2125 et
1039 2064 1249 2127 constrictum
1279 2060 1351 2124 dire
1377 2060 1436 2125 feti

171 2188 201 2232 ts
210 2171 409 2235 necessitate
432 2166 629 2232 incolomem
651 2170 891 2252 praestiterunt.
936 2166 1006 2231 Nee
1029 2168 1088 2231 suit
1116 2168 1163 2231 eis
1192 2167 1299 2233 timori
1322 2187 1435 2251 esper-

211 2363 239 2421 2
255 2364 379 2436 tegetes}
392 2331 456 2433 pert
473 2363 644 2429 opperientes
662 2360 746 2487 nli*
758 2385 774 2416 ιι
787 2385 803 2416 ιι
821 2377 963 2415 secessum
974 2363 1033 2413 eius
1051 2358 1083 2413 A.
1093 2360 1216 2427 sortasse
1228 2362 1285 2412 eius
1295 2372 1434 2413 secessum

212 2441 273 2489 eius
285 2452 332 2506 pr·
350 2434 383 2487 Α.
401 2438 463 2521 eius
477 2448 618 2556 seoessrp'm
635 2432 700 2557 1³0³
723 2475 731 2489 .
756 2437 908 2486 discessum
927 2432 994 2555 Ptup¹
1007 2433 1020 2499 ΙΙ
1038 2429 1307 2561 operientestpdrhrpp
1322 2444 1435 2553 &Enpe-

211 2506 573 2646 mittitete
591 2502 1134 2646 titt.titttiflisn‘tiil“3¹
1150 2519 1249 2625 Σὲ...
1266 2507 1330 2637 nl
1351 2568 1376 2623 r.
1396 2496 1434 2637 ,ll

213 2654 264 2704 sed
281 2646 475 2704 itermod,
498 2647 574 2704 Torr.
590 2642 602 2716 ΙΙ
617 2653 762 2702 obsecutus
779 2646 812 2701 A.
832 2642 845 2717 ll
869 2644 908 2700 10.
928 2648 996 2716 rugit
1013 2662 1046 2695 ee
1063 2647 1182 2695 tremens
1201 2640 1233 2697 Γ.
1250 2640 1263 2711 ΙΙ
1281 2644 1387 2695 strinxit
1404 2640 1435 2694 Γ.

223 2721 238 2788 ΙΙ
252 2721 293 2774 11.
311 2737 380 2774 suae
399 2723 488 2789 gentis
509 2719 586 2775 Torr.
601 2718 613 2792 ΙΙ
630 2717 671 2775 13.
690 2723 849 2790 delegueret
863 2733 908 2787 pr.
926 2717 957 2770 A.
978 2719 991 2786 ΙΙ
1013 2713 1053 2770 15.
1072 2718 1231 2768 ineolumem
1249 2729 1318 2769 corr.
1336 2713 1360 2766 A
1379 2729 1436 2767 eurr

214 2792 332 2861 reliquis.
343 2793 358 2862 u
369 2794 394 2844 ei
410 2789 444 2846 A.
462 2793 505 2844 his
526 2791 604 2846 Tm.

286 2969 382 3039 oliqsr's
400 2969 479 3038 [letto]
498 2969 557 3032 loo)
584 2971 617 3022 V.
641 2969 699 3023 lero
724 2972 782 3021 siue
808 2973 936 3036 sequetur
960 2969 1017 3020 siue
1042 2971 1201 3033 praecedat,
1225 2971 1254 3018 ut
1277 2967 1304 3016 in
1329 2965 1435 3030 optimis

213 3044 299 3099 libris,
318 3058 466 3107 pronomen
482 3041 540 3097 loe,
562 3043 624 3109 qnid
643 3043 694 3092 sibi
712 3042 776 3092 uelit
795 3043 917 3106 equidem
936 3055 988 3090 non
1007 3041 1149 3105 perspicio.
1186 3039 1280 3105 Neque
1301 3039 1371 3088 enim
1390 3037 1435 3085 ab·

213 3115 303 3165 solute
324 3129 383 3163 eum
408 3114 532 3165 exulandi
556 3115 640 3164 uerbo
665 3129 697 3164 eo
721 3127 792 3162 nexu
817 3113 963 3162 cohaerere
987 3113 1090 3175 potest,
1116 3125 1169 3173 quo
1194 3110 1305 3161 Ouidius
1330 3107 1378 3158 1111
1402 3123 1435 3157 ex
1483 3141 1486 3148 ,

212 3187 291 3237 Pout.
310 3179 336 3242 9,
355 3179 386 3233 dl
407 3185 569 3249 composuit,
593 3181 683 3236 Mente
700 3187 801 3236 temes.
828 3197 896 3249 quoe
919 3180 976 3233 sole
993 3180 1050 3233 loeo
1068 3195 1120 3233 noo
1138 3178 1225 3232 coelet
1242 3184 1311 3231 utar.
1352 3179 1435 3230 Acen·

213 3258 320 3307 sutiuus
339 3256 426 3305 eutem
445 3256 617 3321 pronominis,
641 3271 693 3321 qno
712 3255 878 3322 significetur
897 3267 941 3304 res
960 3255 1064 3305 dicendi
1082 3255 1164 3304 uerbo
1184 3253 1304 3308 obiecto,
1329 3250 1434 3298 omniuo

212 3327 387 3380 necessarius
405 3329 456 3378 est
493 3325 586 3392 Itaque
604 3327 684 3376 uelde
702 3326 768 3374 mitri
785 3325 875 3374 arrisit
891 3324 1020 3376 Perizonit
1046 3326 1178 3389 suspicio,
1203 3337 1283 3389 quem
1307 3319 1434 3371 'i'orrenio

213 3412 321 3467 quoque
339 3397 481 3462 etKeppio
492 3398 638 3460 persuasit,
657 3397 798 3447 delendam
811 3409 875 3445 esse
893 3409 954 3445 earn
973 3411 1075 3453 uocem,
1095 3409 1174 3461 quum
1185 3393 1293 3451 seclusi,
1312 3390 1435 3456 quemuis

211 3469 380 3536 probabilem
398 3481 511 3519 oensem
536 3483 582 3519 our
605 3468 675 3518 iuter
697 3467 815 3534 genuine
840 3467 939 3517 vulerii
961 3468 1047 3518 uerbo
1069 3467 1173 3516 intruso
1194 3466 1230 3516 sit
1253 3464 1368 3516 nondum
1392 3474 1436 3512 me

212 3541 351 3592 inuenisse
371 3539 508 3590 oontlteer.

286 3625 322 3661 ee
339 3607 510 3677 rtmptaro
535 3609 603 3660 Boni
625 3609 685 3660 iibri
707 3623 812 3659 summo
835 3620 970 3658 consensu
995 3611 1044 3664 eet
1065 3604 1233 3674 triumphare.
1274 3607 1388 3664 Verum,
1412 3605 1437 3655 si

214 3696 285 3748 quse
302 3682 366 3739 etis,
383 3681 530 3731 manifeste
546 3682 616 3732 haee
634 3682 774 3730 disiunctio
793 3683 844 3738 est,
864 3677 938 3728 euius
951 3679 1080 3736 membre,
1100 3681 1255 3729 eumutrurn
1273 3677 1372 3728 rectius
1390 3677 1437 3726 flat

213 3757 255 3804 ite
271 3755 418 3814 quaeretur
434 3754 464 3802 ut
481 3753 594 3802 alterurn
613 3753 771 3802 excludetur
788 3751 888 3808 altero,
912 3749 1069 3799 necessario
1092 3763 1141 3812 per
1165 3763 1199 3798 on
1217 3751 1287 3800 inter
1304 3763 1336 3800 ss
1354 3763 1436 3813 oppo-

213 3827 305 3877 nendo
323 3827 408 3875 erent.
445 3825 534 3884 Quare
552 3824 605 3872 hoe
623 3823 747 3886 reposui,
770 3823 840 3888 qnod
859 3821 968 3884 saepius
988 3835 1004 3870 e
1022 3820 1137 3870 librariis
1156 3835 1215 3870 eum
1234 3823 1281 3871 eut
1297 3821 1437 3870 contusum

216 3911 280 3948 esse
298 3895 407 3947 seimus.
444 3895 483 3945 ct.
502 3895 644 3944 Heindortt
659 3895 693 3943 sd
712 3895 767 3944 Cio.
787 3895 822 3943 de
839 3893 893 3942 net.
913 3893 984 3943 deor.
997 3891 1030 3944 11.
1048 3885 1093 3947 44,
1115 3885 1172 3943 115.
1209 3891 1323 3944 Ellendt
1336 3891 1369 3941 ed
1384 3892 1437 3940 Cic.

214 3969 289 4019 Brut.
306 3963 355 4026 44,
377 3960 437 4016 lte.
456 3965 543 4016 Hand.
562 3965 641 4016 Ture.
659 3965 670 4014 1
689 3981 715 4030 p.
734 3959 801 4024 551,
825 3963 871 4025 qut
891 3963 982 4013 tumen
1005 3962 1127 4012 subtilius
1149 3961 1234 4013 multe
1254 3965 1287 4014 de
1306 3977 1357 4013 usu
1375 3977 1437 4028 per·

215 4038 312 4088 tioulse
330 4041 378 4087 ut
391 4037 420 4088 in
437 4037 592 4098 quaerendo
610 4036 770 4099 disputent,
792 4049 862 4101 queo
879 4035 906 4084 iu
916 4049 970 4084 une
987 4033 1197 4101 interrogatione
1215 4047 1267 4084 non
1286 4033 1435 4092 adhibetur,

215 4109 268 4159 nisi
282 4109 306 4158 si
321 4123 381 4167 res,
401 4109 434 4157 de
454 4122 510 4170 qne
527 4107 671 4174 quaeritur,
689 4121 743 4170 quo
761 4106 914 4158 accuratius
933 4104 1105 4172 significetur,
1125 4105 1230 4154 duobus
1250 4107 1296 4157 eut
1313 4107 1436 4172 pluribus

210 4180 369 4230 notionibus
388 4180 553 4242 exprimitur,
572 4178 665 4242 specie
682 4180 773 4246 magis
792 4191 872 4242 quern
891 4177 953 4240 ipse
970 4189 999 4226 re
1017 4177 1087 4226 inter
1105 4189 1136 4227 se
1148 4178 1280 4242 oppositis
1298 4191 1386 4240 neque
1405 4187 1436 4226 se

215 4251 329 4300 inuicem
352 4251 562 4300 excludentibus.
605 4249 645 4301 ct.
669 4247 735 4300 Teo.
759 4263 820 4299 nnn.
844 4247 910 4304 1111,Ι
935 4242 975 4296 17.
1014 4241 1137 4297 liberius
1154 4275 1188 4285 -
1206 4253 1377 4314 perentam
1399 4249 1439 4296 ert

216 4335 275 4372 m
291 4318 324 4370 id
334 4317 463 4388 praeitur
479 4317 643 4386 Aprippt'eae
661 4323 709 4370 ast
723 4316 802 4369 misit
818 4314 980 4370 meterent.
1000 4318 1045 4367 ubi
1057 4331 1152 4383 preces
1166 4321 1212 4368 sut
1229 4319 1317 4368 minse
1329 4317 1435 4367 omnino

216 4407 264 4456 pro
283 4393 385 4442 erutus
404 4392 570 4460 Agrippinae
586 4392 727 4455 ponentur.
764 4392 817 4442 cie.
842 4391 876 4439 de
900 4391 955 4440 net.
981 4390 1054 4440 deor.
1078 4389 1104 4448 1,
1123 4383 1171 4448 30,
1195 4385 1238 4440 84.
1266 4388 1350 4438 Pluut.
1375 4385 1435 4437 Aut

216 4463 249 4521 11,
266 4457 293 4522 d,
313 4460 356 4514 li.
392 4461 453 4513 Aua
470 4465 541 4514 eninr
559 4475 604 4512 res
622 4463 674 4521 est,
693 4461 718 4510 si
737 4462 805 4511 duee
827 4461 1051 4528 interrogationes
1074 4459 1194 4510 eiusdem
1213 4459 1269 4509 iere
1288 4458 1436 4508 sententiae

218 4549 251 4584 en
267 4534 400 4599 particule
417 4535 617 4600 oomponnntur,
637 4535 666 4581 ut
684 4529 755 4596 opud
766 4533 819 4582 Cic.
838 4533 873 4581 ed
886 4531 937 4585 Att
958 4531 1026 4591 viil,
1046 4524 1071 4589 ³,
1091 4526 1116 4583 5.
1134 4529 1207 4582 Brut.
1225 4526 1268 4588 tt,
1285 4524 1341 4581 itit
1378 4527 1436 4578 llos

217 4605 275 4656 loro
292 4607 418 4656 mendum
436 4622 452 4657 e
470 4607 558 4670 prims
576 4605 713 4669 sequentis
726 4603 850 4654 uocabuli
868 4603 956 4654 littere
974 4605 1059 4652 ortum
1077 4615 1142 4652 esse
1159 4613 1319 4666 persuasum
1338 4600 1436 4654 habeo.

285 4673 312 4728 ὓ.
330 4677 390 4727 Liu.
408 4679 470 4741 epit.
487 4677 548 4726 libr.
565 4675 700 4724 lxxvii.
719 4675 786 4726 Veli.
806 4673 838 4732 11,
860 4669 900 4725 tt).
919 4673 986 4726 Plut.
1006 4674 1074 4725 Mer.
1092 4665 1136 4722 ³⁹.
1161 4673 1228 4737 App.
1248 4672 1298 4727 otu.
1317 4673 1337 4735 1,
1356 4666 1388 4723 dl
1409 4687 1434 4739 p.

220 4742 277 4800 tte
295 4748 372 4802 suu.
390 4749 425 4798 ds
441 4749 490 4800 uir.
508 4746 547 4798 ru
564 4739 608 4797 61.
627 4747 707 4798 oros.
725 4745 757 4806 V,
778 4739 820 4798 10.
