3409 5400
574 528 657 597 um.
679 526 707 608 1,
729 528 767 596 0.
790 530 823 609 Θ,
845 540 877 609 8.
901 530 1008 601 5-7.
1348 533 1412 603 les

178 686 265 755 odio
292 688 524 755 incitatissimo
556 694 775 779 maximisque
804 692 930 758 uiribus
954 692 1120 761 Thurinae
1149 694 1239 761 urbis
1268 704 1416 782 peterent

180 796 327 861 exitium
356 818 396 862 ac
423 797 602 884 praecipuo
631 798 739 865 studio
766 798 1022 867 incolomitatem
1045 800 1081 867 0.
1105 800 1276 867 Fabricius
1298 800 1415 867 Lusci-

181 926 251 971 nus
279 902 403 969 consul
430 916 619 993 protegeret
645 926 765 994 resque
794 908 927 993 ancipiti
954 919 1072 974 euentu
1095 907 1233 973 conlatis
1255 930 1358 972 unum
1381 909 1417 973 in

181 1011 303 1078 locum
325 1012 622 1099 utriusquepartis
645 1015 750 1100 copiis
774 1026 960 1103 gereretur,
982 1038 1051 1081 non
1074 1014 1270 1081 audentibus
1293 1013 1417 1080 Roma·

163 1122 243 1188 anis
266 1118 433 1206 proelium
454 1119 594 1207 ingredi,
619 1121 758 1186 eximiae
779 1122 1016 1209 magnitudinis
1039 1126 1169 1189 iuuenis
1194 1124 1335 1210 primum
1358 1141 1418 1185 eos

184 1224 319 1290 hortari
346 1226 392 1291 ad
419 1226 661 1313 capessendam
695 1228 916 1295 fortitudinem
950 1235 1073 1318 coepit3
1105 1230 1238 1305 deinde,
1269 1228 1326 1293 ubi
1356 1238 1419 1291 tar·
1451 1228 1455 1235 '

188 1332 307 1398 diores
336 1332 580 1409 animaduertit,
603 1336 743 1419 arreptis
766 1334 868 1401 scalis
898 1358 959 1423 per
979 1336 1123 1405 mediam
1146 1336 1291 1403 hostium
1314 1338 1421 1401 aciem

188 1438 236 1505 sd
258 1442 431 1505 contraria
458 1453 567 1506 castra
595 1443 701 1507 euasit
724 1453 757 1505 et
778 1443 919 1508 admotis
943 1444 1066 1509 uallum
1089 1444 1292 1508 conscendit.
1338 1442 1420 1509 Inde

188 1568 280 1611 uoce
309 1547 435 1634 ingenti
462 1546 633 1614 clamitans
661 1550 783 1616 facttrm
813 1550 968 1615 uictoriae
998 1550 1138 1638 gradum
1167 1561 1200 1613 et
1221 1559 1353 1615 nostros
1378 1548 1422 1614 ad

156 1653 309 1720 satiem
335 1664 446 1719 castra
472 1654 635 1740 capienda
664 1666 697 1718 et
723 1654 878 1721 Lucanos
907 1656 1117 1744 Bruttiosque
1147 1656 1190 1720 ad
1218 1678 1280 1721 sua
1308 1655 1420 1720 defen·

193 1758 309 1824 denda
328 1759 406 1825 illuc
428 1762 538 1837 traxit,
561 1762 618 1827 ubi
640 1764 778 1827 conferti
801 1763 900 1829 dubio
924 1766 1101 1830 certamine
1118 1763 1311 1829 terebantur.
1351 1759 1422 1826 Sed

192 1863 285 1931 idem
307 1866 440 1951 inpulsu
464 1888 631 1935 armorum
654 1892 791 1935 suorum
812 1881 996 1956 prostratos
1019 1871 1134 1937 hostes
1150 1868 1349 1958 iugulandos
1366 1888 1422 1932 ea·

194 1971 405 2059 piendosque
418 1972 579 2041 Romanis
602 1975 745 2041 tradidit.
780 1974 907 2065 Viginti
930 1980 1018 2044 enim
1038 1978 1129 2043 milia
1143 1998 1254 2053 caesa,
1279 1977 1422 2063 quinque

197 2099 273 2144 cum
288 2078 395 2143 Statio
418 2080 556 2159 Statilio,
580 2083 665 2147 duce
686 2083 856 2171 utriusque
880 2087 998 2172 gentis,
1023 2096 1054 2148 et
1075 2085 1177 2149 tribus
1195 2094 1292 2171 atque
1307 2082 1425 2170 uiginti

163 2184 393 2250 umilitaribus
416 2188 523 2274 signis
547 2201 646 2274 capta
667 2200 752 2256 sunt.
776 2190 915 2255 Postero
940 2190 992 2256 die
1021 2213 1096 2257 cum
1119 2189 1237 2255 consul
1258 2191 1340 2253 inter
1361 2188 1423 2252 lio·

198 2290 373 2357 nor-andos
399 2314 540 2379 quorum
560 2306 697 2361 strenua
725 2317 829 2382 opera
850 2298 958 2361 fuerat
982 2318 1064 2361 usus
1089 2295 1247 2361 uallarem
1267 2314 1425 2359 coronam

200 2398 233 2462 ei
253 2418 294 2463 se
316 2418 452 2463 seruare
476 2400 629 2474 dixisset,
653 2425 675 2467 a
697 2423 764 2489 quo
787 2414 896 2467 cestra
919 2414 1013 2469 erant
1035 2424 1190 2489 oppessa,
1214 2422 1275 2466 nec
1297 2400 1424 2464 inueni·

199 2514 291 2568 retur
312 2506 368 2591 qui
392 2506 427 2572 id
447 2510 630 2593 praemium
652 2519 787 2595 peteret,
810 2511 979 2598 cognitum
1000 2510 1123 2595 pariter
1146 2520 1243 2596 atque
1267 2506 1427 2572 creditum

202 2622 252 2675 est
287 2610 429 2678 Martem
464 2625 592 2700 patrem
626 2625 702 2680 tunc
733 2615 858 2703 populo
892 2638 954 2681 suo
994 2616 1151 2683 adfuisse.
1202 2614 1289 2681 Inter
1318 2622 1428 2679 cetera

166 2717 343 2786 »huiusce
378 2721 427 2785 rei
458 2723 635 2788 manifesta
669 2722 791 2788 indicia
825 2723 924 2811 galea
953 2745 1083 2812 quoque
1115 2724 1245 2790 duabus
1274 2722 1427 2788 distincta

201 2829 331 2913 pinnis,
354 2846 420 2914 qua
442 2827 585 2894 caeleste
608 2839 707 2915 caput
728 2840 848 2896 tectum
871 2831 988 2906 fuerat,
1013 2842 1243 2920 argumentum
1266 2830 1426 2917 praebuit.

204 2933 318 3023 ltaque
332 2932 473 2998 Fabricii
495 2934 602 2998 edicto
625 2934 820 3021 supplicatio
835 2936 934 3002 Marti
957 2947 1008 3003 est
1028 2936 1151 3016 habita,
1175 2949 1207 3002 et
1230 2959 1251 3002 a
1270 2935 1426 3002 laureatis

202 3042 358 3108 militibus
380 3059 603 3127 magnacum
626 3041 812 3109 animorum
825 3043 950 3110 laetitia
965 3043 1065 3112 oblati
1080 3045 1191 3114 auxilii
1207 3043 1429 3111 testimonium

204 3152 236 3215 ei
259 3159 312 3215 est
332 3150 506 3216 redditum.

169 3275 196 3321 rs
293 3257 451 3324 Referam
482 3276 570 3321 nunc
612 3253 702 3343 quod
740 3279 804 3322 suo
838 3257 973 3324 saeculo
1008 3260 1177 3348 cognitum
1206 3253 1352 3322 manauit
1386 3251 1471 3328 adt.

201 3375 369 3451 posteros,
390 3353 577 3450 penetrales
601 3361 684 3429 deos
707 3363 857 3430 Aeneam
874 3363 972 3431 Troia
995 3367 1153 3433 aduectos
1176 3362 1295 3430 Lauini
1318 3359 1429 3426 conlo·

204 3574 231 3631 2
248 3579 351 3630 exitum
363 3589 410 3647 pr·
428 3577 459 3633 A
478 3581 612 3633 excidium
628 3577 691 3631 Par·
710 3584 736 3630 et
753 3593 824 3630 corr.
841 3577 874 3630 A.
886 3577 900 3646 11
912 3577 955 3645 sc]
975 3595 994 3628 a
1011 3573 1043 3629 Β.
1055 3575 1069 3644 11
1081 3575 1180 3643 studio]
1203 3571 1265 3628 edd.
1284 3575 1343 3625 eius
1360 3569 1394 3623 E.
1406 3571 1421 3641 11

204 3649 414 3702 iucommltatern
423 3665 493 3704 corr.
503 3649 535 3704 A.
545 3648 608 3703 add.
622 3653 680 3702 etus
690 3647 1069 3710 (B)Torr.cdd.Tburtne*nD.
1081 3647 1095 3716 11
1107 3649 1134 3698 C.
1147 3662 1196 3701 om.
1202 3663 1249 3715 pr.
1264 3643 1302 3698 D.
1313 3645 1327 3713 11
1337 3645 1432 3694 Lusci·

203 3722 268 3770 ulus
285 3716 410 3774 AGDP.
432 3723 546 3775 iacintus
563 3720 597 3775 Β.
622 3721 736 3772 lucinius
753 3717 788 3772 E.
815 3717 851 3770 Vt
873 3733 921 3771 noe
937 3719 1000 3771 Pur.
1017 3718 1030 3786 11
1047 3715 1073 3771 11.
1099 3719 1221 3784 ancipitis
1239 3716 1272 3770 A.
1289 3716 1303 3785 11
1319 3719 1432 3768 euentus

205 3805 277 3844 eurr.
295 3789 355 3860 An
374 3787 400 3845 ll.
418 3793 475 3861 ubi]
494 3791 558 3847 edd.
578 3805 627 3845 eos
645 3788 682 3842 D.
697 3787 710 3860 11
722 3793 865 3842 traditores
883 3789 915 3843 Γ.
933 3787 937 3858 Ι
965 3788 989 3842 l.
1008 3790 1123 3840 aduertlt
1139 3787 1174 3842 Ε.
1192 3789 1206 3859 11
1222 3790 1337 3841 medium
1360 3784 1425 3910 1111

207 3861 250 3915 10.
268 3863 416 3929 brutosque
439 3863 562 3933 Γ.1111.
582 3863 696 3949 coukrri
718 3859 751 3914 Β.
770 3863 886 3914 conserti
904 3858 940 3952 D'
972 3855 1049 3912 Torr.
1065 3861 1079 3946 11
1099 3864 1266 3914 terrebantur
1283 3858 1347 3946 AB.
1364 3857 1433 3925 111.

234 3931 335 4070 ,11ῗῖ
348 3933 559 4072 iii-felini}
572 3931 649 4055 tlt
659 3929 1173 4073 11111111.14ὸ.ἷ.“*ἓῖ”1ἶ111’11
1185 3929 1436 4055 'llltttl'ttttt

205 4069 327 4144 111121.
345 4077 442 4139 pennis
459 4073 494 4129 Ε.
508 4075 521 4140 11
534 4074 670 4141 praebuit]
689 4076 737 4126 ruit
754 4073 790 4128 Ε.
801 4074 816 4144 11
831 4071 876 4127 22.
897 4075 991 4142 Itaque
1010 4103 1045 4113 -
1063 4069 1133 4141 (24.)
1151 4077 1281 4128 redditum
1299 4089 1348 4125 orn.
1367 4069 1398 4124 Γ.
1410 4069 1424 4138 11

205 4140 252 4200 2⁴.
270 4147 315 4196 est
332 4148 358 4196 ei
374 4143 410 4199 Β.
427 4142 503 4216 1125.
522 4147 647 4198 Referam
664 4173 701 4184 -
729 4141 786 4210 m.)
805 4147 975 4213 conlocasse]
997 4147 1086 4197 Encas
1104 4147 1258 4212 penetrales
1283 4147 1349 4196 deos
1366 4143 1436 4192 troia

207 4219 340 4268 adrem
358 4216 442 4269 lautnt
459 4217 607 4269 collocarat
630 4215 661 4269 Γ.
680 4149 729 4268 red
745 4215 810 4268 baec
828 4221 854 4268 et
870 4232 925 4286 sqq.
942 4215 1037 4338 perite
1055 4215 1084 4267 in
1099 4215 1157 4286 fiae
1176 4216 1253 4269 baias
1271 4215 1297 4280 s.
1311 4218 1376 4283 post
1391 4227 1435 4262 aa.

207 4289 246 4354 (p.
267 4284 329 4348 1114,
346 4283 386 4354 9.)
402 4303 458 4340 nun
475 4289 620 4358 redigisse.
631 4283 700 4358 11211.
718 4289 835 4340 Penates
854 4286 921 4355 Nep.
964 4301 1019 4340 orr.
1031 4287 1045 4358 11
1057 4290 1236 4341 deoraeneern
1251 4301 1295 4354 pr.
1307 4282 1339 4336 A.
1359 4284 1435 4335 deor*

207 4373 325 4414 seusam
342 4373 413 4414 surr·
430 4358 463 4415 A.
482 4361 678 4414 deorsaeneam
694 4355 729 4411 Β.

282 4555 310 4613 7.
328 4558 368 4613 ct
385 4558 465 4614 Dion.
481 4559 544 4612 Hal.
562 4559 583 4620 1,
601 4554 646 4611 tt.
673 4557 750 4609 Auet.
769 4558 804 4608 de
821 4559 890 4626 orig.
909 4558 982 4627 gent
1000 4557 1077 4608 Rom.
1098 4551 1140 4607 Π.

276 4629 431 4701 paneade·
449 4628 521 4694 deor)
556 4633 673 4683 Penates
692 4631 759 4681 deos
777 4644 795 4679 a
813 4629 902 4692 poetis
926 4629 1006 4680 etiarn
1024 4627 1178 4693 penetrales
1197 4625 1282 4676 dictos
1301 4633 1365 4672 esse
1383 4623 1438 4672 tre·

208 4704 278 4758 uuit
294 4705 350 4757 (ilc.
368 4702 396 4754 11
416 4703 454 4756 de
468 4705 524 4758 nat.
542 4705 616 4755 deor.
633 4696 684 4761 27,
703 4695 747 4752 118.
783 4700 822 4751 ct.
842 4713 910 4766 quos
931 4701 1006 4750 locos
1025 4700 1116 4750 citauit
1133 4696 1322 4754 Fercsllinius,
1341 4691 1437 4747 Senes.

209 4776 280 4830 θεὰ.
298 4769 360 4828 215.
378 4773 482 4829 Phoeu.
498 4770 560 4830 110.
595 4774 720 4827 sueres
736 4771 901 4840 murale
917 4769 1007 4823 inultm
1022 4770 1098 4822 libris
1113 4773 1223 4835 praeter
1235 4766 1437 4820 substituerunt.

1174 4856 1242 4924 11·
