3409 5400
286 494 352 563 288
725 491 785 557 nu
808 490 1071 559 MAIESTATE.

286 656 371 719 rima
393 651 504 738 Syllae
526 652 672 726 trieteris,
696 674 770 717 etun
792 655 985 738 praesertim
1009 655 1082 737 ipse
1103 651 1229 717 Marius
1253 673 1311 719 eos
1332 676 1352 718 s
1376 674 1507 719 conser-

287 760 397 827 uando
420 758 526 823 Mario
550 757 732 822 absterrere
755 771 880 845 posset.

245 870 274 935 7.
373 864 520 929 Marcum
545 886 675 951 quoqne
699 866 853 932 Porcium
878 866 1034 930 Catonem
1059 866 1231 931 admiratio
1259 869 1353 932 fortis
1378 890 1417 932 ac
1440 870 1507 933 sin-

284 993 380 1039 cerae
402 973 489 1037 uitae
516 970 600 1036 adeo
628 972 1008 1037 uenerabilernsenatui
1038 974 1114 1035 fecit
1147 986 1198 1047 ut,
1234 996 1308 1038 eum
1340 976 1440 1037 inuito
1471 974 1508 1037 G.

285 1080 428 1145 Caesare
445 1075 579 1143 consule
602 1076 765 1145 aduersus
788 1078 982 1164 publicanos
1006 1078 1145 1142 dicendo
1168 1080 1202 1143 in
1227 1082 1318 1145 curia
1341 1080 1427 1144 diem
1444 1091 1535 1145 tra-⁵
1558 1088 1563 1096 '

282 1184 376 1249 heret
389 1191 419 1249 et
435 1185 477 1247 ob
492 1184 526 1249 id
541 1185 635 1250 iussu
650 1186 721 1249 eius
738 1208 760 1249 a
772 1185 885 1250 lictore
900 1187 934 1249 in
951 1206 1115 1251 carcerem
1133 1185 1310 1260 duceretur,
1335 1188 1506 1251 uniuersus

284 1302 418 1356 senatus
441 1290 531 1357 iilum
553 1293 646 1377 sequi
670 1314 738 1357 non
760 1291 930 1355 dubitaret.
978 1289 1148 1371 Quaeres
1173 1291 1274 1356 diuini
1304 1294 1404 1357 animi
1433 1313 1505 1376 per·

284 1399 504 1463 seuerantiam
527 1396 624 1486 tiexit.

242 1502 273 1569 8.
371 1502 499 1568 Eodem
509 1502 605 1567 ludos
617 1500 773 1577 Florales,
791 1526 873 1588 quos
887 1503 1031 1568 Messius
1044 1503 1160 1569 aedilis
1173 1504 1324 1579 faciebat,
1337 1518 1505 1591 spectante

283 1609 422 1697 populus
443 1623 478 1673 ut
498 1612 619 1678 mimae
642 1596 842 1673 nudarentur
865 1610 1030 1694 postulare
1054 1610 1189 1675 erubuit.
1242 1610 1339 1691 Quod
1362 1635 1436 1677 cum
1465 1632 1543 1677 exre

281 1716 444 1792 Fauonio,
473 1717 675 1796 amicissImo
707 1716 788 1788 sibi,
822 1738 890 1780 una
918 1716 1051 1789 sedente
1081 1729 1274 1803 cognosset,
1304 1716 1459 1783 discessit
1486 1740 1503 1781 e

282 1821 423 1898 theatro,
451 1844 493 1887 ne
516 1823 705 1907 praesenda
727 1840 790 1887 sua
817 1820 995 1906 spectaculi
1025 1820 1293 1887 consuetudinem
1322 1823 1503 1907 impediret.

282 1928 388 2013 Quem
422 1930 595 2002 abeuntem
627 1927 753 2014 ingenti
787 1927 907 2011 plausu
936 1928 1076 2013 populus
1112 1940 1323 2013 prosecutus,
1359 1932 1502 2015 priscum

281 2058 406 2103 morem
433 2038 580 2100 iocorum
606 2036 640 2098 in
664 2053 798 2098 scenam
827 2035 1011 2107 reuocauit,
1040 2035 1213 2101 confessus
1244 2033 1315 2120 plus
1338 2024 1376 2097 ¹se
1398 2038 1502 2101 maie·

790 2160 1003 2173 ——n—u——u

284 2212 306 2265 i.
327 2212 447 2279 uictoria]
474 2208 536 2266 add.
561 2227 595 2263 ne
620 2214 646 2262 in
666 2225 713 2262 eos
733 2196 962 2264 conseruationem
982 2214 1059 2263 Marii
1081 2214 1252 2263 ulcisceretur
1273 2209 1501 2279 TorniiMarius]

281 2286 343 2337 sitia
360 2283 397 2336 D.
412 2282 463 2349 112.
482 2276 736 2347 absterrere-(3.)
756 2284 906 2351 admiratio]
928 2300 976 2334 om.
995 2283 1032 2339 Ac
1055 2284 1083 2335 ia
1100 2298 1183 2348 mare.
1202 2282 1311 2349 aseript.
1330 2301 1364 2333 m.
1384 2287 1502 2349 porcium

281 2360 411 2407 catonem.
424 2354 438 2421 Η
448 2358 580 2418 potuisset
588 2352 625 2405 D.
636 2354 650 2422 Η
661 2348 686 2404 3.
697 2358 724 2403 et
733 2356 855 2406 sincerae
868 2354 943 2407 Torr.
956 2355 968 2422 Η
980 2353 1005 2409 t.
1016 2354 1206 2419 uenerabilem]
1227 2356 1409 2405 adrnirabitem
1425 2354 1502 2408 Torr.

291 2426 305 2493 Η
317 2430 344 2479 C.
364 2426 493 2493 Caesare]
514 2442 610 2476 cesare
629 2440 657 2493 g.
675 2422 708 2475 B.
727 2426 762 2474 ia.
780 2442 877 2477 cesare
891 2426 928 2479 D.
969 2424 994 2479 5.
1014 2428 1113 2477 curiam
1133 2422 1290 2476 ABDEP.
1306 2422 1317 2496 Η
1333 2428 1502 2477 abstraheret

280 2494 467 2550 ABCDEI'.
487 2498 640 2547 extraheret
661 2494 737 2546 Torr.
750 2495 762 2560 Η
774 2492 799 2548 ti.
819 2502 846 2547 et
864 2512 913 2547 om.
932 2424 1054 2549 dBOD.
1068 2495 1080 2567 Η
1096 2498 1154 2545 eius
1173 2499 1247 2545 iusso
1269 2495 1347 2548 Torr.
1362 2496 1373 2563 Η
1389 2493 1413 2546 i.
1427 2499 1500 2549 dubi·

280 2571 346 2618 teuit
364 2566 399 2619 D.
412 2566 426 2633 Η
439 2566 480 2619 10.
498 2570 614 2633 populus
632 2594 667 2605 -
686 2561 752 2631 (14.)
771 2570 884 2635 morem]
904 2567 932 2619 ia
951 2582 1047 2619 rasura
1064 2567 1096 2619 A.
1111 2564 1123 2639 Η
1138 2569 1236 2631 populo
1253 2566 1289 2620 Ε.
1305 2568 1317 2637 Η
1332 2570 1457 2619 darentur
1469 2572 1500 2620 Γ.

292 2638 306 2706 Η
317 2656 335 2688 a
352 2640 458 2690 inuenio
476 2653 573 2689 rasura
590 2636 622 2696 A,
641 2636 704 2689 Par.
718 2636 730 2708 Η
748 2637 787 2689 li.
807 2656 861 2688 una
880 2640 1001 2706 sedente]
1022 2641 1125 2690 dicente
1138 2638 1174 2689 D.
1188 2634 1200 2706 Η
1216 2642 1388 2708 cognouisset
1406 2638 1501 2691 BPar.

283 2707 361 2762 'I‘ora
374 2714 555 2777 cognosceret
565 2708 625 2761 CD.
639 2715 785 2778 cognoscet
794 2708 825 2760 Γ.
838 2708 1010 2779 addaatpost
1020 2709 1068 2760 hoe
1076 2709 1183 2762 sabam
1193 2709 1329 2763 Martialis
1341 2711 1501 2778 epipramma

281 2778 304 2835 I.
327 2777 349 2832 i.
368 2780 422 2831 sic.-
440 2783 578 2832 Martiales
597 2797 695 2831 nosses
715 2783 836 2845 (nosces)
855 2784 928 2832 iocos
948 2799 1053 2833 sacrum
1073 2799 1132 2832 cum
1151 2783 1227 2832 dutce
1246 2783 1328 2834 florae
1346 2787 1392 2833 cic.
1410 2809 1446 2822 -
1465 2797 1501 2833 an

280 2855 340 2902 ideo
358 2854 460 2901 tantum
479 2867 594 2903 ueneras
613 2859 642 2901 ut
660 2855 748 2906 exires
766 2851 853 2911 (uarie
871 2858 1045 2920 corrupturus
1058 2859 1122 2920 post
1137 2869 1205 2920 pirae
1220 2859 1360 2922 separantur
1375 2855 1501 2904 discessit

281 2939 296 2974 e
315 2926 427 2975 theatro.
445 2920 570 2974 BCDII.
588 2921 689 2973 Eadem
707 2922 788 2974 lateat
804 2920 851 2972 sab
875 2921 956 2974 litare
975 2921 1032 2976 cod.
1057 2922 1089 2982 Α,
1116 2939 1166 2992 qua
1189 2923 1246 2974 seta
1262 2923 1375 2990 pecuina
1397 2919 1501 2974 Valerii

278 2992 361 3046 uerba
381 2993 501 3062 suppleta
518 2999 586 3051 sant.
606 2992 703 3057 titteris
721 2999 805 3044 tamea
822 2993 893 3044 altra
911 2992 1013 3046 modum
1031 2995 1140 3046 extentis
1162 2993 1190 3044 ia
1209 2993 1318 3060 inopum.
1351 2991 1381 3044 Ia
1400 2991 1458 3050 eod.
1475 2991 1501 3048 Γ

274 3072 338 3134 post
354 3083 397 3116 aa.
417 3067 633 3115 consuetudinem
652 3066 792 3128 impediret
811 3059 1033 3124 adductorium,
1054 3067 1115 3116 hinc
1135 3070 1161 3115 et
1173 3067 1233 3114 iliud
1249 3069 1417 3135 epigramma
1430 3081 1498 3116 mar·

280 3139 350 3190 tiaiis
369 3138 473 3186 Nosses
492 3137 583 3185 iocose
602 3150 709 3188 sacrum
728 3152 787 3186 cnm
806 3137 882 3186 dulce
906 3138 969 3186 tiore
989 3139 1126 3202 testesque
1153 3138 1227 3193 tusus
1247 3138 1273 3187 et
1291 3139 1399 3188 licentia
1417 3137 1498 3206 :reilgi

280 3211 331 3258 Cur
348 3206 375 3258 in
393 3207 528 3258 theatrum
547 3209 607 3256 cato
627 3221 722 3258 seuere
740 3207 845 3257 uenisti.
876 3205 917 3256 An
936 3209 995 3257 ideo
1008 3209 1108 3257 tantum
1122 3222 1236 3258 uenerus
1256 3209 1283 3256 ut
1302 3208 1399 3259 exires.
1435 3205 1498 3258 Tum

278 3283 419 3346 sequuntur
435 3277 584 3328 Abeuntcm
602 3293 665 3326 uero
683 3278 798 3340 populus
816 3278 919 3345 ingenii
937 3279 1042 3340 pilense.
1061 3269 1133 3398 Η13.
1151 3277 1304 3345 abeuntem]
1323 3283 1384 3344 post
1401 3279 1498 3342 piuusu

279 3347 312 3404 Β.
324 3350 339 3418 Η
351 3346 393 3400 ii.
410 3351 569 3400 reuocarunt
585 3343 742 3401 ABCDE.
766 3343 825 3400 Vid.
845 3345 882 3398 ad
904 3344 977 3402 Viti.
1000 3345 1042 3402 11,
1083 3384 1089 3397 .

782 3451 993 3468 ..ιώ-ῃ

348 3509 436 3578 Syllae
458 3506 584 3564 matema)
612 3509 723 3576 Pighius
756 3522 771 3558 c
794 3509 922 3572 pessimis
944 3510 996 3558 iltis
1020 3510 1113 3568 codd„
1138 3509 1268 3566 Susiano.
1293 3509 1498 3580 Pulmanniano.

277 3583 474 3639 Winehetiano,
499 3582 658 3646 Campensi.
688 3580 840 3643 posthaec
865 3595 907 3632 aa.
931 3581 1083 3630 inseruerat
1104 3595 1137 3630 ae
1160 3579 1188 3629 ia
1211 3595 1255 3630 eos
1277 3579 1497 3632 coarmatiaaem

277 3650 364 3706 Marii
384 3650 569 3706 sichcnetar,
596 3667 665 3716 quac
688 3653 724 3701 ab
743 3651 865 3700 omnihus
885 3651 952 3702 meis
971 3651 1195 3712 'Iorrenianisque
1220 3653 1498 3708 aiieuamaniIcstam

277 3725 520 3789 interpretationem
531 3723 727 3788 insequentium
737 3735 794 3772 eam
801 3721 960 3787 praesertim
973 3721 1029 3788 ipse
1040 3719 1147 3772 ItIariaa
1159 3725 1208 3771 otc.
1224 3723 1366 3780 continent,
1385 3724 1497 3786 ideoque

278 3810 296 3843 a
312 3809 357 3844 me
374 3796 505 3846 suadente
522 3796 576 3843 iarn
594 3793 731 3844 Perizonio
750 3807 766 3842 e
784 3795 926 3842 uerborum
945 3795 1037 3846 ordine
1056 3796 1181 3856 exempta
1200 3796 1270 3842 sant.

349 3861 374 3913 i.
393 3865 433 3914 ct.
450 3865 518 3914 Plut.
538 3866 594 3915 Cet.
613 3866 675 3915 inin.
694 3859 737 3915 3³.
756 3864 860 3914 Atteius
879 3863 973 3928 Capite
992 3857 1036 3928 ap.
1053 3863 1087 3916 A.
1106 3864 1218 3914 Gellium
1237 3864 1295 3922 IIII,
1316 3860 1357 3916 10.
1376 3863 1496 3929 (sueton.

277 3937 356 3986 Caes.
375 3931 419 3986 20.
436 3934 486 3982 Dio
505 3935 582 3985 Cass.
600 3935 749 3991 XXXVIII,
768 3929 806 3999 3.)
1347 3989 1350 3994 Α

348 4001 417 4055 dicar
435 4001 559 4063 traderet)
586 4007 649 4055 cod.
674 4007 775 4058 archei.
795 4003 965 4058 abstraheret.
1002 4005 1036 4057 At
1055 4009 1161 4056 ueteres
1181 4007 1325 4070 scriptores
1344 4002 1496 4057 abstrahere

277 4072 345 4128 diem
363 4076 465 4126 dixisse
484 4090 591 4139 pro-co,
611 4077 682 4137 quod
700 4079 745 4125 est
761 4075 865 4128 erasm
884 4078 928 4126 uel
945 4076 1089 4135 retrahere,
1115 4091 1202 4142 neque
1225 4079 1355 4140 exemptis
1380 4080 1496 4139 probare

276 4162 387 4213 possum
406 4149 433 4198 et
450 4148 560 4210 propter
578 4147 750 4201 surrectionis
768 4149 917 4204 notionem.
943 4165 1022 4212 quarn
1047 4149 1163 4199 eontinet
1188 4149 1361 4198 abstrahendi
1385 4151 1495 4196 uerbum

275 4234 310 4270 ne
334 4233 397 4271 uero
421 4213 509 4268 simite
533 4218 638 4282 quidem
661 4220 711 4268 est.
757 4220 900 4277 Quaeritur
924 4221 1009 4268 utrum
1034 4220 1147 4282 simplex
1171 4217 1276 4270 trahere
1299 4235 1333 4268 an
1360 4217 1496 4282 extrahere

274 4291 439 4355 probabilius
457 4290 641 4340 substituatur.
678 4290 729 4340 Pro
747 4304 789 4344 eo.
808 4291 880 4351 quod
899 4304 948 4339 nos
967 4291 1105 4346 edidimus,
1125 4289 1190 4340 iacit
1207 4291 1352 4340 Paridense
1370 4303 1494 4352 conmen-

274 4363 354 4420 dium.
373 4357 501 4412 aduersu
519 4357 677 4427 publicanos
700 4358 728 4409 ia
746 4358 822 4410 caria
841 4356 951 4410 diceudo
975 4374 1032 4410 cam
1057 4357 1125 4410 diem
1149 4359 1280 4414 arcam.
1326 4360 1398 4410 Idem
1418 4361 1493 4410 Paris

273 4449 326 4485 non
344 4442 468 4483 senatum
487 4432 536 4480 sed
554 4433 681 4494 poputum
700 4432 793 4481 Ceioni
818 4432 942 4481 comitem
967 4431 1088 4482 extitisse
1113 4433 1218 4490 scribit,
1245 4432 1286 4480 cai
1310 4432 1336 4479 id
1361 4431 1493 4480 reccidisse

273 4505 354 4555 refert
371 4503 531 4554 Plutarchus
550 4502 691 4553 disserenti
709 4504 801 4552 eontra
826 4503 913 4569 tegern
932 4501 1025 4552 iniiam
1050 4503 1082 4554 de
1102 4503 1243 4552 ‹iiaidendo
1262 4517 1329 4569 agro
1348 4503 1493 4564 Campano.

343 4571 369 4626 8.
388 4576 428 4627 Ct'.
437 4574 533 4624 Senee.
544 4569 639 4636 epidi.
659 4573 749 4636 (Mart.
764 4573 849 4638 epigr.
861 4573 880 4630 1,
904 4567 925 4621 I.
944 4573 1018 4621 Laet.
1034 4573 1094 4622 inst.
1111 4575 1163 4624 diu.
1182 4574 1202 4630 1,
1222 4570 1257 4624 20
1275 4589 1301 4635 p.
1312 4567 1492 4634 85Duiresn.)

343 4649 486 4708 amasset)
513 4645 581 4693 Num
605 4646 768 4692 contractam
788 4644 900 4692 sormam
920 4643 945 4694 h.
964 4643 982 4692 t
1001 4647 1121 4706 posuerit
1140 4645 1263 4694 Valerius
1285 4644 1392 4692 dubium
1410 4644 1493 4693 uideri

272 4715 371 4776 potest.
406 4720 493 4774 Quem
510 4717 601 4763 tamen
619 4715 683 4762 aiibi
694 4715 848 4762 constanter
860 4714 917 4762 sere
934 4713 1093 4776 optimorum
1105 4716 1229 4766 librorum
1243 4715 1296 4764 tide
1309 4715 1495 4768 eontirrnutstn
