3409 5400
309 454 374 529 436
530 454 590 524 DE
612 450 798 521 PIETATE
822 452 944 521 ERGA
966 452 1199 521 PARENTES
1221 453 1315 521 ETC.

308 614 444 708 trierque
466 618 633 685 mortifero
657 616 793 683 uulnere
815 616 900 683 ictus
925 617 1085 683 exanimis
1098 626 1367 704 prosterneretur.
1416 614 1569 679 Merito

309 728 484 794 adiecerim
507 726 629 815 populo
653 725 804 791 Romano
827 724 1010 789 libertatem
1033 746 1130 789 soum
1151 744 1276 812 magno
1298 724 1453 789 stetisse.

266 836 297 905 2.
398 834 479 901 Cum
512 844 620 900 nutem
648 834 682 897 in
710 831 821 897 medie
846 842 940 918 purte
966 831 1030 895 fori
1057 842 1154 897 uasto
1183 852 1223 895 uc
1245 831 1422 918 repentino
1450 828 1564 895 hiatu

308 957 394 1009 terra
423 941 607 1008 subsideret
633 960 897 1027 responsumque
928 950 1017 1003 esset
1047 959 1084 1003 eu
1115 961 1152 1003 re
1179 938 1269 1003 illum
1304 938 1562 1002 tantummodo

308 1050 453 1137 conpleri
474 1068 586 1135 posse,
609 1068 675 1133 quo
697 1044 838 1133 populus
855 1045 1027 1110 Romanus
1039 1044 1214 1130 plurimum
1228 1045 1362 1119 ualeret,
1389 1044 1585 1118 Gur-tium

308 1170 339 1221 et
363 1156 463 1222 animi
486 1165 517 1218 et
539 1153 671 1239 generis
695 1152 921 1217 nobilissimus
940 1150 1148 1227 adulescens,
1169 1153 1404 1239 interpretetus
1421 1153 1557 1217 urbem

308 1261 593 1327 nostrum-uirtute
617 1261 782 1348 armisque
805 1260 983 1345 praecipue
1007 1259 1180 1335 excellere,
1205 1260 1407 1325 militaribus
1432 1262 1557 1348 insig-

308 1370 404 1433 nibus
428 1378 563 1433 ornutus
594 1388 714 1456 equum
743 1365 952 1441 conscendit,
981 1388 1122 1454 eumque
1149 1366 1359 1431 uehementer
1388 1366 1555 1431 admotis

309 1476 491 1543 calcaribus
524 1477 735 1563 praecipitem
772 1475 807 1538 in
836 1472 917 1537 illud
951 1472 1149 1560 profundum
1179 1476 1262 1563 egit,
1296 1497 1399 1561 super
1440 1498 1554 1563 quem

308 1584 455 1649 uniuersi
478 1584 568 1649 ciues
591 1580 728 1647 honoris
752 1581 860 1669 gratia
886 1582 1032 1646 certatim
1059 1582 1173 1668 fruges
1202 1582 1399 1657 iniecerunt,
1434 1584 1584 1651 conci-u

311 1796 335 1853 1.
354 1798 483 1851 mortifico
502 1792 560 1848 AF.
575 1792 628 1861 112.
648 1796 790 1848 obiecerim
805 1811 851 1865 pr.
863 1796 894 1849 Δ.
914 1798 1055 1849 obiecerim
1077 1792 1200 1851 ODEF.
1214 1793 1228 1867 ΙΙ
1242 1797 1351 1866 magno]
1371 1792 1442 1850 edd.
1456 1800 1546 1849 eiiam

308 1873 393 1934 pretio
412 1867 441 1922 F.
454 1869 467 1936 ΙΙ
479 1864 505 1919 3.
525 1866 551 1930 S.
570 1862 595 1919 2.
614 1882 664 1917 om.
678 1881 723 1934 pr.
742 1865 779 1920 D.
795 1864 807 1939 ΙΙ
822 1869 924 1935 utitem]
944 1869 1015 1920 cuim
1032 1865 1065 1922 Γ.
1083 1864 1096 1935 [Ι
1111 1871 1225 1921 modium
1244 1875 1349 1932 purten
1373 1867 1434 1921 CD
1442 1868 1508 1922 EF
1511 1868 1545 1922 Γ.

323 1938 335 2010 11
350 1943 441 1993 bustu
470 1934 527 1999 (sed
539 1942 603 2006 poet
625 1938 642 1987 h
661 1936 785 1991 insertum
811 1944 955 2001 incorr.)
977 1938 1009 1989 A.
1034 1956 1052 1989 u
1077 1941 1150 1990 biuin
1177 1936 1206 1993 0.
1223 1940 1236 2007 ΙΙ
1253 1937 1279 1992 4.
1302 1942 1543 2007 responsumque}

309 2028 361 2077 quc
379 2026 429 2064 om.
447 2008 478 2064 Γ.
494 2006 506 2079 ΙΙ
526 2011 601 2060 esset
618 2038 653 2049 -
671 2010 755 2077 iilum]
776 2011 803 2063 iu
822 2025 920 2062 rasura
937 2008 969 2062 A.
989 2008 1002 2074 ΙΙ
1022 2026 1056 2061 ee
1073 2025 1123 2061 ont.
1143 2009 1261 2063 CDFI'.
1273 2011 1287 2077 ΙΙ
1303 2009 1329 2064 5,
1348 2026 1451 2062 cursus
1470 2010 1502 2065 Γ.
1516 2012 1531 2077 Η

309 2084 334 2138 i.
347 2084 468 2153 insigniis
480 2078 518 2135 D.
529 2080 543 2151 Η
555 2078 580 2133 8.
593 2082 714 2132 aseendit
723 2079 757 2135 E.
770 2080 908 2151 licumque
923 2080 951 2134 0.
965 2078 979 2152 ΙΙ
993 2084 1073 2133 urimo
1086 2109 1098 2135 ι
1112 2084 1146 2133 tls
1156 2080 1188 2135 A.
1201 2085 1336 2133 admotum
1347 2080 1376 2133 in
1385 2097 1490 2135 ταωνι
1499 2082 1539 2135 D.

812 2210 1026 2223 Da*

379 2281 516 2349 mortifico
534 2277 641 2331 sulem
657 2278 736 2335 ictus)
758 2281 826 2331 Mire
850 2280 966 2344 optimus
989 2280 1105 2330 omnium
1130 2280 1214 2330 codex
1234 2280 1379 2330 Berncnsis
1401 2279 1536 2348 mortifico

309 2357 427 2408 exhibet.
464 2356 556 2421 Neque
570 2353 638 2403 enirn
652 2352 778 2403 credibile
791 2354 833 2401 cst
846 2352 932 2401 solum
945 2352 1090 2410 Vuioriorn,
1109 2351 1155 2415 qui
1173 2351 1270 2415 etipse
1289 2352 1352 2401 aiibi
1363 2350 1533 2413 mortifera

309 2429 381 2487 dixit,
400 2442 453 2477 uno
472 2428 524 2477 hoe
542 2426 602 2475 loco
620 2423 751 2474 uocubuio
771 2436 848 2473 nsum
871 2436 950 2481 esse,
974 2425 1045 2485 quod
1069 2424 1176 2473 inflmuo
1199 2424 1305 2473 demum
1329 2425 1428 2473 uelatis
1447 2425 1532 2486 scrip·

308 2501 381 2548 toros
401 2498 586 2547 adhibuerunt.
627 2496 695 2545 cnut
712 2494 886 2544 Forccllinius
905 2492 1098 2545 Tertullianum
1122 2495 1149 2543 in
1172 2509 1254 2543 curm.
1273 2496 1335 2542 edu.
1353 2495 1438 2546 Mure.
1458 2489 1528 2549 45.

309 2571 379 2632 opud
397 2584 477 2631 quem
495 2564 655 2633 mortificare
674 2580 778 2631 quoqne
798 2570 824 2615 et
842 2562 1009 2631 mort'ficutio
1028 2566 1138 2628 saepius
1159 2569 1308 2617 occurrunt.
1351 2564 1418 2615 Fieri
1438 2570 1527 2615 nutem

308 2639 392 2703 potnit
410 2638 534 2688 facillime
553 2640 582 2685 ut
599 2638 723 2687 librarius
742 2638 849 2700 qnidam
867 2652 918 2701 pro
930 2634 1067 2703 mortifero
1080 2636 1192 2686 ior-mum
1210 2639 1351 2701 reponeret
1369 2650 1420 2685 sun
1437 2639 1526 2685 aetate

308 2710 480 2760 tritissimum.
517 2712 606 2767 Quare
625 2709 792 2776 uulgatorum
812 2708 995 2772 exemplorum
1014 2710 1172 2772 scripturum
1191 2709 1355 2758 retinendum
1371 2710 1444 2760 duxi.

379 2777 476 2828 Merito
501 2775 653 2838 adiecerint)
685 2779 783 2829 Probet
806 2780 959 2829 Perizonius
988 2776 1141 2839 obiecerim,
1169 2781 1240 2840 qood
1270 2781 1382 2829 aiterum
1407 2782 1522 2830 codicum

307 2849 435 2898 familiam
460 2849 613 2912 occupauit.
637 2849 716 2913 idque
740 2853 861 2907 enarret.
885 2851 1019 2902 obiecisse
1043 2851 1177 2900 Valerium
1202 2851 1301 2914 populo
1322 2851 1442 2901 Romano
1464 2867 1521 2901 eum

305 2921 465 2979 libertatem,
486 2935 564 2984 quum
583 2935 652 2969 nunc
671 2921 739 2970 odeo
758 2924 940 2973 contemneret
957 2937 990 2972 uc
1007 2924 1204 2986 pessumdaret,
1226 2923 1289 2971 olim
1308 2937 1408 2990 magno
1428 2925 1454 2973 ei
1470 2931 1520 2972 ste·

307 2993 382 3042 iisse.
425 2990 459 3040 nt
483 2991 617 3041 sententio
640 2991 709 3040 bueo
728 3005 745 3040 a
763 2993 852 3041 mento
871 2993 899 3042 et
916 2993 1036 3050 consilio.
1054 2994 1173 3043 breulius
1191 3008 1209 3042 u
1221 2995 1412 3045 consuetudine
1426 2995 1519 3044 vulerii

307 3062 475 3184 nqienissimu
499 3062 549 3114 eet.
593 3061 716 3126 Explicet
738 3062 869 3130 originem
897 3065 986 3114 mendi
1010 3065 1121 3127 entique
1143 3065 1201 3114 libri
1224 3065 1371 3116 Beroensis
1394 3067 1519 3131 scripture

304 3148 321 3183 u
339 3147 452 3186 renerum.

376 3202 401 3257 2.
421 3205 459 3255 ef.
477 3205 536 3258 Liu.
556 3199 656 3263 1’11,11.
683 3207 767 3256 Varro
787 3208 820 3257 du
838 3207 905 3274 ling.
923 3207 983 3256 Lot.
1004 3208 1038 3264 V.
1062 3203 1105 3259 32.
1130 3223 1156 3270 p.
1177 3202 1227 3258 148
1245 3206 1346 3277 Speng.
1370 3208 1445 3260 Dion
1463 3209 1516 3260 int

306 3293 364 3331 exe.
384 3278 445 3329 Vut.
469 3278 533 3328 Mul.
558 3277 617 3332 coll.
636 3277 673 3330 ll.
696 3291 725 3342 p.
749 3272 810 3330 4113.
834 3278 902 3330 Ptin.
926 3279 952 3330 b.
971 3293 996 3329 n.
1016 3279 1078 3338 XV,
1100 3275 1147 3338 18,
1169 3275 1214 3330 20.
1239 3279 1319 3330 Oros.
1338 3279 1382 3340 111,
1400 3276 1426 3330 ὃ.
1447 3281 1517 3331 Paul.

305 3351 373 3402 iiiuc.
392 3366 417 3400 u.
436 3350 595 3399 Curtilucnm
613 3363 639 3412 p.
657 3343 693 3398 49
711 3349 786 3399 Milli.
809 3349 907 3400 Zonur.
927 3350 982 3407 Vll,
1000 3347 1045 3401 25.

377 3435 408 3472 eu
427 3433 457 3471 re
475 3418 559 3486 illum)
578 3418 821 3469 Demersit-utinum
839 3435 987 3483 pronomen
1005 3435 1058 3471 non
1077 3423 1192 3472 hebetur
1209 3423 1235 3470 ln
1247 3423 1326 3473 bonis
1344 3424 1476 3474 codicibus
1492 3427 1515 3474 et

305 3495 400 3543 uberet
418 3494 477 3542 sino
495 3493 575 3542 dubio
593 3491 654 3540 olim
669 3507 685 3540 u
698 3491 827 3541 Beruensl
839 3505 946 3557 quoque
964 3493 1040 3543 libro.
1076 3492 1170 3554 Neque
1183 3495 1274 3543 temen
1287 3496 1424 3545 srrbuudiri
1435 3498 1515 3560 potest

305 3566 366 3614 nnio
386 3564 525 3614 relatiuum
544 3563 721 3618 enuntiatum.
745 3577 798 3627 quo
822 3565 923 3612 certum
942 3563 1048 3624 aliquod
1069 3578 1246 3627 personarum
1268 3567 1314 3613 sut
1332 3580 1418 3617 rernm
1436 3581 1514 3636 genus

305 3636 501 3686 demonstretur
519 3637 546 3684 et
564 3636 602 3683 itu
619 3634 742 3684 eximitur
760 3649 777 3684 e
796 3635 902 3692 ceteris,
922 3636 951 3684 ut
963 3635 1078 3684 exomtlo
1095 3634 1258 3698 iiiupondus
1269 3637 1404 3698 quoddam
1416 3641 1514 3688 hubent.

305 3705 344 3756 Cf.
362 3706 453 3756 Modo.
471 3721 585 3774 gramm.
604 3703 630 3767 S.
648 3700 709 3756 ³24.
727 3720 753 3756 n.
777 3701 797 3756 l.
833 3705 930 3767 linque
947 3707 1019 3756 recte
1037 3705 1183 3756 Torrenius
1200 3721 1232 3757 ec
1250 3708 1386 3772 suppleuit
1403 3714 1460 3760 unte
1475 3725 1511 3763 re.

305 3777 374 3838 quod
393 3789 462 3824 nuno
480 3776 650 3824 confirmetur
662 3775 764 3825 Paridis
778 3778 946 3828 auctoritato.
982 3777 1103 3841 liuppius
1122 3778 1193 3827 mule
1210 3779 1363 3830 coniecerat
1380 3781 1510 3850 legendum

305 3855 368 3892 esse
387 3855 417 3893 re
434 3842 481 3893 iliu
499 3841 673 3894 tantummodo
691 3843 808 3911 conpleri
820 3860 909 3913 pom.

376 3911 457 3962 animi
475 3918 501 3962 et
514 3913 619 3977 pencris
635 3911 820 3976 nobilissimus)
844 3917 940 3966 Notum
965 3919 1008 3967 est
1033 3919 1179 3986 genitiuum
1198 3920 1280 3972 animi
1300 3926 1456 3989 saepissime
1470 3927 1509 3976 uel

304 3984 376 4048 npud
400 3983 562 4043 antiquiores
586 3983 730 4047 scriptores
754 3989 872 4049 pendere
897 4002 914 4036 u
937 3989 1027 4041 uerbis
1051 3994 1097 4040 urrt
1120 3993 1259 4043 adiectiuls
1285 3995 1366 4044 enimi
1392 3997 1508 4062 qrrendem

303 4055 422 4106 hobitum
447 4056 526 4117 etque
551 4054 730 4105 condicionem
755 4057 952 4111 denotantibus.
989 4059 1027 4111 Ci.
1053 4063 1137 4114 Klotz.
1162 4063 1189 4113 in
1207 4065 1260 4114 lex.
1279 4066 1304 4123 1.
1326 4082 1352 4130 p.
1371 4064 1430 4120 418.
1460 4067 1508 4118 Sed

304 4128 395 4179 durius
415 4124 494 4190 poulo
509 4123 632 4172 Valerius
651 4125 687 4174 iiii
707 4126 824 4193 genitiuo
843 4129 956 4180 alterum
972 4145 1077 4196 quoque
1095 4135 1205 4201 generis
1223 4137 1357 4187 notionem
1376 4133 1506 4204 edepluuit

302 4199 471 4268 Quapropter
495 4197 571 4244 erunt
595 4193 713 4246 fortusse
739 4198 783 4262 qni
801 4198 944 4266 legendum
966 4206 1096 4253 censeant
1111 4202 1276 4257 nobilissimi.
1321 4209 1414 4276 Neque
1429 4215 1505 4262 tenen

301 4276 442 4344 quiequam
462 4265 629 4320 mutandum:
649 4279 711 4315 nem
730 4272 837 4331 praetor
856 4273 972 4323 animum
991 4275 1037 4324 iliu
1050 4276 1139 4326 aetate
1155 4279 1210 4328 ulie
1226 4293 1333 4342 quoque
1351 4283 1505 4333 substantioe

299 4345 343 4398 his
362 4340 501 4402 adjectitiis
520 4335 645 4404 subiungi
664 4338 796 4392 solebant.
826 4342 865 4393 Cf.
884 4343 988 4408 Zumpt.
1007 4359 1047 4413 gr.
1066 4347 1093 4409 ς.
1111 4340 1173 4400 tii.
1196 4349 1288 4404 Modo.
1308 4366 1347 4419 gr.
1368 4353 1394 4417 s.
1410 4348 1463 4410 288,
1478 4369 1502 4422 g.

264 4405 275 4414 ⁸
296 4415 391 4485 itaqu„
410 4411 532 4472 similiter
548 4421 661 4472 prorsus
679 4409 759 4460 locuti
777 4413 840 4462 erint
858 4413 981 4465 Valerius
999 4417 1047 4472 lx.
1067 4413 1091 4475 1,
1110 4410 1137 4475 3,
1163 4424 1190 4469 et
1204 4418 1318 4473 mini,
1336 4427 1362 4474 et
1379 4422 1454 4474 mini
1467 4439 1502 4475 ρ»

295 4489 417 4550 uellem,
434 4481 511 4539 uiros
528 4482 555 4530 et
568 4480 686 4531 Velleius
705 4481 737 4539 11.
750 4477 794 4540 27,
809 4481 833 4540 l.
850 4482 896 4537 uir
907 4484 989 4536 usimi
1000 4483 1111 4554 bellique
1113 4487 1291 4554 sucessimus.
1329 4499 1405 4557 erue
1416 4496 1500 4546 offatim

293 4555 435 4622 declarant
452 4559 529 4620 ipso!
548 4557 655 4603 ueteres
675 4553 701 4601 in
719 4553 764 4604 illo
784 4552 866 4607 uninii
887 4571 940 4606 non
962 4559 1109 4608 ublutiuum
1131 4562 1240 4624 prisone
1264 4566 1372 4634 linguae
1389 4565 1498 4626 (amir.

289 4635 369 4689 quem
388 4639 512 4696 „besso
530 4624 618 4674 docuit
636 4625 755 4675 Klotzius
774 4627 808 4676 ed
828 4627 881 4680 Cic.
900 4627 980 4682 Tuse.
999 4630 1019 4683 1.
1039 4627 1083 4690 41,
1100 4625 1137 4682 116
1154 4647 1181 4698 p.
1201 4628 1253 4684 1³8
1271 4641 1300 4687 ot
1316 4638 1344 4688 in
1357 4639 1467 4693 zeitschr.
1482 4639 1497 4694 Ε
1602 4634 1603 4653 ³

286 4693 424 4776 alterum.⁴
450 4691 529 4756 1835.
547 4711 573 4760 p.
592 4690 645 4749 142
663 4700 692 4749 et
707 4698 736 4751 in
752 4697 839 4752 lexico
858 4699 876 4751 l.
895 4715 928 4762 c..
947 4702 1079 4764 sensisse,
1097 4703 1146 4755 sed
1165 4705 1323 4774 genitiuum.
