3409 5400
288 464 352 532 ete
708 463 769 531 DE
792 460 1099 535 PAVPERTATE„

286 625 377 714 qnod
403 624 559 714 patellam
586 648 682 693 suam
710 646 831 691 corneo
866 626 1029 714 peduculo
1058 630 1215 695 sustineri
1241 626 1354 694 uoluit.
1399 628 1512 718 Papus

288 755 416 821 quoque
441 736 523 799 satis
546 735 706 809 animose,
728 734 784 821 qui
807 756 883 799 cum
904 733 1095 801 hereditatis
1110 738 1246 804 nomine
1261 758 1302 803 ea
1317 740 1513 825 accepisset,

285 840 455 927 religionis
480 862 583 909 causa
605 842 825 909 abalienanda
848 863 916 907 non
938 846 1074 928 putauit

242 948 276 1014 4.
372 947 424 1013 llli
445 951 543 1015 etiam
566 951 776 1036 praedicitur,
801 952 857 1037 qni
879 949 922 1014 ab
945 962 1054 1017 aratro
1078 953 1340 1027 arcessebantur,
1368 962 1406 1016 ut
1431 971 1511 1017 con·

286 1054 375 1121 cules
399 1056 522 1130 tierent,
545 1056 722 1143 uoluptatis
745 1080 849 1122 causa
872 1058 981 1121 sterile
1005 1070 1103 1146 atquc
1131 1061 1417 1125 aestuosissimum
1445 1060 1533 1124 ΡΜ

283 1162 394 1250 piniao
418 1162 526 1229 solum
548 1164 736 1240 uersabant,
761 1162 1016 1250 deliciarumque
1039 1169 1147 1253 gratia
1168 1169 1379 1232 uastissimas
1396 1166 1511 1250 glebae

286 1270 423 1355 plurimo
441 1286 533 1334 'cum
569 1270 690 1335 sudore
725 1270 941 1357 dissipabant.
987 1269 1091 1337 Immo
1124 1294 1217 1349 uero,
1251 1294 1336 1359 quos
1366 1272 1513 1360 pericula

285 1377 350 1441 rci'
363 1376 514 1463 publicae
542 1378 756 1463 imperatores
786 1378 998 1454 adserebant,
1034 1382 1209 1467 angustiae
1242 1380 1291 1444 rei
1328 1379 1512 1452 familiaris,

287 1484 363 1569 quid
400 1508 496 1549 cosso
528 1488 695 1573 proprium
730 1506 851 1549 nomen
885 1488 1015 1551 ueritati
1048 1486 1215 1553 reddere?
1247 1486 1407 1551 bubulcos
1440 1485 1513 1549 lieri

286 1592 460 1677 cogebant.
1520 1614 1549 1659 ro

245 1692 276 1757 5.
374 1696 507 1765 Atilium
544 1712 652 1765 autem
686 1702 741 1787 qui
776 1700 818 1764 ad
856 1723 931 1765 eum
960 1702 1197 1769 arcessendum
1227 1722 1249 1764 a
1274 1709 1393 1765 senatu
1414 1701 1513 1765 missi

237 1864 239 1868 .
287 1814 380 1868 erant
403 1804 446 1870 ad
474 1808 646 1891 imperium
669 1807 781 1894 populi
809 1807 953 1873 Romani
981 1806 1226 1893 suscipiendum
1259 1809 1388 1872 semina
1417 1828 1514 1893 spar-

287 1922 417 1999 gentem
440 1912 600 1977 uiderunt
646 1914 716 1977 Sed
737 1914 813 1979 illae
836 1915 959 1978 rustico
984 1933 1083 2002 opere
1107 1914 1245 1979 adtritae
1271 1936 1392 1980 manua
1422 1913 1512 1987 salu·

286 2030 350 2083 tem
380 2018 544 2103 publicam
574 2020 787 2095 stabilierunt,
816 2023 967 2108 ingentes
997 2020 1142 2086 boatium
1172 2023 1287 2106 copias
1315 2020 1512 2106 pessumde-

287 2126 413 2201 derunt,
430 2148 580 2214 quaeque
595 2128 696 2192 modo
713 2130 873 2194 arantium
887 2128 988 2193 boum
1005 2130 1120 2216 iugum
1130 2138 1292 2205 rexerant,
1304 2124 1511 2214 triumphalis
1521 2148 1549 2192 a

285 2254 399 2298 currus
423 2232 573 2299 habenas
596 2237 806 2312 retinuerunt,
830 2258 891 2301 nec
914 2237 975 2300 init
996 2233 1048 2299 bis
1069 2235 1169 2300 rubor
1192 2235 1336 2300 eburneo
1361 2235 1510 2319 scipione

285 2342 435 2428 deposito
460 2353 626 2429 agrestem
650 2344 769 2408 stiuam
792 2345 892 2408 aratri
915 2353 1072 2429 repetere.
1107 2342 1222 2407 Potest
1243 2362 1407 2429 pauperes
1429 2362 1509 2405 con·

288 2501 311 2555 1.
328 2505 451 2567 pediculo
471 2502 625 2557 narrar.
644 2508 670 2556 et
686 2518 756 2556 corr.
774 2502 843 2559 ΑΒ,
866 2500 944 2555 Torr.
961 2501 975 2570 ii
992 2502 1128 2569 sustineri]
1148 2503 1317 2571 sinestri‘pr.
1334 2500 1371 2559 E.
1387 2496 1444 2568 112.
1461 2516 1509 2555 no·

285 2576 363 2625 ruinis
382 2574 413 2627 d.
426 2569 476 2642 113.
494 2578 611 2697 reponis
631 2572 658 2627 C.
670 2575 684 2643 Η
696 2577 896 2645 abaligenanda
912 2573 945 2626 A.
964 2574 1122 2626 alienandae
1140 2572 1176 2626 E.
1194 2570 1248 2641 114.
1274 2575 1301 2638 §-
1322 2570 1349 2625 4.
1372 2588 1422 2624 ora.
1440 2570 1472 2626 Γ.
1483 2571 1499 2638 ii

285 2649 478 2697 auersabantur
495 2644 522 2697 Ε
550 2683 557 2697 .
571 2644 583 2716 ΙΙ
597 2644 623 2699 5.
642 2649 760 2700 sterilem
779 2644 933 2700 ABCDF.
947 2642 960 2716 ΙΙ
974 2647 1118 2713 puppiniae
1138 2643 1160 2697 C
1177 2650 1203 2696 et
1215 2659 1261 2714 pr.
1279 2642 1312 2697 ,4.
1331 2645 1456 2710 papiniae
1469 2641 1507 2695 D.

287 2715 328 2782 Cs-
348 2714 413 2775 llll,
432 2713 458 2772 8,
481 2715 504 2769 1.
517 2713 566 2784 1111.
584 2718 682 2788 gratia]
724 2721 772 2769 rat-i
790 2715 884 2771 ΑΘΕ.
902 2719 1002 2786 ygnari
1019 2715 1052 2770 B.
1067 2714 1080 2784 ΙΙ
1094 2717 1118 2768 8.
1138 2719 1176 2768 rei
1195 2717 1330 2784 publicae]
1349 2733 1375 2780 p.
1395 2731 1415 2768 r.
1434 2712 1472 2769 D.
1484 2713 1497 2781 ΙΙ

284 2783 309 2839 e.
329 2788 444 2853 ueritati]
465 2793 525 2836 nate
542 2791 677 2854 proprium
696 2736 728 2842 lg.
739 2788 752 2854 ΙΙ
764 2791 886 2840 bibuicos
905 2787 933 2840 F.
945 2790 959 2857 ΙΙ
978 2787 1019 2841 ll.
1038 2790 1146 2839 Attiiiua
1164 2785 1197 2840 B.
1220 2789 1326 2838 acilium
1344 2784 1373 2838 Γ.
1389 2785 1404 2852 {i
1419 2790 1507 2836 amem

284 2873 333 2910 om.
354 2856 378 2910 Γ
378 2897 384 2910 .
397 2859 411 2926 ΙΙ
423 2861 614 2912 accersendum
640 2858 666 2911 Β
675 2858 761 2914 CEF.
778 2861 791 2928 11
813 2858 851 2912 ld.
876 2875 970 2912 semen
994 2862 1185 2929 aspergentem
1209 2857 1333 2915 ABCE.
1359 2873 1442 2922 asper
1462 2872 1508 2910 ere

284 2926 392 2992 (omaso
411 2929 515 2992 semen)
534 2927 562 2981 F.
576 2927 642 2996 1115.
662 2933 758 2996 quique
774 2946 817 2998 pr.
838 2930 867 2983 C.
885 2929 898 2998 ΙΙ
914 2932 1006 2999 iugum
1025 2948 1074 2985 cm.
1092 2929 1154 2996 1³.ss
1174 2928 1215 2982 lii.
1233 2932 1266 2980 iis
1287 2927 1364 2980 Torr.
1380 2927 1394 2992 ΙΙ
1411 2945 1441 2980 ru
1479 2943 1508 2979 re

284 2997 321 3051 D.
340 3003 430 3051 rubori
449 2999 480 3053 Γ.
493 3000 505 3068 ll
521 2999 560 3053 ll.
579 3005 716 3070 agrestem
735 3017 784 3054 cm.
803 3000 834 3055 F.
847 3000 861 3070 Η
873 3004 1005 3053 aestiuum
1023 3000 1084 3055 AB.
1110 3004 1208 3052 stiriam
1226 2999 1262 3055 D.
1280 3000 1294 3068 ΙΙ
1311 3016 1457 3065 pauperum
1475 2997 1507 3050 A.

285 3068 347 3126 aaa.
366 3075 382 3124 i'
400 3088 534 3138 pauperes
553 3087 643 3140 usurpo
661 3071 692 3126 A.

351 3213 493 3286 peduculo)
521 3219 579 3268 Non
598 3231 682 3268 aursus
701 3231 761 3266 eum
780 3221 909 3268 damnare
929 3219 1088 3282 scripturam
1106 3217 1263 3280 optimorum
1282 3229 1446 3279 quorumque
1464 3229 1507 3264 ro·

284 3290 371 3340 dicum
391 3289 541 3339 testimonio
566 3289 764 3346 confirmatam,
787 3291 947 3354 pracsertim
972 3305 1031 3338 com
1055 3288 1155 3337 auinrai
1177 3289 1298 3336 eiusdem
1321 3283 1507 3350 appellationis

285 3363 363 3412 modo
381 3361 529 3425 pediculum
549 3362 627 3409 modo
647 3361 793 3423 peduculos
812 3363 909 3412 (licium
928 3362 971 3419 sit,
990 3360 1089 3410 etalio
1108 3374 1213 3424 qrroque
1231 3357 1377 3414 uocabula,
1404 3369 1472 3421 quae
1491 3371 1508 3404 a

284 3435 352 3500 pede
371 3433 525 3483 detinentur
542 3447 559 3482 u
577 3432 690 3482 iiitcram
710 3433 736 3482 iu
755 3448 788 3482 ea
806 3434 917 3497 syllaba
935 3433 1062 3489 babeant,
1080 3433 1109 3478 ut
1122 3427 1238 3496 pedalis.

358 3499 384 3552 4.
403 3505 443 3556 Cl.
462 3505 527 3556 Ptin.
547 3504 573 3553 h.
592 3519 617 3552 n.
636 3498 774 3564 xvt11‚3.
803 3505 868 3554 laur.
887 3505 982 3554 l’lrars.
1001 3503 1022 3561 1,
1043 3495 1100 3553 istil.

358 3571 384 3627 5.
406 3577 458 3628 Cio.
482 3591 531 3640 pro
554 3575 633 3626 Rosc.
658 3575 746 3626 timer.
773 3572 818 3636 18,
847 3569 883 3624 50
905 3578 933 3626 et
957 3574 1034 3624 Paria
1058 3574 1084 3622 in
1108 3571 1266 3634 compendio
1290 3571 1370 3621 buius
1393 3570 1508 3634 exempli

288 3643 403 3704 Atilium,
423 3649 451 3696 ut
462 3647 556 3697 consui
569 3647 652 3702 ilorci.
672 3649 707 3696 ab
720 3647 808 3698 aratro
821 3649 982 3698 arcessitum
995 3645 1121 3696 scribunt.
1158 3643 1293 3692 Honorem
1305 3643 1330 3691 ei
1341 3642 1508 3692 tribuendum

286 3719 415 3768 incertum
433 3720 539 3784 ruitquit
562 3719 625 3768 Plin.
646 3719 672 3768 b.
692 3734 716 3768 n.
729 3717 824 3776 XViii.
843 3712 870 3770 3.
902 3718 940 3776 nt
958 3716 1113 3766 dictatorem
1126 3729 1186 3763 com
1203 3713 1303 3762 iactum
1322 3727 1386 3763 esse
1402 3713 1510 3762 uadunt

287 3786 365 3837 Seru.
390 3790 423 3836 ad
449 3790 482 3838 Vi
509 3791 574 3840 Aen.
599 3783 651 3840 845
675 3795 702 3838 et
725 3790 916 3838 claudicare
941 3789 1026 3847 quart.
1046 3800 1120 3837 cons.
1140 3786 1237 3835 Honor.
1261 3778 1328 3842 115,
1352 3785 1507 3850 quibuscum

287 3858 378 3907 iacere
396 3858 641 3911 rridoturvaieriua
661 3860 699 3910 Cf.
720 3860 800 3908 ctiam
819 3861 872 3910 cic.
890 3874 939 3922 pro
955 3857 1027 3908 Sest.
1045 3852 1088 3914 3³,
1110 3853 1152 3907 72.

355 3925 454 3978 semina
477 3934 652 3995 sparpeatem)
680 3927 771 3980 Setaea
796 3933 987 3996 arperpeatera,
1016 3929 1085 3992 qood
1110 3927 1202 3991 optimi
1226 3927 1286 3977 iibri
1310 3927 1450 3983 exhibent,
1475 3927 1509 3976 dc

246 4003 249 4010 '
284 4001 391 4048 serente
411 3999 461 4046 dici
479 4015 531 4052 nou
549 4015 633 4063 posse
652 4002 762 4056 uidetur,
785 4002 836 4049 nisi
855 4001 969 4050 addatur
986 4003 1076 4049 terrae
1097 3999 1141 4050 uei
1158 3996 1248 4050 ateio.
1290 3997 1509 4048 Emendationem

284 4070 356 4118 baud
380 4071 459 4119 dubie
483 4085 574 4120 rueram
599 4073 699 4134 recepit
723 4086 757 4122 ca
781 4072 901 4119 codicum
926 4070 1041 4126 familia,
1066 4071 1100 4118 ad
1125 4085 1206 4131 quam
1230 4071 1364 4134 pertinent
1384 4066 1413 4118 D
1431 4071 1459 4117 et
1476 4065 1508 4125 Γ,

284 4155 417 4206 quamquo
435 4141 529 4190 merito
548 4143 633 4192 socrati
652 4144 713 4192 sunt
735 4143 897 4192 recentiores
921 4141 1098 4209 grammatici.
1137 4139 1230 4192 Sene·
1246 4144 1411 4208 marpessam
1428 4140 1512 4189 habet

284 4213 404 4276 utapro
423 4213 502 4263 iisse.
522 4211 608 4262 rimer.
628 4213 644 4264 i.
664 4229 687 4263 c.

354 4281 473 4350 acessit
489 4281 530 4334 lrt'e
553 4279 644 4343 rubor)
668 4285 803 4334 iiditiones
829 4285 891 4334 ante
913 4288 1035 4334 nostram
1059 4297 1154 4332 omnes
1178 4284 1240 4332 inde
1265 4299 1282 4332 a
1306 4283 1440 4351 Pighiana
1462 4294 1512 4331 aaa

276 4351 398 4423 sat't'lt'e
421 4351 526 4409 rubori,
543 4347 617 4420 ‘quac
637 4356 735 4405 uisitata
753 4358 796 4405 esi
815 4356 920 4407 locutio.
966 4356 1000 4405 At
1023 4357 1182 4418 optimorum
1207 4355 1327 4403 codicum
1351 4355 1511 4416 scripturam

285 4429 448 4478 retinendam
470 4427 554 4477 iuisse
573 4427 641 4476 irrrec
666 4428 790 4490 exempla
807 4428 973 4490 probabunt,
998 4427 1076 4478 Ouid.
1097 4441 1122 4478 a.
1141 4441 1194 4477 am.
1214 4425 1259 4481 111.
1281 4422 1329 4475 itit
1355 4422 1412 4476 Nee
1428 4420 1512 4475 rubet·

285 4503 325 4550 est
342 4497 432 4549 ambre
445 4497 546 4565 palam.
582 4497 646 4550 Tae.
666 4499 754 4550 Germ.
776 4491 816 4554 itt,
836 4493 893 4548 Nec
909 4494 992 4547 rabor
1009 4496 1078 4548 inter
1095 4495 1203 4547 comiter
1219 4492 1314 4563 aspici.
1350 4497 1429 4546 Ouid.
1445 4498 1511 4547 met.

284 4569 369 4628 xiiii,
391 4566 431 4628 18,
450 4567 540 4620 Pudor
559 4574 597 4620 ert
610 4568 743 4638 promtam
755 4581 901 4636 precesque
914 4564 1116 4636 Blmdidmae
1127 4581 1199 4618 meac
1216 4569 1412 4633 contemptaque
1428 4562 1513 4616 mia

285 4639 395 4704 referre.
432 4641 521 4690 Minus
539 4644 608 4692 bene
627 4641 771 4692 Torreniue
791 4641 958 4704 comparauit
974 4640 1043 4688 Liuii
1060 4639 1123 4697 iiii,
1145 4633 1190 4696 35,
1212 4636 1253 4696 11,
1272 4636 1397 4689 mers
1414 4635 1513 4704 quippe

287 4707 408 4770 roborem
413 4709 481 4779 sore
498 4711 526 4762 ta
537 4709 606 4764 iaris
616 4711 762 4780 iniquitate
783 4725 860 4778 pacm
871 4709 897 4762 et
903 4724 956 4778 per
975 4707 1157 4776 actaeae·
1168 4707 1286 4776 ipram
1299 4712 1513 4775 praemonear.
