3409 5400
490 502 572 571 LIB.
597 500 666 583 1111,
691 504 728 571 G.
753 506 784 584 3,
806 514 837 582 ς.
864 506 1056 575 12.--Εκ1.
1077 518 1106 586 t.
1130 512 1161 578 2.
1376 514 1442 581 att

307 663 343 731 ln
366 665 423 733 illa
451 686 580 753 quoque
608 667 762 750 procella,
791 688 890 755 quam
921 667 958 734 O.
981 666 1107 733 Marios
1136 681 1169 733 et
1189 670 1227 738 L.
1257 672 1364 739 Cinna
1394 676 1442 741 rei

217 772 367 859 publicae
391 773 583 847 inflixerant,
607 774 803 838 abstinentia
825 773 938 860 populi
956 774 1099 839 Romani
1115 777 1254 841 mirifica
1265 792 1442 867 conspecta

217 892 276 944 est.
310 878 397 945 Nam
421 900 494 944 eum
518 900 538 942 a
562 900 598 942 se
622 883 879 967 proscriptorum
902 891 1039 965 penates
1063 882 1156 969 uulgi
1184 885 1336 949 manibus
1366 887 1441 951 diri·

216 984 356 1071 piendos
381 986 589 1062 abiecissent,
612 988 748 1051 inueniri
771 1008 869 1051 nemo
888 990 1003 1072 potuit
1015 990 1071 1073 qui
1084 988 1171 1053 ciuili
1181 988 1270 1054 luctu
1282 991 1442 1075 praedam

188 1104 348 1178 epeteret.
395 1090 489 1155 Vnus
514 1094 599 1158 enim
624 1096 763 1181 quisque
788 1116 824 1159 se
848 1092 966 1158 abhis
990 1094 1127 1181 perinde
1155 1116 1195 1159 ac
1223 1096 1253 1159 si
1281 1118 1303 1160 a
1332 1100 1439 1163 saeris

216 1198 353 1263 aedibus
378 1198 540 1265 abstinuit.
577 1198 670 1285 Quae
689 1200 821 1285 quidem
841 1212 908 1264 tam
920 1202 1110 1265 misericors
1123 1201 1439 1290 continentiaplebis

215 1306 346 1369 tacitum
370 1303 548 1371 crudelium
571 1308 730 1371 uictorum
753 1308 938 1371 conuicium
960 1307 1028 1373 fuit.

303 1412 352 1475 Ac
377 1432 418 1475 ne
442 1410 591 1477 eiusdem
614 1412 722 1477 laudis
746 1414 1090 1497 commemorationem
1119 1417 1259 1480 externis
1289 1414 1520 1482 inuidea-llxt.
1540 1415 1570 1482 l.

213 1538 298 1592 mus,
328 1517 473 1582 Pericles
497 1518 746 1583 Atheniensium
771 1522 936 1605 princeps,
966 1541 1040 1584 cum
1065 1520 1310 1607 tragoediarum
1332 1525 1436 1609 scrip·

178 1634 316 1687 tutorem
338 1622 526 1709 Sophoclea
548 1626 582 1689 in
604 1636 757 1710 praetura
785 1625 948 1712 collegam
971 1625 1107 1690 haberet
1129 1637 1226 1712 atqua
1252 1628 1282 1691 is
1306 1628 1436 1712 publico

214 1731 323 1794 officio
348 1752 413 1795 una
436 1732 599 1795 districtus
623 1733 715 1817 pueri
738 1733 872 1816 ingenui
894 1733 1132 1816 praetereuntis
1160 1733 1300 1798 formam
1322 1736 1437 1819 inpen-

213 1836 353 1901 sioribus
378 1836 487 1901 uerbis
518 1836 697 1909 laudasset,
726 1839 1012 1922 intemperantiam
1040 1840 1113 1903 eius
1141 1840 1329 1924 increpans,
1358 1840 1438 1903 dixit

211 1945 372 2030 praetoris
395 1964 461 2007 non
486 1942 591 2007 solum
615 1964 733 2007 manus
758 1966 778 2008 a
801 1947 961 2029 pecuniae
984 1945 1074 2009 luero
1105 1945 1165 2010 sed
1192 1947 1291 2011 etiam
1321 1946 1435 2011 oculos

213 2072 234 2115 a
255 2050 431 2114 libidinoso
455 2061 590 2135 aspectu
614 2050 806 2115 continentis
832 2072 908 2114 esse
933 2052 1062 2115 debere.

176 2176 202 2221 te
302 2155 485 2243 Sophocles
521 2166 630 2219 autem
665 2166 771 2220 aetate
805 2157 872 2220 iam
907 2158 1028 2231 senior,
1062 2180 1138 2223 cum
1173 2160 1277 2223 abeo
1302 2158 1478 2245 quida1n2.

212 2274 384 2351 quaereret
407 2284 449 2326 an
473 2263 571 2325 etiam
595 2282 680 2325 nunc
710 2262 807 2325 rebus
839 2264 983 2327 ueneriis
1013 2273 1166 2339 uteretur,
1195 2262 1247 2327 ‘Di
1277 2264 1435 2337 meliora,

210 2371 323 2457 inquit.
370 2368 534 2433 ‘Libenter
558 2369 645 2431 enim
667 2368 764 2431 istinc
789 2378 956 2455 tamquam
980 2370 1143 2457 exaliqua
1158 2371 1285 2435 furiosa
1303 2370 1438 2456 profugi

211 2474 453 2541 dominatione)

717 2599 929 2613 Q·—

214 2690 237 2744 1.
257 2692 294 2742 rei
314 2689 447 2756 publicae]
469 2705 506 2741 ro.
526 2705 550 2754 p.
568 2686 628 2749 (nic)
652 2683 683 2738 F.
700 2684 712 2754 ΙΙ
729 2685 754 2740 2.
772 2690 930 2740 influxerant
955 2687 983 2742 O.
1007 2690 1137 2741 irritixerat
1159 2686 1194 2741 Ε.
1220 2688 1351 2742 afflixerat
1367 2684 1423 2754 El!

211 2760 237 2816 4.
257 2763 341 2828 potuit
359 2777 436 2811 nemo
460 2758 537 2810 Torr.
553 2757 564 2828 ΙΙ
578 2755 604 2812 5.
624 2761 709 2808 “enim
729 2761 849 2824 ‘quisque
867 2761 927 2823 (cic)
945 2760 976 2812 A.
996 2762 1107 2827 (petisque
1125 2763 1195 2812 enim
1208 2758 1273 2812 ΒΓ.
1291 2758 1305 2825 ΙΙ
1322 2761 1434 2826 perinde

211 2849 260 2884 oen.
280 2831 307 2885 l·'.
320 2833 333 2900 ΙΙ
345 2851 377 2882 ae
396 2833 419 2880 si
434 2857 446 2884 i
462 2848 479 2880 a
496 2828 528 2881 A.
547 2835 683 2894 tamquam
703 2845 720 2879 a
738 2827 774 2881 D.
794 2849 825 2881 ae
845 2850 863 2882 a
883 2831 959 2882 Torr.
971 2831 985 2896 [Ι
1001 2829 1027 2884 u.
1046 2836 1121 2892 Quae
1139 2859 1173 2870 -
1192 2830 1242 2895 (1.1
1262 2833 1310 2882 tuit
1332 2845 1382 2882 oen.
1400 2827 1433 2882 Γ.

224 2903 236 2975 Η
251 2909 276 2953 tt.
297 2906 329 2956 itt
348 2901 378 2954 F.
391 2902 403 2967 ΙΙ
416 2902 668 2952 commemoratione
687 2903 789 2952 exteris
807 2903 841 2955 Ε.
854 2905 868 2971 ΙΙ
883 2900 921 2954 to.
941 2897 1098 2966 sopnootd.
1115 2900 1222 2960 (lineola
1234 2901 1246 2916 ‘
1263 2917 1281 2952 a
1303 2907 1386 2961 corr.)
1400 2898 1432 2952 A.

211 2979 356 3040 sophoclen
375 2973 410 3026 E.
429 2974 590 3037 Sophoclem
609 2969 715 3023 FTorr.
731 2968 741 3039 ll
757 2979 810 3039 atq.
831 2976 853 3023 is
871 2973 932 3034 (tic)
945 2989 990 3042 pr.
1009 2971 1042 3024 A.
1060 2976 1089 3021 nt
1108 2976 1132 3022 ia
1153 2972 1176 3024 0
1192 2979 1217 3023 et
1234 2988 1304 3026 corr.
1322 2971 1355 3024 A.
1374 2973 1432 3022 acis

211 3047 243 3099 B.
262 3064 294 3096 ac
313 3049 355 3096 his
374 3043 408 3097 E.
428 3061 460 3094 ac
478 3041 509 3095 F.
529 3047 556 3094 et
574 3045 597 3094 is
617 3039 681 3096 ΒΓ.
694 3047 707 3112 ΙΙ
724 3042 762 3098 ll.
776 3048 970 3107 praetereuntia
982 3045 1090 3107 ingenui
1101 3047 1175 3107 pueri
1189 3042 1266 3096 Tora.
1277 3043 1291 3110 ΙΙ
1306 3040 1346 3096 12.
1360 3042 1430 3108 eius]

211 3121 235 3170 ei
253 3117 278 3168 B
297 3123 321 3168 et
334 3131 379 3184 pr.
398 3114 429 3166 Α.
453 3113 486 3166 Vt
504 3131 551 3166 noe
569 3112 647 3166 etium
657 3115 718 3170 Pur.
731 3116 744 3184 ΙΙ
759 3115 798 3170 tt.
818 3119 934 3180 praetori
952 3106 1146 3167 BCDI'Torr.
1170 3113 1203 3165 Vt
1214 3131 1261 3165 noe
1277 3113 1358 3164 etiae»
1368 3113 1431 3164 Par.

221 3183 288 3254 1111.
308 3186 430 3251 aspectu]
451 3187 548 3249 impetu
568 3185 596 3238 F.
611 3183 623 3252 ΙΙ
638 3189 803 3238 continentes
822 3185 883 3238 DE
889 3187 914 3238 F
917 3186 1026 3238 l'Torr.
1040 3183 1052 3254 ΙΙ
1074 3181 1114 3238 15.
1134 3189 1224 3236 autem
1241 3201 1291 3236 oin.
1310 3182 1341 3236 F.
1358 3184 1372 3249 ΙΙ
1390 3179 1430 3233 16.

210 3259 317 3310 ueneris
336 3255 360 3306 F
375 3261 399 3306 et
406 3269 451 3322 pr.
464 3254 494 3308 Α.
516 3260 639 3308 rtetieeeis
651 3256 678 3310 E
684 3256 708 3309 Γ
715 3257 791 3310 Torr.
803 3257 817 3324 ΙΙ
832 3257 872 3310 11.
891 3258 937 3324 ex]
951 3261 986 3309 ab
999 3256 1030 3310 F·
1041 3257 1055 3325 ΙΙ
1067 3274 1139 3319 aqua
1153 3271 1197 3324 pr.
1212 3254 1245 3308 A.
1259 3258 1270 3322 ΙΙ
1285 3256 1385 3306 furioso
1398 3251 1431 3304 B.

209 3530 312 3579 ‹iririssa
331 3527 413 3574 uerba
432 3523 576 3572 restitnerit
594 3525 750 3573 einendntor
768 3525 826 3573 libri
846 3524 999 3574 tiernensis,
1044 3523 1131 3571 Locus
1156 3522 1295 3570 dumtaxat
1320 3521 1432 3568 lacunae

209 3601 324 3650 incertus
343 3601 394 3652 est.
415 3609 473 3642 cum
493 3595 641 3644 sententiae
660 3609 747 3655 aeque
766 3595 908 3644 conueniet
926 3589 1009 3642 amin
1026 3607 1061 3641 un
1079 3587 1196 3641 motibus
1219 3593 1246 3639 et
1263 3585 1380 3640 noricae
1398 3603 1433 3638 αι

209 3669 298 3720 amis.
336 3668 376 3716 Ex
394 3666 479 3715 altero
498 3667 588 3714 tamen
608 3665 658 3714 hoc
677 3665 812 3715 librarium
831 3665 869 3712 ita
886 3665 1045 3719 aberrasse,
1071 3661 1293 3726 quemadmodum
1314 3661 1432 3710 erratum

209 3753 272 3790 ease
292 3739 414 3794 diximus,
434 3736 570 3797 aliquanto
589 3739 631 3784 est
650 3736 706 3785 ueri
725 3735 848 3784 similius.
886 3736 974 3795 Quare
986 3733 1162 3798 praetulimus
1181 3735 1252 3797 quod
1270 3733 1351 3800 uulgo
1370 3733 1432 3782 ede·

210 3815 286 3862 batur
304 3808 483 3860 emendatoris
500 3807 572 3856 iltius
590 3807 767 3857 coniecturae.

278 3879 310 3933 ln
327 3877 375 3930 illa
392 3892 491 3945 qaoque
504 3874 635 3944 procella)
653 3877 692 3929 Cf.
713 3878 778 3926 Vetl.
799 3877 856 3928 Pat.
874 3877 907 3931 11.
925 3871 969 3933 22.
989 3872 1014 3926 5.

274 3947 388 4019 perinde
406 3963 438 3999 ac
454 3947 480 3998 ei
498 3962 515 3998 a
532 3946 619 3998 aceris
637 3944 755 4010 aedibus)
778 3949 912 3996 Partieula
928 3945 954 3996 ei
980 3946 1006 3994 in
1025 3945 1144 4013 uolgatis
1163 3945 1321 3994 editionibus
1340 3945 1430 3996 deleta

124 4063 129 4074 .
208 4026 274 4082 erat,
292 4025 329 4072 ita
348 4023 376 4070 nt
394 4033 426 4069 ue
445 4021 612 4068 concurreret
631 4035 690 4068 eum
710 4019 840 4068 iioeahuto
860 4033 908 4081 per
925 4017 1047 4067 recentem
1059 4017 1175 4066 litteram
1187 4016 1338 4080 incipiente,
1358 4017 1429 4078 quod

208 4095 264 4144 fleri
284 4109 336 4142 non
354 4105 437 4154 posse
457 4091 594 4138 docuimus
614 4092 647 4139 ad
667 4089 711 4148 111,
724 4087 750 4148 2,
770 4095 823 4140 ext.
836 4085 862 4140 o.
899 4091 1068 4152 Quapropter
1079 4089 1142 4137 titud
1159 4085 1185 4138 ei
1198 4091 1270 4138 recte
1282 4101 1429 4138 reuocnaae

207 4166 271 4214 mihi
291 4165 382 4212 uideor
399 4162 551 4210 iubentibus
572 4161 646 4211 libris
665 4161 863 4223 manuscriptis,
885 4160 992 4209 etiamsi
1010 4161 1098 4208 simite
1116 4159 1266 4221 exemptum
1284 4173 1354 4208 nunc
1372 4159 1429 4220 qui·

208 4239 267 4284 dem
287 4247 339 4282 non
359 4232 517 4294 suppeditet.
538 4233 581 4280 ubi
595 4233 708 4295 simplex
726 4247 823 4282 nomen
842 4233 901 4280 sine
921 4232 1003 4280 inorbo
1022 4232 1048 4280 in
1061 4230 1240 4293 comparando
1253 4245 1302 4293 per
1316 4225 1430 4295 perinde

207 4320 239 4356 nc
256 4302 282 4354 ei
300 4305 456 4354 annectatur
475 4303 554 4366 atque
573 4317 607 4351 ex
631 4317 716 4368 aequo
742 4307 856 4366 ponatur
878 4301 932 4352 atii.
978 4301 1143 4365 Expectat-es
1167 4301 1237 4350 enim
1261 4305 1309 4349 aut
1330 4295 1365 4347 ab
1388 4296 1431 4347 hie

202 4371 317 4444 perinde
335 4377 410 4440 atque
429 4387 446 4422 u
464 4371 551 4424 sacris
569 4368 678 4422 aedibus
697 4371 822 4423 manauit
841 4375 887 4422 urit
905 4370 938 4422 ud
956 4369 999 4422 die
1010 4369 1124 4438 perinde
1148 4385 1179 4420 ae
1196 4369 1222 4420 ei
1238 4382 1333 4419 caerae
1350 4363 1431 4416 aedes

207 4451 291 4498 essent
304 4441 437 4496 deducu.
473 4445 539 4493 Mihi
552 4445 656 4508 quidem
672 4445 793 4494 Valerius
806 4444 993 4512 neglegentius
1008 4444 1090 4506 panto
1105 4443 1143 4491 ita
1155 4441 1299 4503 scripsisse
1318 4439 1430 4496 uidetur,

206 4522 235 4568 nt
253 4518 330 4574 aetio.
351 4529 420 4582 quae
439 4517 620 4570 desideratur.
640 4529 674 4566 ex
693 4517 775 4566 uerbo
794 4512 921 4565 abednnit
943 4514 1089 4578 repetenda
1113 4514 1148 4561 stt
1168 4507 1307 4569 (adetmait
1317 4504 1432 4576 perinde

207 4605 239 4640 uc
256 4587 281 4639 ei
299 4604 316 4638 a
333 4585 421 4638 emis
440 4583 549 4637 cedibus
568 4581 728 4640 abstineret).

278 4661 338 4708 Exi.
360 4654 381 4708 1.
402 4659 441 4710 Cl.
461 4659 514 4709 Cic.
534 4659 567 4706 de
586 4657 631 4709 oli.
651 4657 670 4712 l.
690 4651 733 4714 40,
755 4651 813 4706 itt.
832 4657 901 4706 Plut.
918 4656 1013 4706 Pei-iel.
1031 4653 1057 4706 8.
1077 4653 1152 4704 Steti.
1171 4665 1251 4702 serm.
1272 4650 1314 4702 l'l.

277 4728 303 4782 2.
323 4729 362 4782 Ct.
372 4729 426 4778 Cic.
436 4730 493 4780 Cat.
503 4730 565 4779 mai.
578 4723 617 4786 lt,
628 4723 671 4780 41.
689 4728 758 4780 Plat.
769 4729 802 4778 dc
813 4741 870 4790 rep.
879 4729 900 4786 1.
918 4743 945 4792 p.
963 4721 1017 4778 329
1034 4727 1065 4777 B.
1077 4724 1163 4775 dmm.
1176 4725 1260 4776 Marc.
1269 4723 1356 4783 XXV,
1369 4720 1431 4784 Η.
