3409 5400
559 500 642 575 LIB.
664 501 721 585 ΠΙ,
744 506 783 573 G.
806 500 837 583 2,
861 515 892 584 t·
914 507 968 576 2⁰.
992 503 1046 576 21.
1347 510 1414 583 tbi

190 658 314 729 uallum
336 664 482 749 proiecit,
506 684 543 730 se
561 669 669 753 ipsum
688 688 833 754 suosque
851 667 1101 743 commilitones,
1125 670 1156 733 si
1178 669 1276 758 signo
1297 669 1413 740 hostes

191 769 283 853 potiti
307 781 427 846 essent,
452 784 636 848 execratus,
662 783 693 837 et
713 774 757 838 ad
779 773 813 837 id
836 774 1013 859 petendum
1036 774 1256 861 subsequente
1280 777 1414 844 cohorte

191 878 314 960 primus
337 878 493 963 impetum
516 880 602 943 fecit.
638 876 735 959 Quod
751 890 786 942 ut
801 877 955 945 Valerius
973 881 1111 945 Flaccus
1130 882 1276 945 tribunus
1301 885 1415 948 tertiae

192 980 331 1069 legionis
361 985 503 1068 aspexit,
534 977 714 1050 conuersus
744 986 786 1050 ad
818 1008 916 1060 suos,
945 986 1194 1070 ‘Spectatores',
1223 989 1341 1075 inquit,
1370 999 1417 1053 ‘ut

166 1087 302 1162 enideo,
332 1088 459 1154 alienae
481 1092 609 1155 uirtutis
638 1090 701 1155 huc
724 1093 893 1168 uenimus3
923 1093 983 1157 sed
1007 1094 1093 1157 absit
1115 1094 1203 1157 istud
1226 1094 1370 1159 dedecus
1395 1116 1417 1158 a

191 1195 354 1281 sanguine
376 1208 499 1271 nostro,
522 1209 557 1261 ut
573 1198 716 1262 Romani
739 1198 846 1284 gloria
868 1198 986 1262 cedere
1005 1198 1131 1265 Latinis
1155 1201 1305 1267 uelimus.
1339 1200 1415 1287 ligo

192 1312 276 1364 certe
301 1313 356 1366 aut
379 1305 566 1389 speciosam
590 1304 701 1388 optaui
716 1316 852 1368 mortem
878 1317 933 1368 aut
953 1304 1084 1369 felicem
1108 1307 1267 1372 audaciae
1284 1308 1413 1375 exitum.

191 1405 368 1473 Velsolus
392 1427 602 1494 praecurrere
624 1420 759 1495 paratus
784 1410 876 1477 sum'.
919 1409 981 1474 His
1006 1413 1124 1476 auditis
1146 1412 1315 1477 Pedanius
1339 1433 1416 1478 cen·

192 1516 273 1578 turio
298 1517 491 1581 conuulsum
515 1519 647 1604 signum
668 1516 780 1581 dextra
795 1519 950 1592 retinens,
973 1516 1054 1583 ‘lam
1076 1517 1161 1594 hoc',
1184 1521 1297 1605 inquit,
1321 1521 1418 1585 ‘intra

153 1640 183 1685 to
190 1620 309 1685 hostile
329 1622 450 1687 uallum
466 1644 594 1689 mecum
611 1624 692 1697 eritr.
708 1621 851 1687 Proinde
869 1636 1048 1711 sequantur
1069 1626 1124 1710 qui
1142 1624 1178 1689 id
1194 1625 1268 1710 capi
1283 1624 1417 1697 nolunt’,

192 1738 225 1790 et
252 1748 325 1793 oum
352 1748 392 1791 eo
420 1732 454 1793 in
486 1744 595 1795 castra
625 1728 811 1793 Poenorum
839 1732 953 1815 irrupit
969 1735 1148 1817 'totamque
1179 1750 1292 1795 secum
1321 1733 1419 1796 traxit

190 1834 365 1921 legionem.
412 1834 462 1901 lta
473 1838 567 1901 trium
590 1836 760 1903 hominum
780 1832 874 1900 fortis
892 1837 1056 1902 temeritas
1072 1835 1302 1914 Hannibalem,
1317 1838 1418 1923 paulo

193 1951 267 2005 ante
295 1962 354 2027 spe
382 1964 444 2006 sua
472 1943 605 2029 Capuae
633 1942 823 2028 petitorem,
847 1963 889 2006 ne
914 1956 1095 2008 castrorum
1119 1942 1251 2029 quidem
1282 1964 1418 2009 suorum

192 2056 358 2132 potentem
381 2069 456 2112 esse
479 2070 583 2135 passa
606 2060 665 2115 est.
964 2030 968 2038 ’
1033 2037 1038 2043 ’

153 2170 184 2215 rs
283 2155 430 2235 Quorum
445 2156 556 2219 uirtuti
571 2155 651 2220 nihil
666 2154 751 2219 cedit
767 2154 807 2235 Q.
826 2154 958 2230 Occius,
981 2156 1035 2243 qui
1051 2168 1182 2244 propter
1196 2154 1417 2221 fortitudinem
1425 2151 1480 2221 21.

192 2260 339 2325 Achilles
363 2263 614 2348 cognominatus
639 2273 699 2326 est.
744 2261 830 2325 Nam
853 2274 890 2324 ut
903 2262 1031 2348 reliqua
1054 2265 1124 2352 eius
1148 2284 1251 2348 opera
1272 2284 1340 2326 non
1361 2282 1416 2326 ex·

194 2388 305 2455 squar,
330 2367 460 2433 abunde
483 2378 593 2431 tamen
610 2368 737 2432 duobus
753 2369 861 2443 factis,
886 2387 969 2454 quae
989 2369 1150 2434 relaturus
1166 2390 1250 2444 sum,
1275 2377 1415 2454 quantus

192 2475 328 2540 bellator
350 2476 445 2539 fuerit
467 2486 696 2561 cognoscetur.
744 2473 784 2554 Q.
801 2474 931 2538 Metello
948 2475 1083 2540 consule
1099 2475 1229 2563 legatus
1244 2476 1280 2540 in
1294 2473 1416 2560 Hispa·

699 2600 913 2616 *nnn-

199 2669 221 2725 l.
239 2671 349 2738 uallum]
367 2672 469 2724 bellum
487 2668 610 2726 scra.
629 2674 655 2723 et
672 2684 716 2739 pr.
733 2666 800 2725 AD.
815 2673 826 2739 ΙΙ
847 2686 965 2738 suosque
990 2670 1194 2740 commilitones]
1219 2669 1248 2723 is
1269 2684 1367 2723 rasura
1383 2669 1418 2724 Δ.

195 2758 312 2810 suosque
331 2744 430 2794 milites
449 2739 480 2794 Γ.
497 2743 510 2812 ΙΙ
527 2746 549 2794 si
572 2745 659 2812 signio
683 2742 712 2794 ia
729 2757 826 2794 rasura
844 2743 875 2795 A.
901 2745 923 2793 si
943 2759 974 2793 se
993 2741 1119 2796 BCDP.
1144 2746 1168 2794 si
1187 2759 1219 2794 eo
1240 2741 1354 2796 ETorr.
1366 2739 1418 2812 ua

196 2813 302 2879 cedere!
323 2819 382 2865 onte
399 2817 486 2883 gloria
504 2813 535 2867 Γ.
549 2819 614 2882 post
630 2816 734 2865 Latinis
752 2813 788 2866 Ε.
804 2813 817 2880 11
836 2815 917 2865 uelint
940 2809 1088 2882 30111111
1106 2813 1130 2867 7.
1149 2817 1243 2865 felices
1261 2827 1331 2866 corr.
1350 2813 1380 2864 A.
1393 2813 1408 2884 ΙΙ

196 2887 282 2936 exitus
300 2883 353 2953 Α.Ι
375 2881 400 2936 8.
423 2887 509 2952 solus]
536 2883 598 2936 add.
622 2887 630 2936 i
652 2889 703 2938 itur
722 2883 824 2953 Turni!
839 2886 973 2950 pedanius
990 2883 1115 2938 ancl).
1140 2889 1291 2950 padannius
1309 2881 1344 2935 Ε.
1368 2885 1417 2950 pi·

196 2955 291 3006 damus
309 2954 341 3009 Γ.
363 2953 425 3022 110.
444 2959 520 3020 proin
538 2954 600 3023 Β.ΙΙ
616 2901 655 3008 l‘d.
675 2957 820 3023 bominum]
847 2958 963 3008 uirorum
988 2971 1057 3008 corr.
1078 2954 1112 3017 0,
1138 2955 1215 3009 Terr.
1232 2957 1245 3027 ΙΙ
1266 2950 1305 3008 13.
1331 2972 1420 3021 copus

195 3023 222 3077 Γ
238 3032 263 3076 et
278 3041 321 3093 pr.
339 3025 376 3079 D.
394 3027 408 3095 ΙΙ
424 3031 555 3092 potiorem
569 3042 616 3095 pr.
633 3025 664 3078 A.
683 3030 823 3092 petitorem
841 3025 875 3080 E.
891 3026 904 3095 ΙΙ
925 3023 964 3080 lt.
983 3030 1128 3093 potientem
1152 3043 1222 3081 corr.
1245 3026 1279 3080 A.
1298 3024 1311 3095 ΙΙ
1332 3024 1373 3080 15.
1393 3045 1418 3096 q.

195 3095 365 3218 lgcedddtallo
376 3099 509 3220 qdcocius
527 3095 561 3150 Ε.
580 3104 611 3161 Q.
631 3101 720 3184 Cetius
741 3095 818 3152 Torr.
829 3098 843 3168 ΙΙ
859 3094 898 3150 16.
916 3097 1068 3167 ut-(18,)
1088 3103 1266 3169 cognoscetur
1283 3115 1332 3151 om.
1351 3095 1383 3150 Γ.
1394 3099 1409 3168 ΙΙ

195 3375 394 3432 similitudinem
412 3380 483 3433 ucri,
506 3381 630 3446 quoniam
648 3383 742 3432 Vibius
761 3381 890 3450 Pelignae
909 3382 1027 3432 cohortis
1044 3383 1217 3446 perhibeatur
1235 3367 1322 3430 fuisse
1341 3393 1419 3443 prae·

195 3451 291 3507 tectuS,
312 3449 402 3499 Accua
420 3453 509 3501 autem
528 3451 640 3514 Apuliae
659 3453 784 3516 oppidum
803 3454 883 3502 ruerit
900 3452 971 3502 circa
989 3453 1130 3504 Luceriam
1155 3454 1225 3516 (Liu.
1245 3450 1354 3507 xxtm,
1374 3447 1418 3510 20,

196 3519 226 3586 8)
245 3523 313 3571 lnter
336 3521 404 3571 aiios
422 3521 546 3572 Dukerus
565 3521 619 3572 ium
638 3521 776 3571 adnoteuit
799 3525 833 3570 ad
854 3524 911 3574 Liu.
929 3523 1016 3578 XXV,
1039 3518 1078 3581 11,
1097 3519 1122 3573 i.
1159 3523 1258 3585 Aperte
1276 3522 1349 3570 salsa
1367 3522 1418 3581 est,

196 3595 260 3660 quia
284 3593 376 3641 Liuius
401 3595 495 3643 eodem
526 3593 613 3655 capite
644 3593 669 3655 s.
700 3587 738 3643 13.
763 3593 829 3640 solis
860 3593 902 3642 bis
927 3593 1077 3640 nominibus
1102 3591 1254 3642 Accuueum
1279 3592 1420 3658 Pelignum

196 3665 295 3726 duplici
313 3665 415 3726 patriae
435 3664 629 3732 significatione
649 3664 776 3712 denotare
794 3677 846 3710 non
866 3663 964 3724 potuit;
985 3677 1018 3710 cx
1037 3677 1089 3726 quo
1108 3662 1168 3712 loco
1187 3664 1301 3726 apparet
1319 3677 1419 3729 cogno·

196 3735 277 3784 minis
300 3736 385 3784 instar
409 3737 510 3786 babere
528 3732 672 3786 Arearum.
700 3735 769 3782 undo
794 3733 872 3783 facile
895 3734 923 3784 iu
947 3733 1087 3797 utrumque
1112 3748 1230 3783 errorem
1253 3730 1369 3783 Ascuam
1393 3734 1420 3782 st

196 3802 309 3855 Aeacum
327 3805 394 3854 Liuii
414 3809 440 3857 et
458 3807 557 3857 Valerii
582 3807 609 3856 et
627 3803 730 3855 Paridis
756 3805 857 3853 librarii
876 3803 993 3853 incidere
1011 3806 1165 3866 potuerunt.

267 3873 293 3925 si
315 3873 388 3941 myro
412 3874 507 3938 testes)
539 3875 650 3926 Constat
674 3876 850 3940 archetypum
876 3875 947 3923 mele
976 3875 1131 3924 exhibuisse
1153 3873 1178 3925 si
1201 3889 1229 3926 se
1251 3874 1344 3926 testes.
1385 3871 1421 3924 nt

198 3947 303 3996 Paridis
334 3949 518 4011 compendium
547 3964 596 4011 pro
626 3961 654 4002 ν
678 3947 858 4012 reponendum
889 3958 952 3995 csse
979 3947 1145 3995 demonstrat
1174 3944 1261 4011 apso,
1291 3945 1361 4011 quod
1391 3947 1420 3995 in

197 4018 278 4070 malis
302 4019 460 4081 quibusdam
491 4020 565 4070 libris
590 4019 725 4069 inuentum
750 4020 913 4082 probauerat
930 4015 1089 4074 Turranius,
1119 4018 1162 4082 qut
1187 4018 1291 4066 Liuium
1315 4031 1421 4082 quoque

199 4091 232 4138 in·
245 4089 296 4137 trac
316 4089 427 4139 historia
444 4091 487 4138 bis
505 4087 601 4140 aestuo
618 4103 696 4139 usum
716 4103 780 4139 esse
799 4089 994 4138 animaduertit.
1024 4083 1171 4153 (adreptum
1199 4085 1322 4138 saluum
1347 4091 1422 4138 bans

197 4156 295 4208 ⁸an
312 4156 423 4209 testium
441 4159 555 4211 emeat.
591 4158 741 4211 neamus
758 4157 820 4210 inde
837 4173 915 4227 seque
927 4160 952 4209 et
964 4156 1102 4211 solertem,
1122 4157 1147 4208 si
1159 4155 1215 4209 eius
1227 4155 1318 4210 omui
1335 4154 1422 4208 testes

249 4228 276 4289 'tr‘
294 4235 396 4292 essent.)

192 4234 253 4296 Μ
270 4291 313 4352 21.
334 4299 365 4358 Q.
385 4299 494 4362 Occisa)
516 4303 556 4352 Dc
581 4302 725 4352 fortissimo
749 4297 801 4352 hoc
824 4301 957 4351 bellatore
980 4301 1086 4350 aliunde
1107 4301 1171 4349 nihil
1190 4299 1355 4363 compertum
1373 4297 1422 4344 ha·

197 4373 301 4423 bemus¹
339 4373 432 4437 ltaque
450 4389 503 4423 non
523 4375 594 4422 licuit
612 4375 728 4422 omniurn
744 4373 936 4437 propemodum
954 4373 1080 4422 librorum
1099 4375 1126 4420 et
1138 4371 1241 4420 Paridis
1262 4370 1423 4429 scripturam

198 4443 225 4492 iu
245 4444 353 4494 dubium
371 4457 478 4494 uocare.
521 4444 595 4494 Occil
618 4445 709 4507 plures
733 4445 759 4492 in
785 4443 999 4505 inscriptionibus
1023 4442 1198 4492 inueniuntur.
1227 4439 1265 4488 Cf.
1285 4438 1357 4488 Grut.
1376 4452 1424 4498 pp.

199 4507 260 4568 948.
281 4511 305 4565 7.
324 4507 385 4572 830,
405 4510 431 4564 3.
469 4517 567 4565 Occiae
586 4515 695 4582 uirginis
715 4514 833 4563 Vestalis
853 4515 970 4563 meminit
988 4513 1052 4563 Tac.
1065 4513 1090 4560 11
1103 4526 1164 4561 nnn.
1177 4505 1221 4561 88.
1257 4509 1298 4558 De
1311 4507 1423 4557 Achillis

201 4587 360 4650 cognomine
392 4601 472 4651 quarn
497 4599 561 4636 uere
590 4586 708 4635 retulerit
732 4585 858 4634 Valerius
887 4585 992 4640 nescio;
1022 4583 1092 4645 quod
1123 4581 1194 4630 certe
1223 4581 1258 4628 ob
1285 4579 1426 4698 inpentem

201 4655 380 4706 tortitudinem
403 4657 434 4708 L.
453 4655 540 4706 Sicclo
558 4655 672 4706 Dentato
691 4657 816 4704 tributum
839 4667 902 4704 esse
920 4656 1053 4705 testantur
1070 4651 1101 4701 A.
1122 4651 1223 4699 Gellius
1241 4649 1274 4707 11,
1296 4646 1307 4698 1
1335 4684 1342 4707 ,
1364 4645 1375 4698 t
1398 4649 1426 4698 ct

200 4725 275 4776 lest.
294 4741 319 4779 u.
339 4728 517 4780 obsidionalis
537 4743 635 4778 corone
652 4742 679 4790 p.
700 4722 751 4777 190
769 4725 844 4776 Muti.
887 4726 954 4775 item
978 4741 995 4772 a
1019 4723 1077 4773 solo
1103 4722 1209 4773 Valerio
1233 4721 1330 4774 noetus
1353 4719 1426 4774 iltius

1192 4809 1235 4877 17
