3409 5400
289 504 354 571 114
732 500 793 567 ul:
815 498 1066 569 RELIGIONE.

196 723 198 725 ,
286 666 362 751 lege
385 665 571 750 inrogatum
594 672 660 735 est3
691 662 873 726 iustissime
901 661 1050 747 quidem,
1079 659 1158 748 quia
1183 662 1256 746 pari
1283 658 1427 727 dedicta
1444 678 1492 745 pe·

287 780 415 837 rentum
438 792 477 834 ac
501 768 637 833 deorum
659 767 793 832 uiolatio
816 768 980 853 expianda
1002 778 1062 833 est.

224 878 277 945 14.
375 876 445 943 Sed
468 896 554 962 quae
570 874 613 939 ad
625 874 809 939 custodiam
819 874 988 961 religionis
1012 873 1165 949 adiment,
1189 873 1302 939 nescio
1326 895 1370 938 an
1393 892 1493 937 omnes

286 985 332 1051 M.
361 983 477 1049 Atilius
507 980 658 1069 Regulus
685 982 917 1065 praecesserit,
953 983 1009 1067 qui
1040 1003 1081 1046 ex
1111 982 1234 1047 uictore
1263 980 1494 1065 speciosissimo

285 1092 414 1158 insidiis
436 1086 657 1153 Hasdrubalis
687 1098 719 1150 et
746 1087 905 1173 Xantippi
934 1086 1188 1153 Lacedaemonii
1214 1087 1308 1153 ducis
1339 1086 1383 1151 ad
1409 1087 1516 1151 mise-⁵

285 1199 423 1263 rabilem
445 1194 565 1281 captiti
583 1194 748 1259 fortunam
770 1193 930 1259 deductus
954 1215 993 1259 ae
1016 1196 1140 1259 missus
1164 1194 1208 1259 ad
1230 1204 1381 1259 senatum
1403 1212 1496 1278 popu·

284 1305 419 1391 lumque
441 1302 630 1367 Romanum
651 1299 799 1389 legatus,
821 1312 858 1365 ut
881 1307 947 1381 [cx]
972 1320 1008 1367 se
1033 1314 1152 1365 etune
1177 1312 1209 1365 et
1230 1322 1310 1366 sene
1333 1298 1496 1385 conplures

286 1411 476 1476 Poenorum
497 1410 635 1474 iuuenes
647 1420 873 1494 pensarentur,
896 1410 931 1473 in
953 1409 1153 1475 contrarium
1175 1408 1252 1473 dato
1276 1390 1499 1473 consilioKar·

244 1536 250 1543 ·
286 1517 456 1604 thaginem
479 1520 566 1602 petit,
589 1537 657 1580 non
679 1515 812 1601 quidem
833 1516 971 1602 ignarus
995 1515 1038 1579 ad
1057 1536 1157 1602 quam
1169 1514 1318 1579 crudeles
1343 1532 1498 1601 quamque

285 1626 401 1690 merito
423 1623 485 1689 sibi
495 1623 634 1687 infestos
658 1622 766 1701 [deos]
789 1632 1015 1697 reuerteretun
1039 1642 1154 1687 uerum
1171 1623 1249 1709 quia
1264 1620 1318 1685 his
1333 1622 1534 1691 iuraueratw

286 1734 316 1797 si
343 1731 466 1814 captiui
498 1750 613 1793 corum
644 1727 762 1791 redditi
795 1750 863 1792 non
885 1729 1005 1803 forent,
1041 1728 1085 1793 ad
1120 1750 1177 1792 eos
1211 1749 1286 1793 sese
1319 1724 1500 1791 rediturum.

284 1838 466 1902 Potuerunt
487 1835 634 1919 prolecto
662 1833 707 1897 dii
735 1834 925 1899 inmortales
950 1834 1119 1899 efferatam
1146 1834 1296 1920 mitigare
1325 1832 1500 1898 saeuitiam.

287 1944 449 2018 Ceterum,
473 1961 538 2027 qno
561 1939 680 2003 clarior
698 1951 787 2003 esset
805 1939 894 2004 Atilii
911 1939 1026 2027 gloria,
1049 1923 1501 2033 Karthaginienses'moribus

286 2050 357 2115 suis
384 2048 431 2112 uti
458 2047 553 2132 passi
582 2059 674 2120 sunt,
710 2047 804 2109 tertio
831 2046 958 2111 Punico
989 2047 1074 2111 bello
1102 2047 1347 2134 religiosissimi
1374 2044 1502 2129 spiritus

283 2168 353 2222 tam
375 2152 548 2220 crudeliter
568 2152 678 2219 uexati
699 2150 789 2217 urbis
814 2174 929 2219 eorum
950 2154 1080 2219 interitu
1103 2154 1190 2217 iusta
1205 2153 1347 2219 exacturi
1365 2147 1540 2237 piaculare

283 2344 519 2418 tesselini.
539 2348 604 2415 Sed]
624 2345 687 2399 odd.
705 2350 733 2399 in
751 2350 793 2399 iris
814 2346 891 2401 Torr.
904 2346 917 2415 ΙΙ
929 2350 1015 2400 omnis
1033 2346 1071 2400 D.
1083 2344 1133 2417 114.
1153 2350 1251 2399 attilius
1269 2346 1301 2401 A.
1321 2347 1418 2397 altitius
1437 2342 1468 2395 Β.
1481 2342 1494 2413 ll

283 2425 393 2476 uictorie
410 2419 446 2474 E.
464 2419 477 2488 ΙΙ
490 2422 693 2484 speciosissima
709 2416 742 2470 Β.
761 2418 774 2489 ΙΙ
791 2415 816 2469 5.
835 2421 988 2470 asdrubalis
1002 2434 1047 2488 pr.
1060 2418 1092 2470 Α.
1110 2418 1123 2487 ΙΙ
1141 2424 1167 2470 et
1190 2421 1325 2483 xanctippi
1343 2414 1440 2469 Aci).
1472 2429 1506 2465 cx

283 2496 385 2560 antippi
403 2491 436 2544 Β.
448 2492 461 2560 ΙΙ
479 2490 505 2542 1.
517 2491 562 2557 ex]
582 2490 639 2541 siae
655 2489 731 2542 cade
751 2488 828 2541 Torr.
840 2490 853 2558 ΙΙ
871 2488 896 2541 8.
909 2506 1056 2555 poenarum
1070 2505 1115 2558 pr.
1126 2489 1159 2541 A.
1171 2490 1185 2559 11
1195 2486 1341 2555 pensarerit
1357 2486 1393 2540 E.
1404 2486 1418 2553 ΙΙ
1430 2488 1506 2536 char-

275 2560 502 2684 'tagiuemlprud
528 2564 713 2629 carthaginem
730 2559 843 2612 carad.
861 2560 874 2627 Η
891 2558 917 2612 9.
941 2562 1016 2626 petiit
1040 2558 1106 2613 DE.
1138 2562 1242 2627 repetiit
1263 2558 1339 2613 Torr-
1356 2559 1370 2626 ΙΙ
1388 2556 1506 2625 quidem]

284 2638 354 2702 quod
372 2632 396 2685 A
435 2630 457 2685 0
474 2637 499 2683 et
508 2645 577 2682 corr.
586 2629 624 2683 D.
643 2646 692 2682 om.
705 2628 733 2684 li
751 2636 778 2682 et
787 2645 834 2700 pr.
843 2628 882 2689 D,
904 2628 979 2682 Torr.
992 2630 1005 2700 Η
1017 2632 1051 2681 ad
1068 2632 1158 2700 qnam]
1179 2634 1232 2697 atq.
1245 2646 1292 2700 pr.
1304 2627 1336 2682 A.
1347 2626 1361 2697 ΙΙ
1374 2640 1508 2695 quamquo

283 2705 312 2756 ιἰι
329 2718 426 2757 rosera
443 2701 475 2755 A.
507 2719 611 2769 quoqne
628 2697 661 2753 B.
678 2700 693 2769 ΙΙ
713 2701 752 2753 10.
773 2703 834 2770 sibi]
856 2716 905 2754 om.
918 2717 965 2770 pr.
977 2699 1015 2754 D.
1030 2707 1094 2771 poet
1110 2705 1223 2755 infestos
1243 2715 1312 2754 corr.
1331 2697 1367 2752 D.
1385 2699 1399 2766 ΙΙ
1417 2701 1445 2750 et
1467 2701 1507 2749 in·

281 2778 369 2827 festos
388 2771 507 2825 corr.D.
524 2772 538 2839 ΙΙ
556 2771 633 2839 deos]
652 2775 747 2825 hostes
768 2772 804 2826 E.
828 2787 878 2824 om.
895 2771 932 2826 D.
961 2773 1019 2826 ειίιι
1040 2773 1116 2827 aare
1141 2772 1217 2826 Torr-
1235 2772 1249 2844 ΙΙ
1268 2771 1309 2826 11.
1335 2786 1366 2824 sc
1393 2767 1497 2836 lber-il

284 2843 326 2899 13.
345 2845 576 2914 carthaginienses
595 2841 647 2905 (A.)

358 3019 398 3076 14.
417 3023 456 3073 Cf.
476 3021 528 3073 eie.
547 3023 581 3072 de
599 3022 644 3072 off.
661 3022 708 3082 111.
725 3019 769 3082 25,
789 3019 832 3076 tlt.
849 3025 886 3076 id.
906 3027 963 3076 Cat.
980 3025 1043 3076 mai.
1061 3021 1105 3084 20,
1125 3018 1168 3076 75.
1192 3021 1241 3074 Sil.
1259 3021 1319 3074 Ital.
1329 3021 1373 3082 v1‚
1391 3015 1455 3073 455.
1474 3017 1509 3072 Δ.

283 3097 350 3149 Gen·
368 3096 414 3152 VI,
431 3089 458 3144 4·
493 3092 570 3143 Auel·
588 3093 621 3143 de
639 3094 687 3144 uir·
703 3093 741 3146 ω·
758 3092 803 3146 4οι

352 3170 383 3216 ut
400 3163 453 3231 [cc]
472 3177 502 3214 ae
520 3167 546 3212 et
560 3169 622 3223 ιιιιο)
640 3179 684 3213 nu.
701 3170 731 3215 ut
747 3180 778 3216 ce
794 3180 824 3216 ae
841 3171 868 3218 et
884 3181 935 3219 aaa
949 3193 985 3205 -
995 3169 1172 3235 pensarentur
1188 3166 1255 3218 nihil
1266 3165 1338 3216 alirrd
1350 3163 1510 3232 significare

280 3251 364 3302 posse
383 3252 464 3302 quam
481 3236 519 3284 ‘ut
537 3248 572 3283 ex
596 3249 627 3285 se
650 3234 757 3286 illorum
774 3237 898 3290 iuuenum
926 3239 1040 3302 pretinm
1064 3237 1259 3288 aestirnaretur'
1283 3237 1355 3287 recte
1386 3235 1511 3284 animad-

280 3311 359 3358 uertit
377 3309 462 3357 Perit.
480 3307 634 3368 comparato
653 3305 712 3355 Liu.
729 3307 868 3366 xxxnn,
887 3304 930 3367 49,
951 3307 981 3368 7,
1006 3307 1132 3376 Reliquos
1156 3306 1277 3358 deitates
1299 3320 1403 3357 monere
1426 3307 1458 3354 ut
1477 3317 1513 3354 cz·

273 3377 371 3444 sectis.
390 3393 443 3430 aon
457 3393 489 3428 ce·
506 3373 587 3426 dictis
604 3374 703 3428 mices
714 3383 832 3444 pmcne,
851 3381 897 3429 ubi
914 3382 1005 3430 tamen
1022 3381 1111 3444 priore
1128 3381 1188 3430 loco
1206 3379 1234 3428 in
1252 3379 1310 3428 cod.
1320 3378 1414 3428 Bamb.
1433 3377 1463 3426 st
1480 3375 1513 3426 in

280 3452 341 3500 aliis
360 3453 437 3501 deest
453 3447 617 3514 praepositio
635 3461 676 3506 cs.
696 3463 765 3514 quae
781 3464 817 3500 ne
840 3451 868 3500 in
886 3451 939 3500 hac
957 3451 1063 3516 quidem
1081 3450 1275 3518 significatione
1289 3450 1358 3500 adeo
1377 3449 1512 3512 frequens

280 3535 344 3572 esso
362 3523 473 3571 uidetur.
510 3522 647 3579 Quocum
665 3521 785 3579 accedat,
804 3522 875 3586 quod
893 3522 952 3573 Vni.
975 3523 1128 3572 consunter
1150 3521 1284 3584 pensandi
1307 3515 1420 3570 uerbum
1446 3531 1514 3568 eum

280 3593 393 3655 simplici
411 3593 528 3642 ablatino
548 3591 689 3648 coniunxit,
708 3591 740 3655 (1,
759 3589 785 3650 8,
805 3595 858 3644 ext.
877 3587 902 3644 3.
929 3593 989 3651 1111,
1008 3589 1034 3652 2,
1053 3588 1079 3643 4.
1106 3591 1164 3650 ΙΙΠ,
1183 3585 1209 3650 3,
1228 3585 1255 3642 3.
1282 3590 1340 3648 ΠΠ,
1361 3586 1385 3650 7,
1405 3589 1463 3638 ext.
1487 3583 1514 3638 l.

279 3663 312 3721 V,
331 3658 357 3721 3,
376 3660 395 3712 2
412 3663 485 3724 cett)
502 3662 595 3726 Lipsio
613 3664 642 3712 et
654 3662 791 3712 Perizonio
810 3665 963 3716 auctoribus
981 3665 1138 3729 suspectam
1149 3661 1376 3726 praeposifionem
1394 3659 1513 3717 seclusi,

280 3746 349 3796 quae
367 3734 432 3781 mihi
450 3734 555 3797 quidem
574 3747 608 3781 ex
625 3733 786 3796 interpolata
805 3735 902 3798 copula
919 3739 945 3786 et
962 3737 1021 3786 orta
1039 3747 1103 3784 csse
1120 3734 1233 3783 uidetur.

349 3815 402 3850 ιιοιι
418 3799 522 3868 quidem
538 3800 657 3866 ipacruo
674 3806 775 3854 Omnes
792 3806 853 3856 libri
864 3807 972 3870 praeter
988 3805 1073 3856 (iudi.
1085 3800 1112 3853 Ε
1123 3804 1222 3856 mdosc
1240 3815 1292 3856 noa
1309 3798 1379 3869 pund
1395 3799 1516 3867 ipsorus

280 3867 453 3950 adpucm—
464 3886 555 3922 emm
571 3869 642 3937 pcto,
661 3875 731 3924 unde
749 3879 920 3926 enarraturos
939 3877 985 3926 alii
1002 3892 1028 3926 u.
1043 3871 1119 3942 quod.
1139 3875 1185 3925 alii
1203 3888 1263 3924 cum
1275 3875 1371 3942 Pighio
1389 3867 1465 3940 ped
1485 3874 1518 3920 et

279 3955 342 4007 quta
360 3942 489 4002 delerant,
507 3942 574 3990 satis
593 3943 729 4004 arrdaetcn
754 3948 879 4011 quoniam
894 3946 970 3996 nulla
993 3945 1202 4009 interpolationis
1227 3959 1313 3996 causa
1335 3944 1517 4009 perspicitur.

279 4013 336 4062 Nos
355 4012 482 4062 facillima
499 4015 527 4062 et
544 4013 695 4062 certissima
712 4018 896 4068 emendatione
915 4013 1019 4082 quidem
1035 4016 1175 4082 posuimus
1194 4031 1242 4079 pro
1261 4009 1346 4084 quod.
1371 4028 1442 4081 quae
1463 4029 1517 4062 uu.

279 4084 389 4146 saepius
409 4083 601 4132 confunduntur
619 4097 637 4130 a
653 4083 779 4134 librariis.
815 4088 854 4136 Cf.
874 4102 930 4136 uar.
949 4087 1039 4150 script.
1059 4089 1205 4137 cod.Bern.
1223 4087 1244 4146 1,
1260 4085 1285 4142 1,
1306 4082 1350 4136 21.
1386 4085 1517 4135 Prorsus

279 4155 375 4204 eodem
390 4156 470 4205 modo
487 4153 592 4202 locutus
610 4153 653 4202 est
671 4154 731 4204 Vel.
750 4157 820 4214 vill,
842 4153 882 4214 14,
906 4155 933 4214 1,
952 4171 1004 4208 aon
1022 4153 1125 4224 quidem
1142 4155 1265 4224 paam,
1291 4170 1368 4223 quam
1386 4153 1434 4206 dia
1453 4151 1518 4205 Ro-

278 4239 381 4276 manam
398 4222 461 4291 imp.
469 4223 585 4291 floreret
600 4249 636 4260 ·-
654 4251 690 4262 -
707 4223 733 4276 si
750 4229 836 4277 tontes
852 4225 999 4278 minarum
1018 4231 1068 4280 etc.

348 4293 459 4360 iaseatos
477 4292 561 4362 [deos]
579 4299 782 4357 rmerterentar)
800 4299 915 4348 Deorum
929 4301 1207 4352 commemorationem
1219 4315 1316 4364 parom
1334 4299 1428 4364 aptam
1440 4311 1519 4348 esse

278 4368 306 4416 h.
323 4368 342 4418 l.
360 4381 439 4417 nemo
457 4381 511 4416 non
529 4367 608 4423 uidet.
628 4381 660 4414 ac
678 4382 712 4417 ne
730 4369 850 4431 Kappius
870 4370 975 4434 quidem
998 4373 1095 4438 negat,
1122 4387 1284 4437 quamquam
1309 4371 1432 4434 opinatur
1453 4370 1520 4420 Va·

277 4438 372 4489 terium
395 4439 423 4488 iu
446 4437 537 4488 uerbis
556 4439 583 4486 et
605 4437 633 4486 in
658 4440 796 4488 sententiis
820 4441 999 4506 granditatem
1024 4441 1157 4508 quendam
1181 4443 1354 4492 affectantem
1383 4441 1520 4492 indicare

276 4510 397 4560 nolanae
414 4510 456 4560 ios
474 4509 615 4560 iurandum
630 4522 686 4558 non
703 4511 759 4558 tam
775 4510 926 4562 hominibus
946 4528 1026 4576 quam
1045 4514 1094 4564 dils
1115 4513 1182 4578 ipsis
1203 4513 1346 4578 praestari.
1383 4510 1441 4562 Sed
1465 4512 1521 4576 qui

277 4583 383 4644 poterat
398 4581 512 4632 infestos
530 4580 582 4629 sibi
600 4580 666 4628 deos
684 4581 784 4630 sentire
795 4580 900 4642 Attilae,
919 4597 979 4632 eum
996 4597 1050 4634 non
1067 4584 1143 4636 laeso
1161 4585 1218 4635 iure
1236 4584 1349 4634 iurando
1367 4583 1524 4645 repeteret

277 4652 489 4719 Karthaginem?
516 4651 611 4703 Merito
629 4649 683 4701 iam
700 4651 817 4702 librariis
834 4653 954 4716 ineptum
970 4654 1035 4705 illud
1053 4650 1117 4706 deos
1134 4655 1280 4719 displicuit.
1307 4654 1376 4705 unde
1393 4653 1424 4704 in
1443 4653 1522 4702 aliis

277 4723 354 4771 codd.
371 4737 484 4786 prorsas
501 4725 632 4776 omissum
649 4723 774 4783 estnon
789 4725 881 4778 umen
898 4725 925 4776 iu
943 4726 1002 4778 eod.
1020 4726 1050 4778 P.
1069 4725 1203 4789 Detractis,
1227 4729 1257 4779 ut
1280 4727 1406 4778 narratu
1431 4725 1524 4791 apud
