3409 5400
273 458 341 527 est
553 452 779 520 GRAVITER
801 452 934 523 DICTA
956 452 1049 519 AVT
1069 452 1223 519 FACTA.

275 619 445 683 maiestate
468 614 688 700 reipublicae
712 618 823 683 onuiia
846 626 1032 703 gesturum,
1056 616 1086 679 si
1108 614 1172 679 sibi
1194 615 1285 678 ciues
1309 612 1364 679 uel
1387 611 1519 675 dedis·
1537 632 1548 661 '-

275 734 349 789 sent
371 723 532 809 collegam
554 722 608 787 uel
631 745 697 788 non
721 723 899 789 dedissent.

362 828 469 905 idem,
497 852 573 895 cum
603 832 676 895 Ser.
706 830 872 915 Sulpicius
901 828 1006 893 Galba
1036 840 1068 892 et
1097 828 1250 893 Aurelius
1279 825 1441 893 consules
1468 827 1513 887 in
1609 883 1611 890 .

275 946 393 1003 senatu
416 937 649 1002 contenderent
670 948 741 1001 uter
765 937 927 1003 aduersus
943 934 1130 1001 Viriathum
1149 937 1184 1000 in
1204 934 1401 1020 Hispaniam
1427 933 1513 994 mit·

275 1056 404 1119 teretur,
421 1066 460 1108 ac
471 1064 597 1130 magna
608 1044 691 1107 inter
703 1054 814 1129 patres
828 1044 1033 1130 conscriptos
1049 1042 1216 1108 dissensio
1229 1052 1328 1117 esset,
1345 1039 1511 1103 omnibus
1528 1060 1544 1099 s

275 1172 421 1237 quonam
458 1151 529 1214 eius
564 1152 726 1215 sententia
759 1149 971 1215 inclinaretur
1004 1150 1268 1235 expectantibus,
1307 1145 1512 1217 ‘Neutr·um',

254 1258 390 1343 -inquit,
414 1256 503 1321 ‘mihi
528 1259 609 1323 mitti
633 1256 750 1344 placet,
775 1246 854 1344 quia
877 1256 958 1321 alter
979 1255 1059 1320 nihil
1082 1254 1198 1331 habet,
1228 1256 1320 1320 alteri
1344 1252 1425 1318 nihil
1453 1267 1509 1314 est

276 1362 376 1439 satis',
400 1384 503 1450 aeque
526 1364 649 1429 malam
672 1363 798 1429 licentis
822 1364 950 1450 imperii
963 1365 1159 1450 magistram
1178 1363 1328 1427 iudicans
1352 1361 1509 1444 inopiam

276 1480 373 1557 atque
396 1472 577 1538 auaritiam.
619 1471 700 1552 ,Quo
724 1471 811 1535 dicto
835 1481 870 1535 ut
896 1480 1010 1535 neuter
1036 1472 1071 1534 in
1093 1471 1297 1558 prouinciam
1320 1470 1510 1533 mitteretur

276 1579 421 1645 obtinuit.
1520 1598 1551 1637 tu

234 1687 263 1755 3.
364 1686 401 1751 C.
428 1706 507 1751 uero
536 1685 682 1771 Popilius
712 1708 734 1749 a
762 1694 880 1750 senatu
908 1684 1038 1771 legatus
1067 1684 1111 1749 ad
1135 1683 1333 1749 Antiochum
1361 1683 1507 1754 missus,

277 1804 310 1856 ut
331 1790 417 1857 bello
434 1813 481 1866 sc,
507 1813 570 1878 quo
587 1790 809 1857 Ptolemaeum
825 1791 1022 1866 lacessebat,
1046 1791 1234 1868 abstineret,
1256 1812 1332 1855 curn
1355 1789 1400 1853 ad
1423 1810 1504 1853 cum

275 1900 423 1963 uenisset
445 1910 541 1984 atque
569 1900 599 1962 is
622 1909 772 1984 prompto
797 1899 908 1963 animo
938 1909 970 1961 et
992 1900 1195 1964 amicissimo
1216 1898 1307 1963 uultu
1330 1897 1504 1960 dextoram

277 2006 306 2068 ei
329 2006 539 2090 porrexisset,
567 2006 710 2070 inuicem
732 2005 779 2070 illi
807 2028 903 2071 suam
926 2008 1096 2093 porrigere
1123 2006 1243 2082 noluit,
1272 2005 1332 2070 sed
1360 2002 1503 2068 tabellas

277 2122 411 2180 senatus
435 2111 618 2177 consultum
635 2114 839 2200 continentes
863 2111 1002 2178 tradidit.
1050 2112 1143 2193 Quas
1159 2125 1196 2177 ut
1209 2112 1289 2199 legit
1303 2110 1503 2183 Antiochus,
1515 2136 1543 2179 ιι

276 2218 356 2283 dixit
371 2240 409 2282 se
424 2240 498 2285 cum
516 2220 630 2284 amieis
649 2220 904 2285 conlocuturum.
951 2216 1145 2305 Indignatus
1157 2218 1316 2305 Popilius,
1333 2216 1423 2304 quod
1438 2216 1502 2281 ali-
1605 2233 1607 2276 ι

276 2348 376 2411 quam
392 2348 518 2391 moram
535 2328 797 2413 interposuisset,
820 2329 918 2413 uirga
933 2325 1040 2391 solum
1057 2348 1123 2413 quo
1139 2326 1312 2392 insistebat
1322 2325 1502 2389 denotauit.
1605 2409 1606 2412 Ἴ

276 2444 307 2495 et
329 2431 457 2508 ‘Priust
480 2433 592 2519 inquit,
611 2444 728 2519 &quam
742 2432 805 2498 hoe
822 2433 944 2498 circulo
967 2432 1109 2499 excedas
1134 2433 1178 2499 da
1197 2454 1386 2519 reponsum,
1411 2430 1502 2516 quod

276 2540 405 2603 senatui
428 2538 588 2603 rescram'.
634 2539 709 2604 Nou
725 2540 870 2627 legatum
883 2540 1038 2615 locutum,
1062 2541 1124 2605 scd
1143 2542 1252 2625 ipsam
1274 2539 1399 2603 curiam
1424 2549 1503 2601 arete
1609 2529 1610 2556 ¹

276 2643 390 2710 oculos
414 2645 554 2730 positam
578 2644 739 2714 crederes.
788 2646 950 2712 Continuo
973 2648 1066 2714 enim·
1083 2670 1141 2712 rcx
1157 2646 1341 2712 adfirmauit
1362 2646 1434 2710 fere
1458 2666 1538 2710 neu
1609 2736 1610 2743 ἵ

278 2854 301 2910 Ι.
321 2858 359 2908 rei
379 2856 511 2922 publicae]
532 2873 556 2922 p.
576 2874 597 2910 r.
616 2855 648 2910 F.
663 2856 674 2928 ΙΙ
689 2861 828 2927 gestarum
848 2859 943 2931 (3.1Ιεί
961 2875 1071 2929 empr.
1089 2859 1122 2912 A.
1142 2861 1155 2928 li
1173 2855 1199 2910 3.
1218 2877 1279 2912 cum
1297 2859 1367 2926 See]
1391 2873 1499 2910 conscr-

277 2930 336 2978 uius
357 2924 385 2980 C.
400 2927 412 2992 11
428 2925 549 2990 sulpitius
568 2927 600 2982 A.
612 2928 626 2997 ΙΙ
636 2931 719 2997 gclba
739 2930 768 2984 C.
786 2933 870 3000 gleba
887 2932 917 2989 F.
931 2931 944 2998 11
962 2932 1098 2998 Aurelius]
1118 2930 1174 2984 adr.
1192 2929 1224 2982 A.
1252 2947 1344 2982 aurum
1366 2927 1394 2981 C.
1420 2931 1500 2980 nulus

276 2996 308 3050 Γ.
328 2998 450 3050 Aurelius
469 3001 546 3050 Cotta
566 2996 642 3054 Terr.
654 3000 669 3069 ΙΙ
686 2997 758 3054 coris.
777 3001 837 3056 AC.
857 3008 951 3056 consnt
963 3005 1025 3057 Per.
1039 3001 1052 3073 ΙΙ
1067 3002 1092 3056 l.
1108 3005 1297 3055 contenderent
1313 3004 1341 3052 in
1358 3004 1453 3052 senatu
1467 2998 1499 3053 F.

290 3066 302 3139 ΙΙ
317 3073 403 3120 utrum
429 3067 489 3134 (titt.
508 3085 566 3121 rum
589 3070 618 3122 ie
640 3069 751 3140 rasura)
770 3071 804 3126 D.
823 3071 878 3143 116.
898 3078 1032 3128 sententia
1050 3077 1109 3126 eius
1128 3073 1198 3199 nii
1212 3073 1238 3124 l.
1255 3076 1339 3136 inquit
1357 3088 1406 3124 οιιι.
1426 3070 1457 3126 F.
1474 3070 1489 3136 ΙΙ

266 3143 343 3190 mitti
360 3156 409 3192 om.
428 3139 462 3194 Ε.
482 3139 494 3211 ΙΙ
515 3143 558 3208 qui
577 3157 623 3211 pr.
641 3140 673 3194 A.
690 3143 703 3212 ΙΙ
720 3139 745 3194 9.
764 3146 911 3197 mitteretur
932 3148 960 3198 in
983 3148 1147 3210 prouinciam
1204 3143 1235 3198 F.
1255 3144 1268 3212 ΙΙ
1289 3142 1329 3195 11.
1354 3145 1407 3195 GN.
1434 3157 1498 3192 uero

275 3210 299 3263 A
306 3209 427 3266 CDFF.
439 3212 453 3281 ll
465 3213 604 3277 pompilius
624 3210 651 3265 0.
666 3213 678 3284 ΙΙ
693 3217 845 3267 anthiocum
864 3216 895 3276 A.
906 3219 920 3286 ΙΙ
934 3213 975 3270 lh
989 3220 1167 3281 ptolaemeum
1179 3215 1212 3268 A.
1229 3218 1392 3280 ptolomeum
1405 3210 1459 3264 OD
1466 3211 1498 3266 F.

275 3285 455 3348 ptholomeum
473 3283 538 3338 EF.
553 3282 565 3354 ΙΙ
580 3287 726 3338 lacessibat
744 3285 776 3340 F.
792 3286 805 3354 ΙΙ
825 3282 865 3340 13.
884 3291 1082 3352 promptissimo
1101 3287 1132 3341 Γ.
1149 3287 1163 3355 ΙΙ
1181 3291 1300 3340 dextram
1326 3285 1404 3340 Torr.
1423 3282 1437 3354 ΙΙ
1458 3283 1499 3336 ll.

275 3355 322 3421 illi]
342 3358 367 3406 ei
386 3353 433 3422 (F)
442 3353 518 3409 Τοιτ.
530 3355 543 3425 ΙΙ
558 3355 599 3412 15.
612 3361 776 3410 continentes
789 3357 978 3413 DEFFPar.
999 3357 1076 3412 Fert.
1088 3361 1253 3428 {teuthincus
1265 3357 1297 3410 A.
1310 3357 1324 3426 ΙΙ
1338 3355 1378 3409 lii.
1392 3355 1498 3422 amicis]

276 3428 415 3478 comitibus
434 3425 471 3480 D.
486 3425 498 3499 ss
513 3431 710 3482 conlocaturum
725 3443 771 3497 pr.
789 3427 821 3484 A.
836 3433 847 3498 ΙΙ
865 3429 905 3482 11.
924 3431 1079 3498 insistebat]
1103 3428 1165 3485 edd.
1184 3433 1205 3486 l.
1224 3432 1253 3483 P.
1272 3431 1392 3482 instabat
1408 3443 1499 3494 neruo

274 3493 305 3550 A.
317 3497 331 3567 ΙΙ
345 3495 387 3552 18.
404 3503 518 3552 recedas
536 3498 574 3555 D.
586 3499 599 3570 ΙΙ
613 3495 654 3553 19.
672 3503 789 3553 locutum
808 3504 927 3570 legatum
946 3499 1011 3556 DF.

346 3689 469 3747 Aurelius
486 3694 613 3757 eonsules)
636 3697 706 3747 Fieri
729 3711 796 3748 sene
814 3701 906 3763 potest
929 3703 958 3749 ut
981 3699 1109 3748 exciderit
1128 3696 1228 3750 Aurelii
1246 3711 1395 3766 cognomen
1414 3697 1499 3752 Cotta

275 3767 344 3830 quod
370 3767 563 3830 suppleuerunt
585 3768 702 3818 editores
726 3770 788 3820 inde
813 3786 830 3820 a
853 3771 950 3837 Pighio
973 3784 1077 3822 omnes.
1122 3770 1192 3820 Nam
1211 3784 1280 3835 quoe
1299 3769 1418 3836 sequitur
1437 3783 1498 3824 uox,

275 3833 400 3888 romabo.
421 3852 474 3887 non
493 3839 579 3887 scmcl
598 3840 656 3889 eius
670 3840 808 3890 omittendi
819 3841 936 3893 nomime
948 3855 1060 3890 eausam
1078 3842 1209 3904 praebuit.
1247 3841 1305 3891 Vid.
1324 3841 1359 3887 ad
1378 3837 1411 3896 ll.
1429 3836 1456 3894 7.
1473 3833 1499 3888 3.

275 3905 329 3955 Sed
348 3921 408 3955 cum
426 3923 445 3956 a
462 3907 520 3958 Iulii
538 3908 643 3960 Paridis
662 3924 768 3974 quoque
792 3911 908 3976 epitome
933 3913 1006 3961 absit
1032 3906 1124 3966 Cotta.
1150 3912 1272 3978 equidem
1296 3911 1423 3974 supplere
1446 3923 1500 3961 uon

275 3989 334 4025 sum
354 3989 447 4026 ausus.

345 4041 371 4098 3.
391 4047 430 4098 Gi.
450 4047 545 4114 Polyb.
564 4050 670 4108 XXIX,
694 4048 732 4103 ll.
757 4052 809 4103 Cic.
835 4052 862 4102 iu
880 4051 917 4103 M.
937 4050 1032 4106 Aulon.
1052 4055 1125 4114 Vlli,
1148 4051 1179 4114 8,
1197 4050 1242 4105 2¹3.
1266 4052 1434 4109 1.tu.x1.v.
1460 4045 1501 4102 tt.

275 4117 351 4170 Diod.
370 4115 423 4170 Sic.
443 4133 501 4170 exe.
521 4121 581 4170 Vnt.
600 4115 644 4178 31,
663 4115 688 4173 2.
707 4123 772 4174 Mai.
791 4123 852 4174 coll.
870 4124 904 4181 11.
923 4139 949 4187 p.
968 4118 1011 4176 19.
1030 4141 1073 4188 ap.
1093 4126 1170 4176 Dind.
1189 4125 1242 4177 uel.
1261 4125 1306 4182 111.
1324 4140 1351 4187 p.
1370 4118 1414 4174 88.
1434 4121 1501 4170 Veli.

274 4190 296 4312 IA,
317 4185 358 4276 111.
377 4189 443 4312 Plisn.
464 4191 537 4312 Alpi
554 4191 692 4251 XXXllll,
711 4189 737 4254 li,
762 4189 803 4246 11.
827 4194 919 4249 lustin.
944 4195 1087 4255 xxxiiii.
1105 4193 1132 4249 3.
1155 4196 1224 4249 Plut.
1242 4195 1372 4259 apophtb.
1394 4211 1421 4258 p.

298 4276 388 4327 ppmu.
427 4276 485 4327 yr..
543 4299 549 4314 .
1350 4301 1353 4304 .

347 4328 376 4385 0.
395 4347 458 4386 uero
476 4331 606 4400 Popilius)
626 4330 670 4383 Sic
691 4333 793 4384 Paridis
813 4337 943 4400 epitome,
968 4353 1081 4403 quacum
1107 4338 1276 4388 consentiunt
1293 4337 1387 4386 Liuius
1406 4335 1500 4398 (xtir.

273 4399 300 4464 9,
319 4400 344 4457 8.
367 4399 579 4464 111,9.Χ1.1111,
600 4397 640 4462 19,
665 4400 703 4456 13.
722 4401 766 4464 29,
787 4404 832 4468 l.),
852 4408 959 4467 Cicero,
978 4409 1153 4467 PlutarchuS,
1172 4409 1227 4470 alii,
1246 4416 1305 4458 curn
1325 4408 1429 4457 interim
1449 4408 1500 4456 Va·

274 4476 368 4525 icriani
388 4477 494 4528 codices
514 4489 619 4526 summo
637 4491 773 4527 censensu
792 4479 877 4528 Gnaei
900 4494 1064 4543 praenomen
1088 4481 1219 4532 tucantur.
1257 4480 1291 4530 At
1315 4479 1431 4530 litteram
1449 4491 1500 4526 se

274 4547 397 4612 sequenti
417 4547 507 4598 littera
524 4563 542 4598 ιι
561 4549 723 4598 adhaesisse
742 4549 888 4600 uerisimile
907 4553 958 4602 cst.
1000 4552 1121 4602 Marcum
1140 4551 1270 4614 Popilium
1295 4565 1357 4600 eum
1381 4549 1500 4614 appellat

275 4616 631 4742 lluel'ii'vcnipossmffium
649 4619 764 4680 Plinius,
783 4623 893 4672 notatus
911 4624 946 4672 ob
964 4623 1036 4674 huuc
1054 4636 1172 4674 errorem
1191 4637 1209 4671 a
1226 4622 1446 4675 Drakenborchio
1465 4620 1499 4670 ad

309 4701 333 4735 u.
427 4723 435 4747 ‚
489 4723 496 4748 ,
534 4725 542 4741 .
