3409 5400
524 485 607 553 LIB.
628 484 685 567 ΙΙΙ,
708 484 746 553 G.
770 489 801 565 7,
823 488 896 555 uxi.
919 496 949 565 6.
974 487 1083 558 6-8.
1359 490 1426 558 297

204 648 354 737 dereptas
378 648 499 737 populo
515 649 666 717 Romano
691 660 722 715 et
738 649 918 715 Galliarum
934 672 972 715 ac
988 649 1142 738 Liguriae
1162 652 1249 715 uires
1272 653 1307 716 in
1330 673 1426 717 suam

202 756 353 821 redactas
381 768 576 843 potestatem
604 768 634 822 et
657 779 744 822 nouo
774 760 912 823 transitu
936 757 1069 844 Alpium
1096 759 1176 845 iuga
1204 758 1369 842 patefacta
1396 768 1428 822 et

204 860 463 949 Thrasymenum
486 864 593 930 lacum
618 865 691 931 dira
711 867 856 930 inustum
878 867 1038 931 memoria
1061 874 1093 927 et
1115 864 1257 939 Cannas,
1280 863 1426 929 Punicae

203 970 358 1034 uictoriae
393 970 614 1037 clarissimum
644 981 903 1047 monumentum,
938 982 969 1035 et
998 970 1145 1057 Capuam
1172 981 1427 1055 possessamet

181 1076 328 1143 titaliam
350 1078 529 1147 laceratam
558 1090 632 1144 ante
655 1077 758 1163 podes
781 1076 925 1144 huminis
954 1078 1083 1153 effudit,
1111 1080 1273 1165 uniusque
1295 1076 1425 1145 hostiae

202 1185 337 1250 iocineri
358 1184 458 1273 longo
477 1190 697 1273 experimento
714 1200 865 1253 testatam
884 1186 1023 1273 gloriam
1038 1206 1131 1250 suam
1149 1185 1302 1272 postponi
1318 1206 1425 1271 aequo

200 1293 313 1383 'animo
337 1314 403 1357 non
426 1292 505 1359 tulit.
551 1295 594 1357 Et
616 1318 698 1360 sane
722 1295 812 1383 quod
834 1295 879 1359 ad
901 1292 1103 1377 exploranda
1124 1292 1241 1357 bellica
1263 1291 1427 1357 sacrificia

203 1400 491 1487 aestimandosque
515 1400 663 1467 militaris
688 1402 804 1466 ductus
829 1399 1006 1473 adtinebat,
1030 1401 1137 1463 omnis
1154 1400 1293 1475 foculos,
1318 1399 1424 1464 omnis

204 1527 279 1571 aras
290 1505 464 1592 Bithyniae
479 1506 584 1571 ittarta
607 1510 681 1595 ipso
704 1508 810 1573 iudice
826 1520 940 1593 pectus
952 1505 1146 1571 Hannibalis
1161 1514 1426 1593 praegrauasaet.

169 1622 195 1665 ¹⁰
294 1612 406 1697 Capax
434 1616 588 1701 generosi
617 1617 750 1701 spiritus
778 1615 858 1679 illud
882 1635 1011 1702 quoque
1040 1613 1161 1677 dictum
1188 1614 1279 1701 regis
1303 1612 1425 1699 Cotyis.
1437 1609 1468 1675 7.

204 1716 250 1781 Vt
280 1719 366 1782 cuim
395 1719 435 1783 ab
465 1720 722 1787 Atheniensibus
752 1723 915 1785 ciuitatem
945 1720 1008 1784 sibi
1037 1720 1146 1784 datam
1175 1721 1344 1808 cognouit,
1375 1717 1426 1782 ‘Et

204 1823 287 1911 ego',
322 1826 440 1912 inquit,
476 1826 549 1891 ‘illis
584 1850 678 1892 meae
714 1830 820 1915 gentis
855 1829 908 1891 ius
938 1825 1042 1892 dabo'.
1095 1826 1259 1913 Aequauit
1286 1824 1424 1889 Athenis

203 1930 388 2007 Thraciam,
416 1954 457 1997 ne
480 1932 703 1999 uicissitudine
726 1935 799 1999 talis
822 1934 974 1998 beneficii
994 1934 1143 2019 inparem
1164 1932 1340 1997 iudicando
1363 1930 1424 1995 hu·

203 2036 312 2103 mihus
337 2038 377 2101 de
401 2040 527 2127 origine
552 2062 614 2105 sua
636 2042 756 2105 sentire
781 2042 1027 2105 existimaretur.

168 2161 194 2204 rs
293 2142 449 2209 Nobiliter
472 2147 570 2211 etiam
592 2158 727 2234 uterque
744 2149 943 2234 Spartanus,
967 2158 999 2209 et
1021 2149 1077 2233 qui
1098 2148 1276 2232 increpitus
1300 2168 1322 2211 a
1344 2166 1423 2231 quo·
1433 2142 1465 2209 8.

205 2250 291 2327 dam,
315 2252 403 2338 quod
425 2253 460 2317 iu
483 2254 588 2318 aciem
612 2253 747 2319 claudus
766 2255 991 2330 descenderet,
1014 2274 1175 2342 pugnare,
1198 2274 1265 2317 nou
1288 2251 1352 2317 sibi
1374 2251 1424 2315 fu·

207 2428 230 2481 i.
249 2430 367 2494 direptas
391 2426 645 2485 nocuerim.
671 2434 787 2485 directas
809 2434 843 2488 E.
874 2431 934 2485 Via
959 2430 996 2483 ad
1016 2428 1060 2488 ii,
1084 2426 1115 2489 9.
1141 2427 1166 2482 8.
1186 2425 1198 2498 ΙΙ
1219 2427 1262 2494 ae]
1283 2428 1311 2478 et
1327 2424 1361 2479 Β.
1373 2423 1387 2494 ΙΙ
1397 2422 1423 2479 8.

204 2502 425 2565 transbymenum
443 2498 502 2552 BD
522 2507 593 2569 etpr.
606 2501 638 2555 A.
656 2506 843 2571 trahymenum
857 2520 926 2558 corr.
939 2503 971 2556 Α.
989 2506 1173 2568 trasymenum
1187 2499 1215 2553 C.
1231 2498 1424 2549 transimenum

205 2570 269 2625 EF.
287 2568 473 2623 Trasimenum
485 2570 527 2634 (Γ)
536 2570 612 2625 lbra.
634 2572 712 2640 cs.1,
732 2572 757 2636 6,
774 2572 799 2629 6.
817 2574 871 2631 iii
886 2576 911 2635 i,
930 2572 954 2628 6.
974 2573 1040 2629 ΠΗ,
1054 2571 1080 2633 8,
1099 2578 1149 2625 eat.
1164 2572 1188 2625 1.
1207 2568 1259 2624 IX.
1276 2568 1317 2629 li,
1336 2573 1386 2621 eat.
1398 2564 1424 2619 i.

205 2639 256 2697 iX,
279 2638 319 2704 12,
339 2638 437 2711 8114.
462 2648 651 2697 monimentum
669 2644 700 2699 Γ.
721 2648 733 2716 il
753 2644 778 2702 6.
803 2648 938 2699 iecinineri
959 2645 990 2700 A.
1015 2646 1124 2696 iocineri
1141 2641 1199 2697 iti·
1203 2641 1228 2695 Γ
1232 2678 1241 2696 .
1266 2645 1296 2691 at
1318 2634 1342 2693 Ι.
1362 2635 1387 2694 6.
1407 2640 1425 2689 6

206 2721 231 2767 et
247 2711 273 2765 9.
291 2715 398 2766 iocineri
416 2713 529 2768 DTorr.
550 2716 562 2786 ΙΙ
584 2721 696 2786 gloriam
717 2720 805 2786 suam]
827 2723 886 2769 unte
904 2720 985 2840 leupo
1004 2717 1035 2771 Γ.
1051 2717 1066 2784 Η
1082 2715 1108 2769 8.
1126 2717 1255 2768 militares
1276 2708 1427 2764 BDEFI'

208 2785 285 2838 Torr.
302 2787 315 2854 ΙΙ
333 2800 426 2838 omnes
450 2787 552 2840 secutos
577 2805 670 2840 omnes
695 2787 899 2843 DEFI'Torr.
918 2786 930 2857 ΙΙ
966 2829 973 2842 .
996 2791 1192 2858 pergrauasset
1211 2784 1244 2839 Γ.
1258 2783 1270 2855 ΙΙ
1293 2780 1333 2835 io.
1353 2786 1425 2850 cotyi

206 2855 261 2909 ΒΓ
277 2863 303 2908 et
316 2873 359 2924 pr.
378 2856 410 2910 A.
434 2861 499 2908 cetri
513 2876 558 2927 pr.
580 2859 608 2913 C.
632 2863 704 2911 cedri
723 2859 749 2913 Ε
769 2867 794 2912 et
811 2877 881 2914 corr.
903 2859 960 2914 CF.
984 2863 1056 2911 cordi
1076 2875 1121 2927 pr.
1140 2856 1171 2914 F.
1194 2858 1265 2909 coeri
1284 2853 1321 2906 D.
1346 2857 1424 2922 cotys

206 2927 316 2986 cernit,
337 2927 413 2981 Terr.
428 2927 440 2997 ΙΙ
457 2925 497 2982 13.
515 2933 645 2982 traebiam
661 2931 747 2999 pud.
765 2935 896 2983 trentham
915 2930 945 2985 Γ.
958 2931 972 2999 ΙΙ
982 2931 1114 2998 inparem]
1134 2927 1196 2982 add.
1208 2945 1239 2980 se
1257 2923 1302 2988 (E)
1311 2924 1387 2979 Torr.
1398 2926 1412 2994 ΙΙ

206 2996 249 3052 14.
267 3003 305 3050 ori
328 3001 381 3066 ine]
402 3003 484 3067 stirpe
497 3000 528 3054 F.
543 2999 555 3072 ΙΙ
570 3004 778 3069 existimaretur]
791 3006 926 3056 uideretur
936 3000 968 3055 F.
980 3001 994 3069 ΙΙ
1010 2997 1048 3054 15.
1064 3004 1226 3069 sparthanos
1243 2997 1275 3053 A.
1289 2995 1302 3066 ΙΙ
1318 2995 1359 3052 16.
1372 3000 1424 3050 sibi

205 3086 258 3122 non
275 3068 304 3124 D
343 3069 398 3124 Fr
415 3078 441 3124 et
457 3071 485 3123 iu
503 3088 599 3126 rasura
617 3074 648 3128 A.
672 3076 722 3124 sibi
737 3081 800 3142 post
816 3077 982 3140 propositum
1003 3071 1080 3127 Terr.

709 3199 920 3210 un——fi--n

278 3229 301 3280 i.
321 3233 358 3286 Ci'.
378 3229 473 3286 Athen.
492 3233 524 3283 li.

275 3302 347 3368 repis
366 3302 464 3370 Cotyis)
481 3305 522 3354 Ita
540 3308 734 3356 emendandam
753 3321 817 3356 esse
836 3307 977 3371 archetypi
989 3307 1146 3368 scripturam
1165 3304 1288 3369 quamuis
1301 3302 1424 3352 Veratius

203 3375 259 3424 iam
277 3375 379 3430 uiderit.
400 3375 510 3442 uulgata
528 3378 693 3440 exemplaria
710 3379 799 3428 tamen
818 3379 981 3428 retinuerunt
998 3373 1069 3440 repit
1088 3374 1180 3439 Cotys,
1201 3373 1423 3438 quemadmodum

205 3446 303 3494 uitiosa
321 3446 347 3492 in
366 3445 487 3495 Mediceo
506 3461 611 3510 qrroquc
630 3449 721 3498 codice
745 3449 830 3497 Taciti
853 3451 882 3498 iu
904 3450 929 3498 li
952 3463 1011 3497 ann.
1031 3442 1065 3496 tii
1090 3446 1170 3496 scribi
1194 3445 1349 3494 adnotatum
1373 3446 1423 3492 cst.

204 3516 287 3565 Recte
306 3517 395 3564 autem
414 3516 440 3562 in
460 3519 553 3566 codem
572 3517 617 3566 iiio
637 3520 727 3569 codice
746 3521 843 3586 legitur
863 3517 952 3585 Cotyis
968 3519 1005 3568 111
1023 3532 1085 3570 anu.
1109 3512 1145 3566 38
1168 3517 1196 3564 ct
1218 3514 1280 3571 1111,
1305 3507 1323 3562 5
1346 3517 1374 3563 et
1397 3514 1424 3562 in

204 3586 274 3636 Liuii
292 3585 374 3642 XLii,
394 3579 437 3640 67.
456 3581 482 3634 4.
518 3587 631 3637 Latinae
650 3589 752 3639 formae
770 3591 904 3656 genitinns
921 3591 948 3638 in
967 3589 1074 3651 optimis
1092 3586 1228 3636 codicibus
1241 3583 1355 3636 Cornelii
1372 3584 1424 3633 Ne·

204 3658 276 3720 potis
295 3657 403 3720 (iphicr.
421 3649 449 3718 3)
469 3658 511 3705 cst
531 3654 607 3708 coeii
624 3674 672 3720 pro
693 3658 760 3711 cori.

276 3723 458 3778 uicissitudine
475 3725 538 3778 tulis
555 3725 683 3796 beneficii)
706 3731 859 3780 Perizonius
878 3733 1067 3794 suspicabatur
1089 3731 1235 3796 legendum
1260 3741 1324 3778 esse
1345 3724 1425 3777 aieir-

204 3793 324 3853 aa'tadiai.
361 3800 435 3860 Quod
447 3801 554 3849 omnino
569 3802 753 3852 necessarium
766 3803 817 3858 cst.
837 3803 862 3850 si
874 3803 1008 3852 Valerium
1019 3802 1160 3868 uulgarem
1173 3800 1276 3850 dicendi
1294 3799 1423 3848 rationem

205 3871 326 3919 secutum
346 3884 409 3921 esse
428 3872 563 3928 statueris.
584 3886 652 3937 quae
666 3885 732 3922 saue
745 3874 816 3935 apud
828 3871 1049 3939 impcrpesitum
1062 3875 1095 3921 de
1108 3887 1150 3930 eo,
1170 3872 1240 3936 quod
1252 3885 1305 3920 nou
1317 3870 1424 3928 suffieit,

204 3955 259 3992 uon
277 3941 400 3991 idoneum
420 3945 462 3992 cst
480 3945 515 3993 ad
534 3957 590 3992 rem
603 3943 720 4004 aliquam
732 3943 930 4006 perficiendam,
948 3945 1053 3994 tertium
1073 3945 1131 3994 eicis
1149 3943 1188 3992 rei
1200 3956 1294 3992 casum
1306 3942 1423 4003 requirit.

205 4013 324 4062 citantur
341 4015 431 4062 tamen
450 4029 467 4062 a
485 4015 683 4082 lexicographis
703 4015 827 4078 exempla
846 4015 953 4079 aliquot,
972 4015 999 4064 in
1020 4017 1115 4079 quibus
1130 4027 1185 4080 pur
1208 4017 1235 4064 et
1258 4012 1345 4078 impar
1363 4027 1423 4062 eum

204 4084 323 4134 abiatiuo
343 4097 408 4133 casu
428 4087 599 4148 comparatae
622 4086 661 4134 rei
680 4085 881 4152 coniunguntur,
908 4087 935 4134 ut
952 4087 1040 4136 Ouidii
1063 4086 1125 4134 trist.
1148 4085 1210 4141 1111,
1235 4079 1289 4135 306
1312 4080 1424 4134 Claudia

206 4151 305 4212 Quinta
326 4169 408 4220 penas
433 4153 527 4207 Clauso
550 4151 685 4221 referebat
707 4153 740 4205 ab
765 4153 835 4212 atto,-
865 4153 920 4207 Nec
934 4155 1027 4222 secter
1052 4153 1298 4222 impeccabilitate
1314 4152 1373 4219 suit
1397 4159 1424 4204 et

203 4227 302 4276 ibidem
322 4225 371 4282 v1,
396 4221 448 4275 804
472 4223 503 4275 ln
526 4241 577 4292 qua
595 4239 651 4293 pur
665 4224 759 4292 sactes
780 4224 917 4277 nobilitate
938 4242 994 4280 aaa.
1037 4229 1138 4288 Quibus
1163 4228 1294 4290 exemplis
1318 4225 1423 4275 defendi

203 4309 288 4362 posse
306 4296 370 4346 iliud
389 4293 572 4348 uicissitudine
589 4297 725 4364 intellego.
767 4298 855 4348 Nihilo
879 4300 965 4348 miuus
986 4299 1077 4350 neseio
1096 4314 1131 4348 an
1150 4299 1276 4347 facillima
1294 4294 1423 4345 Perizonii

203 4367 369 4420 correctione
386 4368 516 4418 naturalis
540 4384 628 4418 sermo
649 4370 754 4419 Valerio
779 4371 929 4426 reddendus
947 4371 989 4420 sit.
1026 4370 1143 4438 Vulgata
1155 4374 1246 4418 autam
1258 4364 1423 4428 exemplaria

202 4441 297 4490 oonha
315 4453 421 4488 ornnem
440 4439 564 4488 librorum
584 4441 823 4504 manuscriptorum
842 4441 921 4490 tidem
939 4446 1002 4504 post
1019 4440 1145 4507 imparem
1158 4438 1345 4489 circumierunt
1361 4449 1422 4496 pro·

202 4525 301 4562 noman
318 4523 356 4564 ae,
378 4525 436 4558 cum
456 4511 546 4560 tamen
570 4510 633 4559 iliud
659 4512 819 4562 adiectiuum
841 4511 923 4562 multo
947 4514 1041 4563 meiius
1065 4513 1099 4560 ad
1118 4511 1260 4560 Thraciam
1283 4508 1422 4557 reseratur.

202 4583 272 4632 Nam
292 4581 405 4646 patriam
425 4594 502 4629 suum
522 4583 546 4630 si
557 4597 609 4630 uon
623 4583 690 4631 satis
703 4583 811 4650 dignam
826 4583 1009 4633 existimasset
1021 4585 1113 4646 Cotys,
1131 4597 1201 4645 quae
1213 4578 1421 4629 Atheniensibus

201 4655 318 4704 inuicem
338 4652 470 4704 ciuitatem
489 4653 623 4710 tribueret.
642 4655 697 4702 tum
715 4669 783 4704 sanc
800 4655 927 4704 numitius
946 4656 979 4704 de
996 4655 1100 4720 origine
1117 4667 1169 4701 sua
1187 4652 1341 4702 iudicasset.

274 4719 300 4772 8.
320 4723 360 4774 ci.
379 4723 446 4776 Piut.
466 4725 594 4789 apophth.
614 4725 678 4778 isac.
697 4725 791 4793 (ignot.
809 4722 865 4791 ii.)
883 4731 911 4775 ct
928 4726 990 4776 ibid.
1009 4723 1118 4774 Leonid.
1136 4718 1163 4775 6.
