3409 5400
313 436 360 503 88

315 601 424 691 prima
451 595 584 664 alterius
612 595 756 663 nominis
783 595 889 661 littera
910 601 1043 681 propter
1065 592 1268 681 praecedens
1282 615 1324 673 .e;
1347 595 1439 663 codd.
1459 618 1525 664 uero

316 709 434 797 reliqui
467 728 583 773 omncs
612 704 690 770 inde
723 706 871 771 fecerunt
896 704 1009 767 aeriae
1043 704 1235 769 mensis.
1290 702 1395 771 Iidem
1427 730 1526 774 omnes

317 816 388 893 IIII,
413 817 443 892 1,
469 815 511 881 12
534 816 684 880 omittunt
705 836 760 879 uu.
783 813 867 877 eim
889 832 1000 888 amno,
1029 812 1184 887 consilio,
1211 823 1246 876 ut
1269 813 1400 899 opinor,
1427 815 1529 893 delete,

319 936 352 992 et
373 924 472 1014 pardo
495 934 572 1009 post
593 943 655 987 aaa
675 923 788 1005 potua.
810 923 923 1004 itaque.
977 920 1100 985 Contra
1122 916 1184 995 Vl,
1217 920 1253 995 b,
1282 920 1303 985 2
1330 922 1417 988 male
1441 924 1530 990 incid.

321 1044 437 1101 carnut
458 1053 491 1095 u.
514 1031 589 1095 dec.
642 1028 730 1104 Vlll,
755 1029 788 1103 8,
813 1028 830 1093 1
855 1030 891 1093 in
920 1026 993 1093 cod.
1016 1026 1115 1092 Bern.
1139 1028 1286 1093 oddiliccc
1316 1032 1533 1118 scriptumest

319 1166 380 1230 pro
403 1140 576 1213 umbilicoe,
600 1135 689 1225 quod
711 1135 811 1203 habet
825 1136 933 1213 Paris,
957 1156 1031 1200 cum
1047 1134 1164 1223 reliqui
1187 1158 1302 1204 omnes
1323 1160 1426 1227 aeque
1446 1142 1532 1205 inter-

321 1248 425 1337 polati
452 1268 512 1333 pro
541 1268 580 1310 eo
604 1245 771 1331 proferant
793 1246 939 1309 cuades.
996 1244 1089 1326 Quae
1121 1244 1150 1309 si
1180 1246 1356 1311 manifesto
1380 1247 1535 1313 declarant

320 1354 417 1421 codd.
439 1354 543 1418 BGD
551 1354 650 1417 EFI'
667 1374 707 1416 ex
727 1374 793 1417 uno
815 1350 962 1439 exemplo
980 1352 1038 1434 (X)
1056 1352 1212 1418 deductos
1229 1374 1314 1429 esse,
1337 1352 1400 1419 hoo
1416 1356 1535 1443 quidem

322 1460 506 1548 exemplum
537 1462 727 1527 necessario
756 1482 796 1525 ex
829 1460 946 1525 eodem
975 1458 1151 1548 archetypo
1182 1459 1286 1536 fluxit,
1322 1482 1340 1523 c
1379 1485 1441 1549 quo
1470 1464 1535 1528 cod.

321 1570 420 1637 Bern.
440 1572 496 1634 Α.’

409 1677 521 1764 Atqui,
543 1686 579 1741 nt
601 1678 835 1763 praediximus,
857 1676 990 1765 longius
1014 1676 1113 1742 etiam
1136 1676 1293 1762 progredi
1315 1676 1390 1742 licet
1412 1680 1445 1743 in
1466 1700 1538 1743 con·

321 1785 486 1851 stituenda
507 1784 662 1849 librorum
686 1785 844 1849 affinitate
866 1795 923 1849 aut
938 1784 1170 1871 discrepantia.
1216 1784 1301 1849 Nam
1316 1787 1412 1851 unius
1429 1788 1540 1873 gentis,

320 1905 356 1959 ut
376 1896 424 1958 ita
446 1891 574 1967 dicam,
597 1902 688 1956 ortae
712 1914 730 1953 e
754 1893 868 1955 codice
894 1892 937 1967 X,
969 1891 1053 1956 duas
1082 1913 1158 1955 esse
1189 1893 1332 1958 familias
1357 1894 1541 1958 certissimis

321 1999 572 2089 proprietatibus
594 2000 678 2063 inter
701 2021 738 2062 so
762 1998 922 2063 discretas
945 2020 988 2063 ne
1010 1997 1124 2063 leuiter
1149 1999 1281 2085 quidem
1310 2002 1544 2065 examinantem

320 2110 434 2173 uariae
458 2128 571 2171 eorum
593 2106 749 2171 lectiones
773 2107 888 2193 fugere
912 2112 1029 2192 potest.
1081 2105 1135 2170 Ad
1167 2106 1303 2172 alteram
1334 2128 1445 2172 earnm
1474 2129 1545 2193 per-

322 2217 425 2280 tinent
446 2214 530 2278 inter
551 2224 683 2279 nostros
707 2214 839 2280 codices
864 2215 897 2277 D
929 2223 960 2276 et
981 2216 1022 2288 Γ,
1055 2212 1098 2277 ad
1122 2212 1257 2279 alteram
1289 2213 1435 2291 B'GEF,
1467 2238 1548 2301 qnos

322 2323 488 2389 artissime
515 2323 599 2386 inter
626 2343 663 2386 se
693 2321 870 2386 cohaerere
899 2320 1056 2407 exemplis
1086 2320 1218 2407 probari
1256 2323 1290 2385 in
1319 2332 1409 2386 tanta
1437 2344 1548 2387 eornm

321 2430 508 2519 frequentia
530 2451 770 2515 superuacuum
793 2429 976 2495 uidebatur.

364 2540 370 2553 '
411 2538 561 2604 Stemma
581 2538 681 2624 igitur
704 2539 850 2603 omnium
874 2549 1060 2603 nostrorum
1084 2538 1236 2603 codicum
1259 2536 1323 2603 hoc
1345 2548 1406 2613 cst,

749 2715 844 2798 (God.
869 2715 1049 2804 arelretyp.)

1070 2897 1122 2964 (X)

414 3288 453 3354 ln
474 3288 528 3354 his
552 3292 729 3377 generibus
753 3303 785 3356 et
801 3312 958 3381 generum
974 3291 1109 3358 familiis
1133 3313 1260 3368 omnes,
1285 3292 1402 3381 quibus
1426 3294 1563 3378 priores

325 3397 467 3463 editores
491 3398 544 3462 usi
568 3409 654 3474 sunt,
677 3421 803 3475 omnes,
828 3422 912 3486 quos
929 3399 1030 3464 medii
1048 3401 1121 3464 aeui
1134 3401 1311 3485 scriptores
1325 3399 1565 3474 adhibuerunt,

325 3526 441 3572 omnes
464 3507 598 3571 omnino
624 3507 679 3591 qui
702 3518 812 3571 extant
828 3505 953 3571 Valerii
969 3505 1042 3571 libri
1066 3527 1161 3570 suum
1176 3505 1285 3570 locum
1301 3505 1435 3581 habent,
1460 3505 1567 3571 facilc

325 3615 458 3702 quidem
481 3613 701 3678 definiendum
725 3615 759 3678 in
783 3614 1020 3700 antiquioribus
1045 3625 1076 3676 et
1097 3613 1304 3689 melioribus,
1334 3614 1389 3701 qui
1421 3635 1463 3677 ex
1496 3635 1567 3676 uno

326 3720 435 3807 aliquo
465 3719 614 3805 exemplo
646 3719 801 3805 descripti
830 3730 906 3785 sunt
934 3720 1024 3784 nulla
1052 3720 1199 3786 adhibita
1228 3721 1366 3787 aliorum
1403 3721 1570 3786 codicum

324 3827 493 3902 uarietate,
518 3847 617 3912 quam
638 3826 674 3890 in
688 3827 923 3894 recentioribus
948 3837 979 3890 et
995 3827 1207 3893 deterioribus
1232 3849 1334 3914 saepe
1354 3828 1572 3894 obscurasse

325 3934 465 4021 originis
490 3942 522 3996 et
543 3933 689 3998 familiae
712 3934 834 4000 indicia
856 3937 975 4000 mirum
999 3957 1065 4000 non
1090 3935 1265 4011 uidebitur,
1297 3937 1328 4000 si
1349 3937 1572 4022 reputaueris

325 4043 361 4107 in
382 4039 436 4105 his
453 4042 601 4126 ipsorum
615 4039 822 4108 librariorum
841 4062 943 4108 manu
958 4043 1069 4109 uarias
1085 4041 1253 4119 lectiones,
1277 4042 1409 4108 aliunde
1426 4046 1572 4130 petitae,

325 4150 362 4214 in
383 4149 535 4235 margine
558 4146 705 4213 adiectas
734 4158 766 4213 et
793 4147 884 4214 haud
911 4173 986 4215 raro
1018 4173 1078 4235 pro
1101 4151 1259 4236 primaria
1281 4153 1447 4237 scriptura
1480 4153 1572 4217 inter

326 4253 455 4321 Valerii
475 4255 579 4320 uerba
599 4257 743 4321 intrusae
768 4277 853 4324 esse.
899 4257 949 4324 lta
971 4260 1059 4324 eninr
1081 4261 1203 4327 lacuum
1227 4273 1277 4328 est
1299 4276 1335 4327 ut
1357 4259 1572 4349 aliquotiens

325 4365 362 4430 in
384 4361 532 4427 codicem
551 4365 586 4426 D
609 4359 859 4430 transferrentirr
887 4367 1067 4452 scripturae
1096 4367 1188 4434 alteri
1215 4370 1360 4436 familiae
1389 4369 1572 4456 propriae.

327 4481 395 4534 tum
422 4480 459 4534 ut
489 4470 525 4534 in
558 4468 655 4536 huius
684 4472 829 4538 familiae
853 4473 985 4540 codices
1008 4475 1076 4538 EF
1100 4477 1282 4544 ascirentur
1310 4476 1482 4564 quaedam
1512 4477 1572 4540 de·

328 4586 459 4664 sumpta
481 4597 522 4641 ex
542 4576 598 4643 illo
622 4600 761 4667 genere,
794 4581 882 4668 quod
911 4584 944 4647 κ’
971 4583 1195 4668 signauimus,
1225 4585 1365 4671 denique
1395 4594 1433 4648 ut
1458 4605 1572 4649 unum

329 4679 504 4754 alterumue
532 4707 573 4757 ex
594 4685 648 4755 bis
680 4689 808 4772 (ΒΕΓ)
839 4698 1039 4778 occuparent
1066 4691 1313 4758 emendationes
1342 4701 1398 4760 aut
1428 4691 1572 4760 addita·
