3409 5400
500 560 582 628 nra.
605 558 663 639 vr,
687 542 724 631 o.
749 562 780 640 4,
803 570 833 641 s.
855 547 889 630 5.
903 546 1030 633 -4nxr
1055 575 1084 643 t·
1107 568 1140 635 r.
1366 572 1431 640 cer

299 708 367 783 Sed
390 720 464 787 illos
488 722 620 811 quidem
643 734 761 789 natura
782 724 816 789 in
831 710 917 790 haec
940 726 1110 813 grauitatis
1123 728 1266 815 uestigia
1282 728 1473 807 deduxit32.

210 824 364 891 Socrates
389 838 513 907 autem,
544 830 690 897 Graecae
720 830 888 896 doctrinae
917 831 1139 898 clarissimum
1163 832 1328 909 columen,
1358 837 1432 902 cuin

210 930 349 998 Athenis
374 948 510 1001 causam
535 936 657 1003 diceret
680 937 972 1026 defensionemque
995 940 1026 1003 ei
1048 927 1168 1026 Lysias
1200 962 1221 1005 a
1248 962 1285 1006 se
1309 963 1431 1027 conpo-

210 1041 317 1117 sitam,
341 1063 407 1128 qua
429 1044 464 1107 in
478 1043 599 1109 iudicio
615 1056 767 1121 uteretur,
791 1046 973 1119 recitasset,
997 1046 1178 1113 demissam
1194 1059 1226 1112 et
1240 1048 1432 1136 supplicem,

181 1148 380 1213 sinmincnti
409 1150 571 1236 procellae
601 1150 905 1228 adcommodatum,
945 1151 1093 1229 ‘Aufer’,
1127 1156 1247 1243 inquit,
1279 1166 1432 1243 ‘quaeso

208 1255 316 1322 istam.
363 1254 449 1321 Nam
474 1278 536 1345 ego
561 1259 590 1323 si
614 1258 734 1323 adduci
757 1279 892 1345 possem
923 1269 958 1321 ut
985 1281 1058 1323 eam
1082 1262 1115 1324 in
1139 1260 1253 1327 ultima
1276 1262 1432 1349 Scythiae

210 1361 384 1426 solitudine
400 1386 599 1451 perorarem,
617 1376 684 1431 tum
699 1387 752 1430 me
768 1366 840 1451 ipse
857 1375 960 1430 morte
975 1366 1179 1433 multaudmn
1195 1368 1431 1434 concederem’.

209 1468 366 1553 Spiritum
397 1473 606 1558 contempsit,
636 1494 677 1538 ne
708 1483 833 1538 careret
862 1472 1038 1560 grauitate,
1067 1473 1245 1561 maluitque
1275 1476 1431 1541 Socrates

209 1576 355 1665 extingui
379 1600 478 1663 quam
502 1577 622 1666 Lysias
647 1599 833 1665 superesse.

173 1698 201 1742 ro
299 1681 448 1762 Quantus
471 1684 525 1749 hic
548 1687 583 1751 in
607 1686 784 1773 sapientia,
812 1694 922 1750 tantus
951 1686 984 1752 in
1008 1686 1108 1751 armis
1132 1685 1320 1753 Alexander
1341 1688 1431 1753 illam
1441 1694 1471 1762 3,

210 1812 324 1855 uocem
348 1790 499 1857 nobiliter
523 1792 631 1859 edidit.
677 1791 788 1857 Dareo
817 1792 904 1856 enim
932 1815 997 1857 uno
1024 1794 1091 1858 iam
1121 1804 1153 1857 et
1175 1794 1276 1859 altero
1306 1796 1430 1883 proelio

209 1898 357 1961 uirtutem
382 1898 453 1963 cius
478 1910 609 1985 experto
634 1909 729 1986 atque
760 1899 834 1963 ideo
865 1910 896 1963 et
925 1910 1051 1986 partem
1079 1902 1175 1988 regui
1204 1900 1312 1967 Tauro
1336 1914 1430 1969 tenus

208 2015 318 2070 monte
348 2015 379 2069 et
407 2005 506 2070 liliam
534 2006 568 2070 in
598 2006 841 2071 matrimonium
877 2029 951 2071 cum
991 2006 1102 2071 decies
1137 2018 1266 2074 centum
1298 2010 1429 2075 milibus

208 2110 364 2175 talentum
386 2110 575 2195 pollicente,
607 2134 681 2175 cum
709 2110 908 2177 Parmenlon
937 2112 1075 2177 dixisset
1106 2135 1157 2189 se,
1186 2116 1216 2178 si
1243 2115 1430 2183 Alexander

171 2228 307 2290 receset,
333 2238 466 2281 usurum
490 2238 531 2281 ea
554 2216 763 2291 condicione,
792 2218 961 2302 respondit
983 2219 1035 2282 ‘Et
1058 2204 1121 2307 ego
1145 2232 1265 2298 uterer,
1294 2224 1325 2287 si
1347 2223 1429 2287 Par·

207 2324 341 2387 menion
353 2320 482 2389 esscm'.
521 2320 649 2388 Vocem
662 2323 789 2389 duabus
802 2324 948 2388 uictoriis
961 2325 1215 2411 respondentem
1228 2325 1429 2415 dignamque

207 2428 260 2493 cui
285 2428 386 2503 tertia,
408 2428 493 2493 sicut
517 2432 634 2505 euenit,
660 2429 863 2495 tribueretur.
937 2476 942 2483 ·

296 2534 403 2622 Atque
426 2533 510 2601 haec
534 2536 666 2624 quidem
690 2547 721 2600 et
747 2537 847 2601 animi
869 2536 1037 2625 magnifici
1066 2548 1097 2601 et
1126 2540 1276 2625 prosperi
1307 2542 1470 2620 status34.

206 2642 262 2710 illa
285 2664 384 2718 uero,
414 2662 479 2730 qua
500 2641 602 2732 legati
624 2633 964 2710 Lacedaemoniorum
993 2642 1081 2730 apud
1111 2655 1238 2730 patrem
1268 2648 1338 2713 eius
1367 2649 1427 2714 mi·

211 2839 232 2893 l.
251 2841 352 2891 induxit
363 2837 397 2891 Ε.
412 2839 423 2906 ΙΙ
437 2837 463 2893 A.
483 2839 614 2905 Graecae]
633 2841 704 2892 certe
724 2838 755 2894 F.
768 2839 781 2907 ll
793 2842 913 2892 doctrina
924 2836 954 2895 F.
964 2836 979 2907 ΙΙ
990 2840 1180 2908 grauissimum
1201 2835 1293 2908 0113.
1311 2843 1429 2895 dicturus

209 2914 294 2962 essct·
308 2913 386 2975 eique
406 2913 493 2978 lysias
517 2911 698 2962 defensionem
718 2909 750 2965 Γ.
767 2911 780 2978 Η
798 2911 832 2976 ei]
859 2913 886 2962 et
909 2908 1008 2979 011⁴.
1028 2913 1167 2961 dimissam
1184 2909 1243 2964 EF
1260 2918 1286 2964 et
1296 2929 1343 2982 pr.
1360 2912 1393 2967 A.
1405 2915 1419 2984 {l

208 2985 356 3047 subplicem
372 2998 416 3050 pr.
434 2981 466 3036 A.
486 2983 635 3048 simplicem
653 2980 685 3035 F.
697 2981 710 3050 ΙΙ
726 2980 753 3034 5.
774 2984 963 3046 inminentique
980 2979 1008 3032 B
1025 2986 1051 3032 et
1067 2996 1136 3034 corr.
1155 2979 1192 3037 A.
1215 2980 1292 3038 Your.
1309 2983 1323 3052 ΙΙ
1339 2987 1430 3053 inquid
1451 3044 1455 3053 1

202 3069 249 3120 pr.
266 3051 297 3106 A.
309 3053 322 3121 ΙΙ
334 3049 360 3108 t.
380 3069 414 3105 en
432 3053 495 3107 Pur.
507 3052 520 3120 ΙΙ
532 3055 637 3118 scytiao
654 3051 687 3120 A.
705 3055 785 3104 sithie
804 3052 839 3105 E.
859 3056 931 3120 sityc
949 3050 978 3105 F.
990 3051 1004 3120 ΙΙ
1015 3051 1040 3105 l.
1058 3068 1226 3116 pererrarem
1248 3052 1277 3108 F.
1288 3054 1302 3122 ΙΙ
1313 3057 1380 3122 tum]
1400 3058 1430 3106 tu

210 3123 238 3178 0.
256 3130 347 3176 tamen
365 3123 400 3178 E.
413 3124 426 3192 ΙΙ
438 3127 524 3190 ipsum
543 3122 667 3177 DFPur.
679 3126 693 3192 ΙΙ
705 3126 869 3176 multandum
888 3128 973 3177 morte
991 3121 1020 3177 F.
1034 3121 1047 3192 ΙΙ
1061 3121 1087 3178 ll.
1108 3125 1198 3190 lysias
1216 3123 1252 3179 D.
1268 3124 1282 3193 ΙΙ
1301 3124 1342 3179 10.
1367 3127 1392 3190 s.
1411 3119 1429 3176 3

207 3211 257 3248 ora.
276 3193 307 3247 Γ.
319 3193 333 3260 ΙΙ
344 3197 380 3245 hii
399 3193 430 3246 F.
444 3195 457 3262 ΙΙ
469 3197 495 3244 in
513 3195 605 3262 armis]
625 3195 652 3245 in
670 3211 719 3248 om.
737 3193 772 3248 ii.
792 3193 804 3264 11
826 3192 867 3250 ll.
886 3196 1014 3262 nobilem]
1034 3193 1138 3248 litterae
1156 3195 1219 3246 ilem
1236 3195 1265 3246 ia
1282 3210 1380 3247 rasura
1397 3195 1429 3248 A.

208 3267 364 3316 nobiliorem
388 3263 424 3318 D.
447 3266 599 3315 notabiliter
617 3263 651 3316 Ε.
669 3268 683 3336 l}
700 3267 791 3334 edidit]
817 3266 845 3319 ia
864 3281 960 3320 rasura
983 3265 1016 3316 A.
1040 3268 1113 3320 dedit
1137 3262 1173 3318 D.
1192 3267 1205 3332 ΙΙ
1222 3267 1296 3316 dario
1315 3261 1431 3317 cDEF

206 3337 269 3389 Pur.
291 3332 392 3402 Tornll
407 3331 447 3388 12.
467 3334 600 3400 uirtutem]
625 3333 675 3386 litt.
698 3351 714 3386 e
736 3334 765 3388 in
789 3351 887 3388 rasura
908 3335 941 3390 A.
967 3339 1091 3387 uirtutum
1115 3332 1200 3402 GRH
1217 3339 1243 3385 et
1260 3333 1376 3400 partem]
1402 3339 1430 3386 et

207 3423 255 3459 om.
277 3403 354 3458 Torr.
374 3421 407 3455 cx
426 3407 502 3470 parte
520 3402 608 3456 Aca.
620 3403 633 3473 ll
647 3403 687 3457 ll.
707 3408 876 3470 pollicentem
893 3405 926 3458 A.
942 3403 962 3524 (lp
980 3403 1022 3457 15.
1047 3407 1092 3472 ea]
1113 3418 1144 3454 se
1162 3404 1191 3454 ia
1208 3419 1305 3456 rasura
1322 3402 1355 3461 A.
1379 3420 1428 3456 om.

209 3476 285 3531 Tora
298 3478 311 3544 ll
323 3475 487 3543 condicione]
507 3474 536 3526 in
553 3489 650 3527 rasura
667 3473 699 3528 A.
714 3474 725 3542 ΙΙ
743 3475 784 3528 li.
804 3476 904 3541 euenit]
925 3490 942 3525 u
961 3472 988 3526 d.
1010 3477 1049 3526 sic
1067 3474 1126 3543 ΚΙΙ
1142 3469 1182 3526 18.
1207 3475 1233 3538 s.
1253 3472 1270 3526 t
1293 3488 1341 3528 om.
1360 3473 1393 3528 Γ.
1404 3474 1418 3544 ΙΙ

206 3551 258 3600 hoc
276 3546 335 3602 EF
351 3551 377 3598 et
393 3560 464 3598 corr.
482 3543 520 3598 D.
532 3544 545 3614 ΙΙ
557 3549 585 3597 ct
604 3546 694 3613 animi]
715 3549 742 3596 et
759 3561 808 3598 om.
830 3544 907 3597 Torr.

257 3719 302 3848 43.
327 3724 366 3777 Gi.
384 3723 437 3775 Cic.
456 3723 489 3773 de
508 3737 546 3776 or.
565 3723 591 3783 l,
610 3717 733 3782 51231.
758 3724 845 3784 Quint.
864 3723 898 3783 11,
916 3717 962 3781 25,
981 3715 1018 3772 30
1034 3723 1062 3772 et
1078 3720 1126 3781 xi,
1147 3716 1171 3783 1,
1190 3715 1217 3774 li.
1239 3722 1319 3791 Diog.
1337 3721 1428 3774 Luert

278 3863 303 3920 3.
323 3868 362 3918 Cl.
381 3868 452 3918 cort.
470 3865 527 3926 llll,
548 3861 590 3918 tl.
610 3865 713 3918 Arrian.
732 3865 764 3926 n,
784 3861 827 3918 25.
850 3865 917 3919 Plut.
936 3863 1013 3916 Alex.
1030 3859 1074 3916 29.

280 3937 368 3990 Tauro
388 3943 471 4001 tenus)
493 3939 595 3996 Curtio,
620 3937 747 3996 Arriano,
771 3938 916 3988 Plutarcho
941 3938 1057 3987 testibus
1081 3935 1178 3986 Darius
1197 3933 1348 3987 Alexandro
1368 3952 1428 3988 cum

207 4012 262 4063 fllia
284 4013 378 4062 obtulit
401 4011 525 4074 quidquid
550 4010 618 4060 iuter
641 4009 803 4072 Euphratem
828 4012 856 4059 ct
879 4009 1079 4071 Hellespontum
1104 4007 1153 4058 cst.
1197 4007 1304 4057 Valerio
1329 4011 1428 4059 emeris

207 4093 317 4133 causum
337 4083 458 4134 extitisse
478 4080 644 4139 Antiochum,
664 4081 715 4130 hac
734 4083 810 4144 parte
828 4081 906 4148 regni
926 4079 1082 4130 allemanie
1094 4078 1241 4137 mrrltatum,
1260 4093 1313 4128 non
1331 4080 1428 4130 iniuria

207 4155 412 4218 suspicabuntur
430 4153 585 4204 Perizonius
605 4155 632 4202 ct
649 4149 802 4204 Turranius.
844 4151 885 4200 lic
904 4153 975 4200 dotis
994 4164 1099 4199 summu
1116 4162 1218 4217 magna
1234 4150 1303 4199 inter
1320 4155 1427 4201 ueteres

206 4227 351 4289 scriptores
370 4224 504 4274 dissensio
523 4225 574 4274 est.
615 4223 743 4274 Arrianus
767 4224 793 4272 et
817 4223 977 4272 Plutarchus
1003 4222 1109 4276 decem,
1134 4220 1266 4270 Diodorus
1284 4221 1372 4278 xvii,
1392 4216 1428 4272 54

207 4309 232 4358 p.
249 4291 303 4346 202
321 4297 380 4353 tria,
400 4296 449 4346 sed
468 4295 538 4345 idem
557 4295 584 4344 in
603 4294 735 4359 excerptis
755 4293 840 4344 Vatio.
861 4309 886 4356 p.
911 4288 944 4341 it
969 4307 1011 4354 ap.
1030 4293 1131 4341 Maium
1150 4291 1340 4358 quadraginta,
1363 4291 1427 4339 cur·

205 4367 258 4416 tius
281 4367 391 4434 triginta
414 4365 488 4416 milia
511 4365 639 4416 talentum
664 4369 879 4416 commemorant.
925 4365 1048 4413 Valerius
1073 4378 1152 4428 quam
1175 4363 1264 4424 posuit
1286 4374 1426 4418 summam,

206 4451 241 4487 ea
259 4443 330 4487 certo
356 4449 461 4487 omnem
486 4436 566 4486 tidem
591 4437 671 4504 longe
696 4437 807 4487 excedit.
850 4435 909 4486 Non
934 4435 1045 4485 deerant
1067 4434 1148 4502 igitur
1171 4433 1216 4493 qui
1240 4431 1305 4480 illud
1328 4434 1428 4480 cenum

206 4508 347 4559 delendum
366 4508 544 4572 opinarentur.
586 4505 640 4558 Sed
665 4507 804 4558 confirmat
822 4507 941 4556 codicum
966 4509 1118 4556 nostrorum
1142 4503 1301 4566 scripturam
1323 4501 1428 4552 Paridis

205 4580 398 4645 compendium.
445 4577 503 4629 Nec
533 4579 618 4629 semel
647 4578 691 4627 hic
716 4581 809 4628 auctor
838 4591 883 4628 res
907 4578 1014 4640 praeter
1037 4576 1143 4624 modum
1168 4574 1195 4622 in
1218 4573 1305 4621 malus
1327 4573 1428 4626 extulit

276 4649 301 4704 A.
321 4649 405 4701 Paulo
423 4651 502 4701 aliter
518 4651 569 4702 hoc
589 4651 738 4718 legatorum
758 4649 949 4714 Spartanorum
969 4648 1066 4697 dictum
1084 4644 1202 4694 referunt
1223 4643 1277 4692 Cic.
1295 4641 1375 4695 Tusc.
1394 4644 1427 4703 V,

206 4719 248 4782 ll,
268 4716 670 4783 tietiront.strat.1111,i,
692 4715 733 4773 li.
762 4721 800 4773 ci.
826 4722 906 4772 ctiam
929 4719 996 4772 Piut.
1021 4715 1150 4782 apophth.
1173 4713 1273 4767 Lacon.
1290 4715 1374 4784 ignoi.
1392 4711 1428 4768 50

205 4797 233 4847 et
249 4791 293 4849 51.

1166 4874 1209 4942 32
