3409 5400
572 526 655 593 LIB.
677 526 748 606 llll,
773 529 810 594 G.
834 530 867 606 4,
889 536 920 605 Β.
945 530 1075 595 7-10,
1367 531 1432 597 349

212 689 352 753 ciuitatis
377 688 532 753 sdiam'ei
556 698 692 774 nuptum
717 690 814 765 dedit,
839 693 932 754 cuius
955 690 1099 774 pecunia
1126 695 1193 753 tam
1220 689 1347 755 ieiunos
1376 712 1433 775 pe-

212 806 306 860 nates
337 796 480 859 uidebat.
527 794 593 875 Qui
621 796 693 879 ipse
724 818 853 884 quoque
889 796 973 861 adeo
1001 795 1098 879 inops
1129 796 1272 861 decessit
1298 806 1342 869 ut,
1369 798 1435 859 nisi

213 902 344 977 fundus,
368 922 463 987 quem
489 924 589 965 unum
613 901 799 987 reliquerat,
823 907 980 979 uenisset,
1009 902 1097 965 unde
1125 924 1206 965 tator
1230 904 1301 965 eius
1326 901 1434 964 dotem

210 1010 371 1093 reciperet
393 1030 459 1073 non
483 1011 649 1073 extitisset.
697 1008 808 1073 Animi
831 1013 976 1075 uirorum
1001 1021 1032 1071 ct
1054 1010 1249 1073 feminarum
1278 1008 1437 1095 uigebant

183 1118 244 1179 tin
268 1116 407 1187 ciuitate,
432 1137 608 1201 corumque
632 1116 728 1179 bonis
753 1115 921 1201 dignitatis
945 1105 1130 1180 aestimatio
1147 1116 1272 1179 cunctis
1287 1117 1322 1178 in
1336 1115 1436 1179 rebus

211 1221 462 1306 ponderabatur.
506 1220 598 1285 Haec
627 1222 767 1305 imperia
796 1224 1025 1292 conciliabant,
1056 1221 1139 1285 hacc
1169 1222 1350 1307 iungebant
1377 1220 1458 1286 ad-.

211 1328 364 1401 unitates,
395 1326 477 1391 haec
509 1328 542 1390 in
572 1329 656 1401 soro,
685 1327 768 1391 haec
799 1330 885 1394 intra
913 1331 1060 1414 priuatos
1090 1330 1231 1412 parietes
1259 1328 1434 1413 plurimum

211 1444 372 1517 poterant.
417 1432 547 1497 Patriae
578 1436 664 1497 enirn
693 1455 762 1498 rem
793 1457 878 1498 unus
894 1437 1063 1521 quisquc,
1090 1456 1155 1498 non
1188 1457 1284 1499 suam
1313 1456 1435 1520 augere

212 1540 418 1625 properabat,
441 1561 631 1626 pauperque
655 1542 688 1603 in
712 1540 812 1603 diuite
837 1564 936 1627 quam
959 1518 1054 1605 diues
1078 1544 1113 1605 in
1135 1563 1282 1626 paupere
1297 1543 1435 1625 imperio

176 1654 204 1699 ¹⁰
213 1650 339 1713 uersari
360 1646 513 1713 malebat.
548 1647 656 1733 Atque
673 1644 748 1709 huie
774 1659 838 1711 tam
862 1648 1033 1731 praeclaro
1048 1650 1219 1733 proposito
1236 1649 1292 1712 illa
1306 1669 1435 1711 merces

211 1756 417 1827 reddebatur,
441 1753 529 1839 quod
552 1752 634 1817 nihil
659 1774 782 1829 eorum,
807 1776 892 1841 quae
915 1756 1025 1818 uirtuti
1049 1754 1214 1830 debentur,
1246 1774 1354 1819 emere
1378 1776 1434 1840 pe-

212 1864 309 1928 cunia
324 1861 453 1936 licebat,
468 1860 663 1946 inopiaeque
680 1854 863 1925 inlustrium
876 1863 1020 1926 uirorum
1033 1862 1161 1947 publice
1174 1862 1434 1927 succurrebatur'.

300 1968 412 2055 ltaque
437 1988 512 2031 cum
535 1965 682 2031 secundo
705 1964 830 2030 Punico
862 1967 948 2033 bello
977 1968 1036 2033 Gn.
1065 1969 1177 2053 Scipio
1206 1991 1248 2033 ex
1273 1968 1436 2053 Hispania
1448 1961 1497 2027 10.

212 2077 342 2143 senatui
357 2075 556 2158 scripsisset,
572 2084 686 2157 petens
703 2082 738 2135 ut
754 2072 815 2137 sibl
831 2095 1007 2139 successor
1023 2077 1209 2150 mitteretur,
1233 2076 1312 2161 quia
1335 2075 1436 2140 tiliam

174 2196 202 2241 ¹⁵
211 2185 375 2270 uirginem
398 2180 528 2245 adultae
551 2182 618 2244 iam
642 2180 757 2242 aetatis
780 2177 926 2253 haberet,
954 2202 1061 2265 neque
1084 2182 1115 2244 ei
1137 2183 1210 2245 sine
1233 2203 1270 2245 se
1294 2179 1356 2245 dos
1379 2203 1434 2247 ex·

210 2290 316 2376 pediri
339 2296 464 2371 posset.
488 2296 633 2358 senatus,
658 2307 700 2349 ne
724 2306 778 2348 res
801 2284 933 2369 publica
955 2286 1043 2350 bono
1067 2287 1151 2351 duce
1173 2296 1307 2361 careret,
1331 2288 1434 2370 patris

213 2397 276 2462 sibi
298 2404 408 2480 partes
433 2392 625 2476 desumpsit,
649 2392 851 2477 consilioque
875 2394 986 2457 uxoris
1010 2416 1050 2457 ac
1073 2395 1332 2479 propinquorum
1362 2392 1434 2456 Sei-

212 2502 320 2588 pionis
351 2500 526 2564 constituta
554 2498 639 2572 dote,
669 2518 833 2565 summam
869 2498 939 2561 eius
975 2520 1014 2562 ex
1048 2501 1176 2563 aerario
1211 2499 1361 2586 erogauit
1395 2520 1436 2563 ac

212 2590 354 2692 puellam
384 2616 520 2690 nuptum
544 2604 641 2667 dedit.
685 2602 780 2668 Dotis
804 2604 924 2669 modus
946 2602 1008 2669 XL
1030 2605 1121 2669 milia
1144 2606 1231 2669 aeris
1255 2606 1324 2669 fuit.
1360 2603 1434 2683 Quo

71 2704 74 2713 ’
175 2733 280 2782 eonon
302 2712 410 2780 solum
432 2711 620 2778 humanitas
643 2723 772 2796 patrum
796 2713 1055 2797 conscriptorum
1087 2713 1148 2776 sed
1177 2714 1274 2776 etiam
1303 2711 1435 2776 habitus

213 2833 359 2886 ueterum
382 2819 652 2904 patrimoniorum
675 2820 835 2904 cognosci
858 2828 975 2902 potest.
1019 2818 1171 2905 Namque
1194 2819 1278 2884 adeo
1306 2819 1436 2882 fuerunt

214 2940 294 3004 aaa,
317 2937 352 2992 ut
374 2933 393 3004 †
416 2923 538 2990 Tuccia
567 2925 727 2990 Caesonis
756 2925 824 3000 filia
850 2924 1028 2989 maximam
1056 2926 1165 2991 dotem
1194 2925 1234 2991 ad
1270 2927 1376 2990 uirum
1401 2909 1437 2988 Χ

214 3139 248 3193 de
266 3155 369 3193 eaeasas
386 3137 420 3190 Β.
431 3139 444 3206 ΙΙ
455 3138 580 3204 penates]
600 3143 659 3190 sate
677 3140 790 3202 pecunia
802 3137 834 3190 Γ.
854 3143 913 3189 ante
931 3141 985 3188 tam
1003 3141 1108 3190 ieiunos
1126 3138 1202 3191 Torr.
1217 3137 1346 3208 112Quio
1359 3137 1436 3190 Torr.

224 3211 239 3280 ΙΙ
250 3207 276 3264 3.
294 3211 375 3274 rande]
390 3214 454 3275 port
471 3211 559 3258 dotem
580 3206 656 3261 Torr.
669 3209 683 3276 ΙΙ
694 3207 718 3260 4.
738 3211 839 3274 recipet
856 3207 892 3260 Ε.
904 3205 954 3275 115.
977 3210 1133 3276 corumque]
1158 3225 1208 3276 que
1227 3225 1276 3261 om.
1295 3206 1322 3261 0.
1335 3209 1348 3276 11
1360 3211 1437 3258 benis

215 3298 265 3333 om.
283 3279 320 3334 D.
332 3279 345 3346 ΙΙ
358 3277 383 3327 7.
401 3277 470 3344 foro]
491 3275 552 3330 add.
573 3281 640 3329 haec
659 3281 686 3329 iu
706 3281 779 3330 curia
799 3278 877 3331 Terr.
890 3278 903 3344 ΙΙ
919 3276 958 3331 12.
976 3282 1083 3344 inopiae
1102 3298 1171 3346 quse
1190 3279 1222 3331 Α.
1234 3279 1247 3346 ΙΙ
1260 3275 1302 3330 13.
1321 3281 1367 3329 Cn.
1381 3279 1437 3327 Sci·

214 3353 270 3418 pio]
296 3351 453 3402 aemilianus
478 3351 561 3412 scipio
585 3347 621 3401 D.
646 3365 673 3416 g.
699 3352 783 3414 scipio
801 3347 833 3400 F.
850 3349 864 3417 ΙΙ
884 3347 924 3401 14.
944 3365 1088 3400 successor
1109 3345 1368 3418 statuarium.
1392 3361 1437 3398 res

215 3439 264 3476 om.
285 3419 314 3473 0.
326 3421 339 3489 ΙΙ
353 3418 394 3471 18.
414 3433 518 3468 summa
537 3419 612 3468 cuius
630 3417 659 3468 F.
671 3419 685 3486 ΙΙ
703 3417 744 3470 te.
763 3423 872 3482 nuptam
888 3434 933 3486 pr.
951 3418 984 3470 Α.
1002 3422 1095 3482 nuptui
1112 3419 1144 3472 F.
1161 3418 1175 3485 ΙΙ
1192 3420 1262 3484 Quo]
1282 3434 1361 3484 quiam
1378 3417 1438 3478 (aie)

216 3493 246 3546 A.
265 3495 295 3543 in
314 3509 366 3558 quo
387 3488 462 3540 Torr.
482 3489 493 3556 ΙΙ
513 3486 556 3541 st.
575 3489 803 3554 patrimoniorum]
823 3493 929 3553 patrum
947 3488 978 3539 F.
993 3489 1005 3551 ΙΙ
1018 3487 1062 3542 22.
1083 3494 1143 3540 arta
1161 3492 1266 3540 fucrant
1284 3487 1315 3542 F.
1326 3489 1341 3557 ΙΙ
1352 3491 1438 3538 tuccia

216 3565 278 3618 Par.
297 3567 323 3614 ct
340 3573 409 3612 corr.
428 3556 459 3610 A.
478 3559 548 3609 actis
566 3556 603 3612 D.
622 3561 698 3608 accis
716 3557 747 3611 Γ.
766 3562 837 3610 tacia
854 3557 888 3610 E.
914 3559 992 3608 Tatta
1015 3556 1092 3610 Torr.
1110 3559 1123 3627 ΙΙ
1141 3561 1261 3610 censoris
1280 3557 1309 3610 F.
1324 3559 1338 3630 ΙΙ
1349 3561 1377 3617 i
1398 3558 1440 3610 sio
1546 3561 1549 3567 '

216 3633 277 3687 ΑΓ.
296 3635 321 3684 Χ
341 3629 454 3684 orror.
473 3631 499 3679 X
517 3631 591 3680 mitia
609 3627 755 3681 DETorr.
1185 3645 1189 3654 ·

289 3757 341 3817 Qui
358 3755 415 3823 ipae
433 3769 531 3822 qaoque
550 3749 616 3804 adeo
634 3751 721 3819 inops)
739 3755 777 3806 ct.
796 3753 856 3806 Liu.
875 3756 937 3816 epit.
956 3755 1013 3804 libr.
1033 3755 1128 3805 XLVI.
1151 3755 1227 3805 doct.
1240 3757 1273 3808 de
1286 3760 1332 3808 atr.
1345 3758 1381 3806 iil.
1394 3750 1437 3810 56.

287 3828 351 3880 baec
368 3827 396 3876 in
407 3826 494 3893 soro,)
511 3827 577 3874 Post
596 3827 663 3874 baec
683 3827 766 3873 uerba
784 3825 868 3873 didas
886 3827 1031 3875 intruserat
1048 3824 1112 3876 iaec
1129 3826 1158 3876 ia
1176 3826 1265 3885 maria,
1295 3831 1365 3878 tunde
1381 3830 1437 3877 ruri-

216 3901 283 3969 gata
301 3899 424 3965 exempla
442 3899 581 3961 bucusque
600 3896 820 3946 circumferebant
838 3894 903 3945 baec
920 3894 948 3946 a'a
959 3895 1035 3961 sero,
1053 3895 1117 3947 aaa
1135 3896 1163 3948 a'a
1181 3897 1267 3951 caria.
1286 3898 1350 3948 iaec
1366 3897 1437 3949 iutra

211 3970 336 4038 priuatos
349 3967 475 4036 parieta.
512 3967 565 4016 Sad
584 3983 628 4016 nu.
646 3965 711 4018 iaec
728 3965 756 4015 in
774 3964 850 4016 curta
875 3969 910 4016 ‘in
929 3981 995 4018 mss.
1014 3969 1149 4017 tredecim'
1173 3973 1272 4018 abesse
1293 3971 1438 4020 Turranius

218 4041 400 4098 adnotsnerat,
420 4039 542 4103 equidem
564 4040 591 4088 in
609 4039 681 4088 nulio
707 4052 827 4088 meorum
846 4039 973 4088 librorum
997 4040 1094 4090 inueni.
1137 4045 1225 4101 Quare
1242 4055 1438 4105 superuacuam

216 4113 446 4175 interpolationem
464 4111 575 4162 remoui.

292 4180 331 4233 l0.
355 4183 393 4232 ut.
416 4182 503 4232 Amm.
526 4181 610 4231 Mare.
629 4179 717 4237 Xllll,
743 4176 773 4237 6,
800 4174 841 4230 ll.
868 4181 965 4232 Zonar.
989 4182 1042 4239 tx,
1060 4176 1087 4232 3.
1123 4182 1163 4231 De
1189 4185 1220 4236 P.
1238 4185 1351 4234 Cornelii
1371 4183 1438 4233 Atri-

218 4255 278 4307 cani
303 4253 409 4301 tiiiabus
427 4268 445 4301 a
463 4257 557 4302 senatu
580 4253 677 4302 dotatis
702 4252 773 4312 ioqui
796 4252 881 4300 uideri
900 4250 1030 4302 Senecam
1050 4256 1153 4317 quaest,
1176 4257 1231 4305 nat.
1248 4256 1273 4310 1.
1299 4253 1329 4304 17
1357 4256 1439 4302 adno-

215 4325 284 4374 tauit
302 4323 459 4379 Glareanus,
478 4325 645 4384 eundemque
663 4321 829 4378 Africanum,
853 4324 881 4369 ut
903 4337 966 4371 mea
988 4324 1093 4387 quidem
1117 4325 1168 4374 tert
1191 4327 1294 4389 opinio.
1314 4324 1439 4372 Valerius
1478 4327 1487 4339 ¹

216 4397 314 4462 postea
332 4395 359 4443 in
378 4395 466 4444 mente
484 4393 590 4448 habuit.
615 4409 675 4442 enm
699 4394 828 4442 scriberet
851 4395 973 4442 senatum
994 4393 1109 4443 Fabricii
1126 4396 1236 4445 Luscini
1254 4394 1439 4455 Scipionisque

217 4467 287 4516 fltias
307 4468 342 4515 ab
360 4465 485 4514 indotatis
503 4463 603 4527 nuptiis
616 4464 777 4513 uindicasse.
813 4463 902 4520 Front,
915 4465 991 4516 strat,
1003 4465 1059 4522 1111,
1072 4461 1098 4522 3.
1111 4462 1128 4515 4
1141 4467 1220 4515 buius
1234 4463 1319 4513 Gnaei
1333 4477 1439 4527 quoque

217 4537 350 4600 Scipionis
369 4537 520 4598 complures
538 4535 610 4584 uuas
629 4549 647 4584 a
665 4535 759 4584 senatu
779 4535 925 4583 collocatas
943 4539 1143 4587 commemorat.

286 4609 350 4669 ut†
372 4603 470 4656 Tuccia
491 4603 616 4656 casaur
631 4601 704 4670 filia)
730 4605 860 4655 intactum
883 4606 977 4670 reliqui
1000 4607 1141 4668 archetypi
1159 4606 1292 4662 mendum,
1314 4606 1439 4670 quoniam

217 4679 368 4732 emendatio
386 4677 466 4727 ualde
483 4678 531 4738 ,est
553 4677 663 4726 incerta.
704 4675 800 4734 Dubito
824 4676 895 4724 erum
919 4678 963 4725 uei
986 4677 1019 4725 de
1036 4676 1148 4726 'Paridis
1173 4677 1305 4738 scriptura
1331 4673 1437 4736 stede,

218 4750 341 4820 quamuis
359 4747 476 4802 'luceiae
494 4747 614 4802 Vestalis
633 4747 744 4816 turgidis
761 4761 861 4800 nomeu
876 4748 1047 4798 notissimum
1064 4748 1107 4806 sit,
1125 4748 1190 4809 quia
1202 4749 1348 4810 mesonca,
1368 4750 1438 4816 quoi

215 3070 239 3124 l.
249 3073 373 3192 pecunia
386 3095 398 3122 a
413 3065 445 3120 A.
459 3071 523 3136 post
539 3068 643 3118 ieiunos
664 3065 740 3120 Torr.
753 3065 766 3134 ΙΙ
779 3068 894 3134 ieiunos]
919 3066 1042 3134 Explicit
1060 3066 1109 3120 boc
1125 3067 1253 3120 uocabulo
1271 3065 1354 3119 codsa
1375 3035 1438 3118 via?
