3409 5400
201 481 372 565 'm
614 490 1219 563 mmmmm.

307 659 452 723 ‘Miseria
468 668 581 723 nostra
596 678 737 744 magnus
754 656 824 731 ced,
848 655 988 719 derectis
1012 654 1047 718 in
1065 653 1259 739 Pompeium
1274 652 1436 740 Magnum
1464 672 1553 714 rna-

306 766 402 829 nibus
426 762 658 850 pronuntiauit
681 774 922 849 reuocatusque
946 760 1141 846 aliquotiens
1171 782 1193 822 a
1215 758 1336 845 populu
1366 760 1440 821 sine
1470 757 1549 820 ulla

306 872 510 935 cunctatione
540 872 660 935 nimiae
689 870 779 935 illum
809 880 840 932 ct
867 865 1082 933 intolerabilis
1111 868 1272 952 potentiae
1310 888 1401 929 rcum
1432 880 1546 951 gestu

305 988 554 1065 perseueranter
581 978 657 1062 egit.
709 976 834 1040 liudem
863 974 1042 1061 petulantia
1071 995 1152 1037 usus
1185 985 1236 1037 est
1265 975 1299 1039 iu
1328 994 1369 1036 ca
1397 994 1546 1058 quoquc

287 1098 407 1172 parte,
431 1084 601 1149 ‘Virtutem
626 1086 723 1148 istam
747 1086 857 1146 ueniet
880 1096 1008 1168 tompus
1033 1103 1107 1144 enm
1132 1081 1275 1167 grauiter
1298 1079 1434 1167 gemcs'.
1556 1102 1571 1143 s

243 1190 294 1256 1⁰.
395 1192 497 1257 Marci
528 1192 625 1255 ctiam
655 1191 805 1254 Castricii
832 1190 979 1253 libertato
1013 1187 1236 1251 inflammatus
1265 1188 1408 1251 animus.
1466 1187 1542 1265 Qui

305 1320 379 1361 cnm
395 1297 582 1362 Placentiae
599 1296 825 1381 magistratum
842 1306 979 1381 gereret,
1004 1295 1062 1361 Gn.
1077 1293 1227 1358 Carbone
1245 1293 1379 1357 consule
1395 1292 1542 1356 iubente

305 1403 468 1468 decretum
486 1404 566 1477 lieri.
583 1425 648 1490 qno
665 1403 728 1467 sibi
744 1401 878 1465 obsides
892 1426 913 1465 a
925 1400 1124 1464 Placentinis
1141 1399 1305 1474 darentur,
1322 1420 1381 1463 nec
1393 1422 1540 1465 summo

306 1513 375 1577 eius
413 1512 550 1596 imperio
579 1510 815 1595 obtemperauit
846 1530 905 1573 nec
934 1502 1087 1573 maximis
1121 1506 1247 1571 uiribus
1281 1508 1394 1582 cessit;
1430 1518 1540 1593 atqnc

305 1621 401 1683 etiarn
425 1619 552 1681 dicente
576 1615 694 1681 multos
719 1637 756 1679 se
772 1614 903 1702 gladios
920 1614 1041 1679 habere
1057 1612 1228 1698 respondit
1250 1612 1301 1676 'Et
1316 1634 1379 1699 ego
1396 1614 1537 1679 annos'.
1548 1629 1577 1674 t·

305 1727 539 1811 obstipuerunt
563 1732 608 1787 tot
630 1722 795 1808 legiones,
826 1734 891 1786 tam
915 1721 1069 1786 robustas
1093 1720 1271 1784 senectutis
1294 1720 1453 1806 reliquias
1481 1722 1537 1784 in-

305 1844 443 1896 tuentes.
490 1828 650 1891 Carbonis
668 1848 798 1913 quoqne
814 1828 874 1900 ira,
897 1828 975 1914 qnia
992 1828 1164 1891 materiam
1178 1826 1348 1891 saeuiendi
1365 1849 1535 1914 perquam

304 1939 457 2023 exignum
481 1932 632 2006 habebat,
657 1932 829 2017 paruulum
853 1935 941 1998 uitae
966 1945 1093 2019 tempus
1124 1932 1289 2007 ablatura,
1319 1934 1352 1997 in
1384 1954 1422 1998 se
1452 1936 1535 2020 ipsa

304 2040 463 2127 conlapsa
486 2051 544 2108 est.

239 2148 292 2213 ll.
392 2148 460 2213 Iam
490 2150 562 2213 Ser.
594 2145 718 2210 Galbae
748 2147 937 2211 temeritatis
966 2145 1064 2233 plena
1098 2145 1290 2230 postulatio,
1324 2147 1379 2233 qni
1410 2146 1567 2213 dinume

302 2256 417 2321 lulium
442 2254 678 2319 consummatis
702 2254 846 2316 uictoriis
870 2254 903 2317 ia
927 2252 999 2316 suro
1023 2253 1074 2317 ins
1103 2253 1263 2317 (licentem
1286 2254 1321 2317 in
1343 2252 1430 2317 bunc
1455 2277 1529 2319 mo·

304 2364 380 2428 dnm
411 2360 617 2447 interpellare
649 2359 814 2423 sustinuit:
847 2359 893 2425 ⁸0.
923 2358 982 2423 Iuli
1012 2361 1150 2434 Caesar,
1187 2382 1247 2445 pro
1276 2361 1334 2427 Cn.
1364 2360 1526 2447 Pompeio

303 2470 438 2559 Magno,
459 2466 626 2554 quondam
652 2484 773 2551 genero
797 2476 863 2539 tuo,
886 2467 920 2528 in
942 2467 1036 2530 tertio
1060 2466 1130 2529 cius
1155 2465 1326 2530 consulatu
1350 2469 1525 2551 pecuniam

306 2647 330 2703 1.
350 2648 404 2716 est]
424 2644 485 2700 add.
506 2647 585 2696 otium
604 2638 641 2697 D.
662 2640 674 2714 ΙΙ
694 2644 800 2694 directis
818 2639 977 2697 narrar.
1001 2649 1028 2695 et
1044 2659 1113 2697 corr.
1132 2642 1169 2699 A.
1193 2640 1269 2697 Turr.
1295 2642 1337 2712 Cs-
1355 2642 1464 2700 Mra.
1487 2644 1526 2697 ud

304 2717 386 2772 Lacr.
405 2716 469 2771 llll.
495 2713 555 2768 uoti.
572 2732 600 2783 p.
618 2711 679 2769 att.
699 2717 793 2766 ductus
812 2715 844 2770 F.
855 2714 869 2783 ΙΙ
881 2715 906 2768 2.
925 2718 1067 2779 aliquoties
1082 2732 1127 2784 pr.
1146 2715 1177 2768 A.
1188 2716 1202 2784 ΙΙ
1213 2713 1238 2769 3.
1252 2720 1417 2768 cunctatione
1429 2735 1477 2785 pr.
1491 2719 1523 2770 A.

317 2789 330 2860 ll
345 2793 417 2841 illum
436 2782 645 2852 nimiue'F.114.
664 2789 848 2851 perseueranti
867 2782 894 2838 Ε
917 2792 942 2838 et
960 2802 1029 2841 eurr.
1048 2786 1088 2842 A.
1111 2785 1188 2841 Turr.
1204 2786 1218 2856 ΙΙ
1235 2785 1260 2841 5.
1285 2791 1407 2839 uirtutem
1431 2790 1521 2856 istam}

304 2889 317 2914 a
332 2888 344 2913 2
360 2887 372 2912 ι
390 2858 426 2912 D.
446 2861 566 2909 uirtutem
587 2858 658 2907 itiam
681 2856 710 2908 F.
729 2861 756 2907 et
779 2859 831 2908 ium
848 2858 962 2926 *tumim
981 2861 1115 2925 uirtutem)
1134 2859 1196 2911 Pur.
1211 2856 1223 2928 ΙΙ
1238 2861 1299 2909 ditm
1318 2858 1380 2912 Pur.
1395 2857 1408 2930 ΙΙ
1427 2877 1521 2929 gemas

303 2927 559 2984 ACDEFFTurr.
571 2928 584 2996 Η
602 2927 627 2980 i.
647 2927 705 2995 Cn}
725 2925 757 2977 cri
774 2926 805 2982 F.
823 2929 836 2996 Η
856 2927 897 2982 lb.
923 2929 1016 2995 etiami
1036 2935 1101 2997 pust
1123 2931 1226 2981 dicente
1244 2927 1281 2981 D.
1298 2928 1311 2996 ΙΙ
1328 2932 1424 2983 dicenti
1446 2930 1521 2983 Torr.

305 3001 349 3069 Cs.x
371 2997 430 3060 Vll,
448 2997 474 3056 2.
496 3003 545 3051 eut.
567 2996 577 3048 l
591 2997 642 3065 fin.
672 2995 705 3049 Vr
722 3013 770 3049 uus
788 2997 867 3051 etium
886 3000 947 3052 Por.
960 2998 1025 3123 'lxm
1043 2999 1106 3070 ogo]
1127 2998 1188 3053 aed.
1207 3003 1227 3053 1.
1247 3001 1275 3054 P.
1294 3003 1370 3053 etse
1389 3020 1416 3053 a.
1433 3018 1521 3068 racrpu

303 3071 416 3141 Allll.
434 3073 627 3134 obstupuerunt
647 3066 878 3125 cDEFt'Turr.
903 3069 944 3138 ίΥ.
991 3106 999 3130 0
1021 3069 1043 3128 l.
1066 3070 1114 3138 ΙΙΙ
1128 3068 1168 3124 13.
1187 3073 1275 3137 ipsam
1290 3069 1315 3122 Γ
1313 3111 1320 3123 .
1332 3072 1346 3140 ΙΙ
1361 3070 1400 3126 15.
1419 3075 1521 3124 lam-

302 3141 372 3211 (itt.)
391 3141 495 3207 iulium}
521 3140 631 3190 Seruius
655 3142 738 3209 galba
759 3141 848 3192 iulium
869 3157 1008 3193 caesarem
1028 3141 1059 3195 F.
1079 3143 1092 3212 ss
1112 3144 1194 3212 sergii
1212 3141 1248 3196 Ε.
1275 3141 1394 3208 Serpiam
1413 3143 1520 3197 saue·

302 3232 359 3268 eum
378 3212 456 3267 Puris
474 3209 622 3280 appellebll
635 3213 677 3278 qni
697 3211 785 3262 diuum
804 3212 909 3280 lulium]
928 3213 957 3266 in
974 3227 1071 3265 rutero
1093 3210 1121 3268 Α,
1146 3216 1189 3280 qui
1209 3216 1296 3272 diuum
1316 3215 1395 3265 iulius
1415 3214 1442 3269 C.
1461 3219 1521 3282 quia

202 3339 203 3342 ,
301 3289 373 3338 iliam
394 3287 471 3336 iulius
491 3278 601 3404 th‘lti.
620 3283 823 3350 consummatis]
843 3283 872 3335 iu
889 3299 985 3336 rasura
1003 3282 1035 3336 A.
1052 3282 1066 3351 ΙΙ
1084 3283 1226 3351 dicentem]
1252 3283 1280 3334 in
1302 3298 1400 3336 rasura
1418 3285 1449 3340 A.
1472 3285 1519 3338 tiu.

301 3362 354 3409 tem
373 3356 402 3408 in
419 3369 517 3408 rasura
552 3350 567 3406 ’.
587 3355 678 3404 dicens
697 3350 754 3406 CF.
766 3354 780 3422 ΙΙ
798 3356 823 3405 in
842 3357 912 3405 bunc
931 3355 1050 3422 mudum]
1072 3355 1101 3406 in
1119 3371 1216 3406 rasere
1232 3353 1263 3410 A.
1288 3357 1340 3406 buc
1359 3361 1438 3408 modu
1456 3355 1518 3410 DF.

315 3428 385 3500 1111.
404 3427 575 3492 interpellare
595 3425 728 3492 sustinuit]
749 3427 926 3490 interpellauit
943 3425 975 3480 F.
991 3427 1004 3495 ΙΙ
1018 3427 1058 3494 0.]
1078 3441 1127 3480 um.
1146 3425 1177 3481 F.
1189 3425 1203 3494 ΙΙ
1214 3444 1263 3492 pro
1281 3441 1331 3480 om.
1351 3426 1380 3481 0.

373 3586 486 3642 derectis
504 3584 532 3638 r'n
550 3583 699 3652 Pompeiam
713 3583 838 3652 Mapoura
856 3584 985 3644 munibus
1002 3588 1069 3646 Itur,
1088 3589 1157 3653 quud
1171 3589 1205 3638 ctu
1217 3601 1267 3638 suu
1279 3590 1378 3639 adiecit
1390 3591 1517 3647 Valerius,

301 3665 373 3714 certe
393 3661 489 3711 saturnu
509 3661 560 3710 esi.
597 3657 645 3707 llio
664 3658 734 3708 enim
752 3664 873 3722 temporo
890 3674 925 3710 no
944 3660 1045 3711 Romae
1063 3660 1170 3721 quidem
1191 3661 1352 3711 rrersubatur
1369 3661 1516 3726 Pompeius,

301 3735 353 3784 sed
372 3735 490 3796 Capuae.
511 3730 555 3778 nbi
580 3743 676 3797 agrum
696 3729 784 3778 diuisit
809 3731 907 3794 pupulo
931 3745 964 3780 ex
984 3732 1046 3797 lege
1065 3731 1145 3789 lolia,
1170 3735 1198 3780 nt
1221 3745 1236 3781 e
1260 3731 1386 3782 Tulliana
1407 3735 1517 3798 episima

300 3807 373 3855 ctare
393 3799 585 3852 demonstrauit
607 3800 716 3862 Lipsius
739 3800 749 3848 1
776 3815 845 3851 narr.
870 3802 941 3853 lectt
965 3797 991 3852 2.
1019 3802 1147 3852 Dicuntur
1171 3803 1207 3851 ibi
1231 3802 1335 3853 litterae
1357 3805 1467 3855 uuiusse
1484 3807 1514 3854 ud

300 3879 347 3926 Cn.
367 3873 529 3935 Pompeium.
567 3870 677 3938 Plgliins
696 3871 817 3927 nimirum
837 3871 942 3934 eulpam
967 3888 985 3920 e
1004 3873 1110 3922 Valerio
1135 3873 1290 3923 defendisse
1314 3876 1366 3924 sibi
1384 3877 1460 3924 nisus
1477 3880 1515 3925 est

300 3945 441 3996 statuendo
461 3941 593 4006 Diphilum
613 3943 650 3990 itu
668 3956 793 3990 mannum
812 3946 909 4009 gestus
928 3943 1069 4002 direxisse.
1089 3944 1117 3993 nt
1134 3945 1233 4008 pupnlu
1251 3947 1343 4008 palam
1355 3945 1432 3996 tieret
1443 3948 1513 3996 Pum-

300 4020 389 4080 petnm
409 4016 444 4062 ab
464 4011 496 4064 eo
516 4013 662 4081 designari,
681 4013 797 4062 statuam
818 4014 887 4062 torto
905 4013 948 4062 nel
966 4016 1163 4065 munumentum
1177 4016 1235 4064 eius
1248 4017 1354 4078 aliquod
1370 4019 1512 4075 iudicando.

300 4103 351 4154 qno
371 4085 499 4153 cognosci
517 4086 618 4148 possut.
656 4082 708 4133 Scri
723 4085 793 4133 rectu
807 4083 951 4132 'Purrenins
963 4087 1064 4134 monuit
1081 4087 1212 4136 neminem
1227 4087 1305 4136 buce
1320 4089 1417 4138 Valerii
1430 4092 1512 4139 uerbis

299 4159 457 4210 concludere
476 4170 573 4220 posse.
598 4155 641 4219 qui
660 4155 751 4217 prount
771 4155 850 4203 dubio
870 4155 904 4204 ud
929 4155 954 4204 id
977 4158 1046 4221 quod
1070 4154 1185 4224 Pighius
1210 4157 1292 4207 uoluit
1314 4160 1511 4228 significandum

299 4232 354 4282 etia
372 4229 487 4295 quadam
506 4226 661 4277 elocutionis
680 4225 766 4274 formu
785 4238 850 4274 usus
870 4230 954 4278 ussat.

370 4314 427 4351 cum
443 4295 564 4364 praeitor
578 4301 673 4360 penes)
696 4296 883 4346 Coniuncttuns
899 4311 1002 4361 prmus.
1023 4312 1102 4360 quem
1121 4313 1215 4350 omnus
1234 4301 1339 4352 tuentur
1357 4302 1470 4360 codices,
1488 4303 1510 4352 in

297 4376 350 4424 hac
368 4373 474 4435 quidem
497 4367 643 4422 sententia.
668 4380 685 4415 a
708 4381 763 4427 qua
785 4367 933 4430 particulae
956 4382 1014 4419 eam
1038 4371 1157 4420 causalis
1181 4373 1253 4422 nutiu
1278 4373 1444 4424 alienissima
1464 4379 1510 4431 cst.

298 4445 361 4496 turri
379 4443 478 4505 nequit.
515 4438 624 4488 Poterat
642 4437 676 4487 de
693 4437 836 4488 indicatiao
855 4438 936 4489 futuri
958 4441 1087 4504 temporis
1109 4445 1264 4507 reponendo
1287 4459 1397 4496 mouere
1414 4447 1510 4508 priores

297 4514 488 4584 grammaticus
507 4508 642 4564 Ciceronis
661 4509 784 4573 epistula.
825 4509 901 4562 Nunc
925 4511 994 4563 idem
1012 4512 1117 4562 Paridis
1144 4527 1249 4578 quoquc
1270 4517 1429 4580 compendio
1447 4533 1510 4566 cum·
1611 4568 1615 4579 ⁴

297 4587 444 4638 mentiatur.

372 4653 412 4708 10.
433 4653 479 4706 Cu.
499 4648 792 4714 carlummannum
812 4647 874 4706 dot.
893 4653 934 4704 (11.
952 4655 1011 4708 Liu.
1029 4656 1092 4719 epil.
1111 4657 1169 4706 libr.
1186 4657 1349 4710 Lxxxnn.

372 4723 566 4792 liprandum
583 4720 722 4792 spopondi)
740 4725 779 4776 Cf.
798 4725 852 4777 Cic.
871 4739 932 4791 epp.
951 4725 996 4786 vt,
1017 4723 1059 4786 18,
1076 4722 1104 4778 3.
1140 4727 1228 4779 Galba
1245 4731 1280 4781 uit
1299 4731 1435 4796 repulsam
1453 4746 1510 4784 cau·
