3409 5400
301 465 366 531 eoo
764 407 1051 523 unrrsurn.

301 625 370 689 suis
394 632 509 708 captos
533 619 593 686 sub
616 618 715 685 hasta
735 617 957 691 uendidisset,
986 618 1050 681 etsi
1072 618 1236 681 aerarium
1259 617 1431 707 pecnnia,
1459 616 1553 679 fines

300 730 390 817 agris
413 740 527 793 auctos
551 724 842 799 animaduertebat,
865 735 987 801 tamem
1011 722 1101 810 quod
1121 744 1240 808 parum
1255 722 1388 809 liquida
1409 722 1487 785 fide
1514 722 1551 783 id

300 846 429 923 gestum
452 834 493 899 ab
516 836 711 919 imperatore
733 830 916 905 uidebatur,
939 830 1086 895 maxima
1107 851 1189 894 cura
1208 830 1425 916 conquisitos
1442 828 1549 892 rede·

299 944 357 1008 mit
383 945 490 1029 iisque
524 935 694 1003 habitandi
728 938 836 1023 gratia
868 936 977 1001 iocum
1009 938 1045 1001 in
1071 936 1239 1001 Auentino
1272 936 1484 1021 adsignarent
1514 951 1546 995 et

300 1048 436 1135 praedia
457 1045 604 1109 restituit.
650 1044 830 1109 Pecuniam
845 1044 980 1118 etiami
1000 1065 1068 1107 non
1091 1042 1133 1108 ad
1150 1044 1274 1107 curiam
1297 1042 1361 1105 sed
1377 1044 1565 1107 sacrarias

300 1150 507 1219 aedificanda
528 1150 754 1236 sacrificiaque
778 1148 931 1213 iacienda
952 1149 1078 1225 tribuit,
1106 1150 1315 1236 iustitiaeque
1343 1150 1544 1233 promptis·

299 1262 383 1325 aimo
407 1270 517 1323 tenore
541 1257 648 1322 effecit
670 1267 705 1320 ut
727 1257 823 1319 exitio
847 1278 909 1321 suo
932 1256 1047 1321 iactari
1069 1268 1218 1342 possent,
1241 1257 1321 1343 quia
1342 1256 1396 1320 sic
1425 1258 1540 1319 renati

299 1376 402 1432 erant.

302 1509 326 1563 i.
345 1508 490 1577 aerarium]
510 1523 601 1559 corum
619 1504 657 1558 D.
669 1501 720 1573 112.
738 1507 820 1574 qnod]
841 1507 905 1573 quia
921 1502 1090 1557 curren.
1114 1506 1183 1570 qood
1203 1506 1246 1555 bic
1264 1502 1322 1573 Γ.ΙΙ
1337 1505 1364 1554 id
1383 1520 1443 1555 οι.
1464 1502 1528 1569 1211

300 1579 327 1635 3.
345 1586 381 1633 ab
399 1583 558 1646 imperatore
576 1582 682 1647 gestum
701 1574 733 1631 Γ.
750 1575 810 1701 qi.
829 1581 907 1641 isque
924 1575 957 1630 A.
981 1578 1078 1643 bisque
1097 1574 1182 1629 0111·Ὶ
1183 1572 1215 1628 Γ.
1231 1576 1246 1643 ΙΙ
1261 1577 1408 1627 aduentino
1429 1574 1499 1627 AF.
1511 1579 1526 1638 t¹

300 1651 326 1705 5.
344 1655 438 1717 predia
455 1649 584 1719 milred]
609 1644 724 1700 added
775 1646 868 1701 nui·
882 1654 908 1700 et
925 1663 995 1701 corr.
1013 1645 1047 1703 A.
1070 1643 1220 1716 Torani.
1238 1648 1391 1697 cdiiicanda
1407 1645 1448 1701 A.
1476 1651 1535 1697 edi·

300 1724 397 1774 iieandi
414 1718 442 1775 F.
454 1719 504 1791 iii.
523 1720 603 1771 edicit
620 1717 652 1772 F.
666 1718 679 1788 ΙΙ
693 1722 818 1771 exercitio
839 1718 868 1773 C.

300 1848 369 1899 Nam
388 1846 575 1912 praeterquam
594 1844 662 1911 quod
682 1846 747 1895 mire
765 1846 856 1896 tacent
874 1846 1013 1914 singulare
1030 1858 1144 1909 prorsas
1162 1844 1261 1893 tactum
1279 1843 1391 1905 reliqui,
1410 1844 1463 1908 qui
1483 1844 1536 1892 bo·

301 1920 344 1969 die
363 1932 396 1968 er
415 1917 570 1982 antiquitate
588 1920 732 1979 supersunt
750 1919 912 1981 scriptores.
933 1918 1004 1967 iuter
1020 1928 1116 1966 ornnes
1138 1916 1184 1977 qni
1200 1916 1371 1965 innotnerunt
1389 1914 1535 1964 claudiae

302 1991 391 2059 geniis
410 1990 483 2039 uiros
501 2002 579 2037 nemo
596 1988 653 2045 est,
678 1988 711 2037 de
733 2004 784 2053 quo
803 1993 897 2040 auctor
914 1990 966 2039 boc
989 1988 1049 2037 ioeo
1068 1987 1207 2054 cogitasse
1230 1986 1282 2035 diei
1304 1986 1395 2049 possit
1411 1992 1534 2049 praeter

301 2062 415 2127 Appium
433 2060 570 2111 Claudium
582 2060 718 2118 Crassum,
737 2060 816 2110 Caeci
835 2061 926 2117 fliium,
945 2074 997 2121 quo
1016 2059 1127 2108 console
1139 2072 1199 2107 cum
1211 2057 1240 2108 P.
1253 2056 1414 2121 Sempronio
1426 2054 1531 2121 Sopho

303 2150 330 2186 a.
348 2148 373 2185 u.
392 2149 416 2186 c.
427 2126 481 2183 486
499 2130 661 2181 debeiieium
679 2132 721 2179 est
733 2146 792 2181 eum
805 2131 958 2182 Picentibus
968 2130 1142 2194 coloniaeque
1154 2131 1218 2178 sunt
1228 2130 1360 2178 deductae
1370 2128 1530 2179 artatam

299 2206 327 2255 in
351 2204 461 2255 Vmbria
479 2204 505 2255 et
528 2202 708 2252 Beneuentum
727 2204 753 2253 in
772 2201 882 2253 Samnio
912 2201 959 2266 (ci.
981 2200 1040 2253 Liu.
1058 2203 1122 2264 epit.
1141 2200 1201 2250 libr.
1218 2199 1278 2251 XV.
1302 2200 1370 2249 Veii.
1389 2199 1411 2253 i.
1433 2198 1482 2257 tt.
1502 2196 1528 2251 7.

299 2276 409 2340 Eutrop.
427 2274 459 2333 ii.
481 2268 543 2338 tt).
562 2288 722 2340 quamquam
740 2274 778 2323 ita
796 2286 901 2338 quoque
920 2270 1097 2322 conitendum
1116 2272 1166 2321 crit
1184 2274 1229 2320 aut
1248 2271 1333 2334 ipsius
1352 2270 1459 2319 Vaierri
1479 2279 1527 2319 aut

301 2347 476 2409 antiquissimi
504 2346 643 2395 cuiusdam
665 2344 765 2394 librarii
789 2358 880 2394 errore
902 2356 1066 2408 praenomen
1092 2354 1158 2392 esse
1184 2344 1345 2405 corruptum.
1392 2341 1469 2391 Nam
1494 2342 1525 2391 P.

301 2419 438 2469 Claudium
456 2416 560 2467 Paridis
579 2428 683 2481 quoque
702 2416 886 2479 compendium
905 2429 968 2465 enm
980 2413 1106 2478 appellat
1142 2413 1218 2474 Quod
1236 2414 1261 2461 si
1279 2413 1445 2469 conceditur,
1468 2414 1522 2463 Va·

300 2491 382 2541 iarius
401 2491 434 2539 de
453 2487 592 2537 Camerino
611 2488 714 2536 iocatus
733 2499 797 2536 esse
815 2486 899 2535 uideri
917 2487 1020 2550 potest.
1039 2484 1137 2547 oppido
1155 2484 1182 2533 in
1202 2484 1312 2534 Vmbria
1332 2484 1405 2533 baud
1425 2486 1522 2547 prorui

300 2578 319 2611 a
337 2560 473 2610 Picentum
492 2558 589 2608 tinibus
607 2558 667 2615 sito,
687 2557 755 2622 quod
775 2558 985 2607 commemorant
1001 2552 1098 2604 Strabo
1123 2555 1160 2611 V.
1176 2550 1209 2611 2,
1232 2554 1259 2617 s.
1280 2552 1314 2605 to
1329 2570 1358 2618 p.
1378 2550 1432 2605 227
1455 2557 1523 2607 Cas.

302 2632 380 2681 Caes.
398 2632 425 2681 b.
444 2645 467 2680 c.
485 2629 506 2687 1.
528 2625 569 2686 15,
588 2624 613 2678 5.
633 2630 685 2679 Cic.
705 2629 738 2677 ad
764 2626 816 2678 tiit.
835 2627 903 2685 Viti,
926 2624 966 2677 12.
984 2628 1015 2677 Β.
1033 2622 1059 2676 2.
1100 2624 1180 2690 Atqui
1202 2624 1281 2674 huius
1304 2625 1395 2687 oppidi
1411 2626 1522 2675 inooiae

300 2715 422 2765 semper.
446 2701 516 2764 quod
539 2699 637 2758 seiam,
661 2701 799 2750 camertes
823 2694 944 2748 dicuntur
967 2713 986 2748 a
1008 2696 1136 2747 Romania
1158 2696 1332 2760 scriptonbos
1354 2699 1384 2746 et
1401 2696 1520 2760 abipso

301 2772 408 2822 Vaierio
426 2772 457 2828 V,
476 2767 502 2828 2,
521 2769 547 2821 8.
583 2768 637 2820 Sed
649 2771 813 2840 Καμιρίνων
829 2766 934 2840 ἄνδρας
948 2769 1014 2818 dixit
1024 2769 1183 2819 Plutarchus
1196 2768 1264 2820 tter.
1281 2763 1327 2825 28.
1346 2769 1518 2818 Camerinum

301 2857 396 2909 agrum
415 2841 556 2892 Frontinus
579 2841 612 2890 de
636 2842 721 2891 coion.
744 2857 770 2904 p.
797 2836 855 2892 143.
892 2840 1002 2890 Accedit
1024 2841 1095 2904 quod
1118 2839 1256 2890 camertes
1279 2840 1334 2888 iam
1357 2839 1403 2888 diu
1427 2853 1518 2901 aequo

300 2913 408 2964 foedere
425 2911 505 2962 iuncti
524 2911 659 2964 Romanis.
679 2913 832 2961 constanter
850 2912 876 2960 in
894 2912 948 2961 tide
965 2911 1101 2961 mansisse
1118 2910 1248 2962 uidentur.
1278 2910 1386 2961 ctLia.
1405 2909 1455 2969 tx,
1473 2905 1518 2962 db.

299 2982 424 3039 xxvttt.
443 2978 486 3034 45.
505 2983 558 3033 Cic.
575 2997 624 3047 pro
642 2982 717 3032 Beib.
736 2978 779 3037 itt.
798 2979 843 3032 ii.
879 2983 972 3044 itaque
989 2982 1260 3044 ueram.scripturam
1279 2982 1398 3031 tortasse
1410 2980 1517 3030 Paridis

300 3054 484 3119 compendium
507 3053 586 3103 buius
610 3053 726 3117 exempti
752 3054 885 3111 seruauit.
910 3069 964 3118 qua
989 3049 1137 3110 Ameriam,
1167 3052 1293 3102 Vmbriae
1316 3054 1426 3107 orbem.
1450 3049 1516 3102 Sea

299 3125 388 3177 Roscii
406 3124 520 3189 patriam
539 3125 687 3191 significari
705 3124 778 3188 puio,
797 3129 1032 3174 commemoratam
1056 3139 1074 3172 a
1091 3121 1223 3173 Strabone
1245 3123 1264 3174 i.
1288 3138 1311 3171 c.
1333 3122 1419 3172 Piioio
1441 3122 1471 3173 b.
1489 3138 1515 3173 n.

298 3197 343 3255 111,
363 3192 405 3253 ii.
425 3190 494 3260 (lb.)
515 3191 573 3252 itt.
592 3195 661 3246 aliis.
697 3195 784 3258 Atque
803 3211 862 3245 eum
881 3195 988 3245 Vmbris
1006 3209 1111 3260 quoque
1128 3205 1163 3244 ea
1174 3195 1337 3256 tempestate
1351 3206 1409 3244 rem
1428 3193 1515 3244 nisu

296 3267 425 3318 Romanis
443 3267 542 3318 indicat
559 3267 663 3316 coionia
680 3266 748 3332 App.
768 3267 887 3326 Gladim,
906 3265 935 3317 P.
953 3265 1112 3329 Sempronio
1129 3264 1286 3314 consulibus
1303 3263 1449 3314 dominum
1469 3266 1514 3314 de·

297 3339 384 3390 ducta.
420 3337 513 3401 Neque
530 3339 621 3388 tamen
644 3339 824 3403 suspicionem
847 3350 986 3388 remouere
1009 3349 1122 3399 possum
1144 3350 1179 3386 ex
1201 3335 1291 3386 animo
1314 3335 1385 3385 bana
1407 3350 1515 3400 quoque

295 3410 435 3462 historiam
454 3426 472 3460 a
489 3409 597 3461 Vaierio
615 3423 668 3458 non
687 3425 739 3460 uno
758 3409 864 3460 nominc
881 3420 947 3458 essa
964 3408 1125 3471 corruptam.
1167 3407 1218 3457 Via
1236 3407 1308 3456 enim
1325 3406 1451 3457 credibiie
1469 3413 1514 3456 est

295 3481 341 3532 iiio
366 3483 485 3546 tempore
508 3481 582 3548 genti
605 3481 734 3530 subactae
759 3482 786 3530 et
810 3479 947 3538 uenditae,
969 3478 1023 3529 iam
1048 3493 1112 3528 uero
1142 3479 1170 3528 ia
1198 3478 1347 3528 libertatem
1373 3478 1513 3529 restitutae

294 3553 376 3604 sedes
394 3553 422 3604 in
439 3552 572 3603 Auentino
590 3553 679 3602 monte
697 3565 761 3602 osse
780 3552 873 3610 datas,
897 3565 976 3612 quem
999 3551 1117 3600 montem
1141 3551 1247 3600 constat
1270 3549 1334 3599 otim
1351 3549 1457 3600 Latinis
1476 3552 1512 3599 ab

294 3623 369 3676 Anco
387 3623 488 3674 Marcio
506 3623 675 3690 assignatum
695 3635 766 3675 esse.
803 3623 842 3674 Cf.
867 3623 926 3674 Liu.
944 3622 971 3680 i.
993 3616 1037 3672 et.
1079 3622 1156 3682 Quod
1178 3622 1301 3671 mouisse
1321 3621 1426 3672 oidatm
1447 3619 1513 3672 Por·

295 3695 428 3746 ceiiiuium
445 3695 474 3744 ut
492 3695 525 3748 de
543 3694 679 3752 Cameria.
697 3693 845 3756 priscorum
864 3693 1020 3744 Latiarum
1038 3693 1106 3743 urbe
1129 3693 1273 3762 cogitaret.
1296 3692 1387 3744 deleta
1408 3705 1429 3741 a
1445 3691 1512 3742 'i'ar-

294 3765 383 3827 quinio
401 3765 503 3821 Prisco.
522 3765 591 3814 teste
608 3763 685 3815 Liuio
704 3763 724 3820 1.
742 3757 785 3816 38.

366 3836 382 3897 τ
400 3849 452 3884 aaa
470 3830 507 3884 ed
524 3831 625 3884 carim
642 3829 691 3885 aed
706 3834 831 3886 romono
849 3831 1026 3902 oedtfioaada)
1042 3834 1165 3900 ineptam
1181 3849 1246 3886 ease
1258 3836 1329 3884 hanc
1347 3833 1509 3885 amteniiam

293 3905 395 3968 primus
413 3905 551 3967 perspexit
567 3905 720 3956 Torrenius.
756 3906 849 3969 Neque
868 3907 938 3956 enim
955 3906 1118 3974 intellegitur
1135 3920 1183 3956 cur
1198 3907 1365 3970 potissimum
1377 3908 1509 3957 Camerini

294 3988 348 4024 non
371 3975 406 4022 ad
430 3976 529 4024 curiam
554 3977 746 4027 aedificandam
771 3978 844 4028 iiiam
869 3976 1010 4040 accepisse
1034 3977 1154 4027 dicautur
1171 3977 1320 4040 pecaniam.
1356 3976 1425 4026 Nam
1437 3979 1508 4042 quod

294 4045 414 4109 Kappius
433 4046 545 4108 exprimi
562 4049 651 4110 putat.
675 4047 815 4110 pecuniam
840 4064 858 4097 a
881 4050 977 4098 senato
996 4054 1058 4097 ‘non
1079 4048 1114 4098 ad
1133 4048 1268 4111 politicos.
1291 4047 1341 4096 sed
1358 4048 1395 4098 ad
1412 4059 1508 4100 aacros

293 4117 368 4168 asus'
394 4117 484 4165 datam
503 4129 576 4173 esse.
594 4118 620 4167 id
638 4119 757 4182 proiecto
776 4121 804 4170 et
821 4118 1014 4170 alienissimum
1032 4120 1076 4168 est
1093 4135 1111 4168 a
1128 4119 1319 4170 sententiarum
1337 4131 1423 4175 nexa,
1446 4133 1505 4170 rem

292 4188 448 4254 simpliciter
465 4187 595 4238 beneficia
614 4191 812 4248 recenseantur.
832 4190 928 4254 quibos
946 4191 1058 4241 senatus
1076 4190 1198 4240 iniuriam
1221 4190 1259 4239 iiii
1283 4189 1383 4253 popoto
1405 4189 1505 4240 iiiatarn

292 4260 482 4319 mandauerit,
499 4273 549 4310 uec
568 4259 646 4309 iaciie
664 4259 805 4322 quiequam
829 4261 856 4310 in
880 4262 923 4310 his
941 4261 1033 4312 uerbis
1051 4259 1191 4312 inuenerit.
1230 4261 1317 4323 Atque
1342 4261 1420 4325 ipsae
1442 4275 1504 4325 qoo-

292 4347 344 4398 que
361 4332 425 4384 ittae
443 4332 532 4382 euriae
550 4330 585 4379 ad
603 4344 660 4382 rem
679 4343 785 4382 sacram
804 4346 864 4383 cum
882 4333 999 4383 maxime
1017 4332 1193 4396 pertinebant.
1229 4333 1270 4384 ct.
1283 4331 1369 4382 Varro
1387 4332 1421 4382 de
1437 4331 1502 4400 ling.

290 4403 351 4455 Lat.
370 4405 401 4462 V,
421 4403 448 4466 s.
468 4397 509 4455 13.
544 4402 690 4452 Praeterea
713 4399 826 4454 aiterum
850 4400 901 4462 od,
924 4404 996 4466 quod
1020 4403 1202 4454 circumfortur
1224 4403 1251 4452 in
1274 4403 1411 4467 plerisque
1434 4403 1502 4452 codi-

292 4474 368 4524 cibus
386 4477 448 4524 ante
465 4471 597 4532 sacrario,
616 4475 738 4540 quodque
756 4476 782 4525 in
800 4474 860 4532 iiia.
882 4489 964 4536 qnam
987 4474 1070 4543 auigo
1092 4488 1157 4526 esse
1179 4475 1307 4538 potarunt
1327 4474 1500 4542 grammach

290 4546 425 4596 amtentia
446 4547 545 4596 abesse
570 4547 615 4596 uix
637 4547 759 4610 poterat.
787 4560 821 4596 ne
844 4546 995 4596 habebatur
1017 4546 1123 4608 quidem
1146 4547 1173 4596 in
1197 4547 1345 4611 archetypo
1372 4545 1500 4609 exempto.

290 4613 403 4666 Diiiiciie
430 4617 511 4681 atque
538 4631 638 4682 anceps
666 4617 811 4668 remedium
838 4618 882 4667 est
901 4617 930 4666 in
951 4629 994 4676 re,
1024 4618 1060 4668 de
1082 4629 1138 4680 qna
1165 4617 1273 4668 aliunde
1295 4617 1361 4668 uibii
1388 4617 1499 4668 consui.

291 4681 434 4750 Scripserit
450 4687 566 4738 tonnae
584 4689 708 4740 Valerios
721 4687 863 4758 ροσιιιιίιιιιι
880 4686 959 4740 mom
975 4683 1014 4740 ad
1029 4686 1131 4741 cardea
1155 4693 1181 4740 rt
1196 4685 1322 4740 moria
1338 4682 1499 4758 aedificatis
