3409 5400
256 491 323 570 ara
512 452 517 457 ⁴
701 492 761 559 un
783 490 1090 570 pannulis·

257 656 326 723 buit
349 674 451 739 eaque
476 654 632 739 patieutis
654 655 725 739 regi
749 654 848 719 simul
864 665 897 719 et
910 654 1175 740 desperationem
1197 655 1481 743 tormentis'quie·

259 782 355 848 quam
380 782 420 824 ex
443 782 479 823 se
503 760 727 848 cognoscendi
752 763 895 825 excussit
923 774 954 825 et
981 763 1182 849 expetendae
1204 761 1317 848 populi
1338 762 1481 829 Romani

258 868 419 934 amicitiae
442 885 599 953 magnam
624 867 832 953 cupiditatem
848 868 1063 953 ingenerauit.
1107 868 1160 935 Ae
1173 890 1215 934 ne
1230 868 1327 955 plura
1341 867 1480 933 huiusce

257 974 388 1059 generis
412 972 561 1058 exempla
589 974 677 1038 domi
694 974 885 1039 scrutando
914 976 1048 1061 saepius
1078 973 1123 1039 ad
1148 974 1291 1041 ciuilium
1314 974 1480 1039 bellorum

257 1079 483 1145 detestandam
507 1080 699 1145 memoriam
722 1081 878 1167 progredi
901 1101 1014 1167 cogar,
1036 1080 1165 1146 duobus
1185 1081 1347 1147 Romanis
1370 1095 1510 1144 exem-s

255 1185 319 1271 plis
336 1196 516 1259 contentus,
533 1206 616 1271 quae
629 1196 662 1249 ut
675 1185 933 1252 clarissimarum
943 1186 1144 1253 familiarum
1152 1186 1480 1261 commendationem,

256 1294 303 1360 ita
324 1291 448 1357 nullum
471 1291 635 1377 publicum
659 1314 841 1357 maerorem
866 1293 1042 1368 continent,
1064 1305 1199 1359 externa
1221 1292 1423 1360 subnectam.

124 1392 197 1458 Ext-
217 1390 244 1455 l·
344 1396 482 1463 Vetusto
507 1396 723 1463 Macedoniae
745 1420 836 1461 more
858 1400 932 1484 regi
954 1399 1141 1465 Alexandro
1168 1399 1364 1465 nobilissimi
1386 1400 1480 1485 pueri

255 1517 386 1592 praesto
411 1516 503 1569 erant
525 1504 735 1582 sacrificanti.
780 1504 808 1569 ld
833 1504 951 1590 quibus
973 1527 1059 1570 unns
1088 1504 1225 1571 turibulo
1250 1517 1380 1590 arrepto
1403 1515 1479 1571 ante

255 1615 364 1698 ipsum
389 1612 499 1677 astitit.
544 1610 581 1675 ln
605 1611 697 1675 euius
721 1609 857 1673 brachio
881 1610 979 1675 carba
997 1610 1118 1678 ardens
1134 1611 1289 1697 delapsus
1305 1624 1366 1678 est.
1402 1609 1521 1690 Quos
1632 1645 1639 1683 i

256 1722 317 1783 etsi
339 1721 385 1783 ite
406 1717 559 1784 urebatur
582 1728 622 1779 ut·
640 1716 748 1781 adusti
771 1718 919 1801 corporis
941 1718 1012 1782 eins
1030 1718 1111 1783 odor
1134 1719 1178 1783 ad
1199 1718 1479 1783 circumstantium

254 1846 355 1891 nares
377 1823 576 1909 perueniret,
601 1832 710 1887 minen
734 1832 765 1883 et
789 1822 935 1893 dolorem
959 1824 1089 1891 silentiu
1112 1827 1234 1910 pressit
1256 1837 1288 1887 et
1310 1821 1480 1889 brachium

255 1929 409 1995 inmobile
432 1930 542 2001 tenuit,
567 1949 608 1991 ne
631 1928 830 1991 sacrificium
851 1928 1030 1996 Alexandri
1060 1944 1118 1996 aut
1146 1954 1310 1997 concusso
1340 1926 1479 1993 turibulo

256 2035 505 2121 impediverant
529 2034 615 2097 edito
647 2035 769 2120 gemitu
797 2037 913 2121 regies
935 2056 1028 2099 auree
1057 2048 1257 2125 aspergeret
1313 2015 1386 2104 Rei
1412 2052 1479 2120 qno

255 2210 281 2266 2.
300 2215 413 2264 incussit
431 2228 500 2264 corr.
519 2211 549 2264 A.
575 2215 663 2263 iniecit
681 2211 744 2264 Par.
762 2210 774 2279 ΙΙ
792 2206 817 2263 3.
842 2214 880 2264 Ac
898 2241 933 2250 -
952 2210 1001 2280 (i.)
1025 2217 1180 2266 subnectam
1199 2231 1248 2266 nm.
1267 2212 1298 2268 Γ.
1310 2209 1360 2282 115.
1381 2214 1478 2266 Roma·

255 2300 349 2335 norum
370 2282 446 2335 Torr.
459 2284 471 2350 Η
484 2280 508 2336 l.
527 2284 628 2336 nullam
646 2282 742 2335 Bes.
755 2282 768 2351 Η
779 2286 940 2351 maerorem]
960 2285 989 2335 ia
1005 2285 1153 2337 restored.
1171 2288 1326 2337 memoriam
1344 2283 1438 2337 Beli.
1451 2286 1476 2353 Ι-

255 2350 280 2406 ll.
299 2355 472 2423 sacrificanti]
493 2358 552 2404 ante
569 2356 729 2405 nobilissimi
747 2354 778 2404 Γ.
797 2354 863 2476 {pax
881 2354 944 2407 Par.
956 2355 969 2421 ΙΙ
979 2360 1108 2408 turribulo
1129 2356 1160 2408 Γ.
1170 2356 1186 2422 ΙΙ
1197 2359 1308 2420 accepto
1329 2355 1392 2409 Par.
1408 2354 1447 2421 ΙΙΙ
1469 2394 1476 2407 .

256 2428 393 2477 brachium
411 2426 473 2477 Pur.
498 2422 556 2476 Vid.
575 2423 612 2475 ad
634 2422 665 2479 V,
686 2422 711 2485 l,
735 2430 783 2478 ret.
822 2424 853 2493 ,ΙΙ
873 2423 913 2478 12.
933 2429 1068 2478 silentium
1081 2442 1128 2494 pr.
1145 2427 1178 2479 A·
1195 2427 1209 2494 Η
1228 2425 1268 2478 14.
1287 2429 1387 2497 gemite
1404 2423 1464 2495 llil

255 2500 345 2565 regius
365 2496 456 2562 altres]
477 2499 554 2562 regio
572 2494 629 2545 ΒΓ
642 2502 668 2547 el
680 2510 724 2563 pr.
744 2495 803 2547 AO.
829 2500 905 2567 regio
924 2512 1005 2552 aures
1024 2513 1095 2551 corr.
1116 2497 1144 2550 0.
1169 2500 1244 2565 regis
1269 2512 1350 2548 aures
1370 2496 1403 2547 Ε.
1427 2512 1477 2550 σπι.

249 2582 294 2633 pr.
314 2566 351 2619 D.
363 2566 377 2635 ΙΙ
389 2582 493 2633 quoque
512 2564 776 2619 ABODEPTorr.

255 2744 397 2794 numquam
415 2731 442 2778 in
461 2730 622 2780 obscurioris
641 2730 721 2794 paulo
735 2731 823 2779 laruae
836 2732 999 2796 principibus
1013 2733 1082 2780 hauc
1099 2731 1238 2799 dignitatis
1251 2731 1477 2799 significationem

255 2802 385 2852 omissam
404 2813 476 2852 esse.
508 2801 546 2852 Gt.
560 2801 710 2864 exemplum
722 2804 888 2866 praecedens
907 2804 940 2851 de
953 2802 1093 2864 Porsenna
1103 2805 1132 2852 et
1146 2803 1476 2864 sequensdelllexandro
1573 2825 1579 2832 ·

254 2873 370 2940 Magno,
401 2872 455 2920 tum
480 2871 560 2922 liuius
590 2872 684 2936 cepitis
708 2875 818 2922 externa
842 2873 967 2936 exempla
989 2867 1015 2930 3,
1033 2869 1061 2929 t,
1078 2869 1105 2923 b.
1128 2875 1185 2923 tum
1203 2873 1223 2932 Ι,
1246 2870 1268 2932 t,
1288 2878 1341 2925 ext.
1358 2871 1390 2933 2,,
1409 2873 1430 2932 l,
1449 2869 1475 2931 4,

255 2945 307 2995 ext.
330 2937 342 2991 i
364 2944 391 2992 ct
408 2939 434 2993 2.
453 2941 473 2996 l.
492 2937 517 2998 b,
537 2937 562 2990 3.
581 2943 601 3001 Ι,
622 2937 645 3000 7,
666 2944 718 2992 ext.
737 2940 754 2994 2
773 2947 799 2994 ct
817 2939 842 2992 l.
861 2944 907 3000 111,
928 2940 952 3001 l,
971 2939 989 2994 6
1007 2947 1035 2993 et
1053 2939 1101 2996 7.,

325 3010 531 3080 despectionem
550 3039 583 3048 -
603 3012 724 3073 recussit)
743 3015 792 3074 Qui
812 3015 1027 3078 desperationem
1045 3015 1124 3066 alicui
1148 3016 1260 3073 excutit,
1288 3015 1313 3063 is
1337 3016 1393 3067 lam
1416 3014 1475 3078 spei

253 3087 341 3136 locum
358 3084 485 3147 praebet,
512 3083 581 3147 quod
606 3084 678 3132 certe
702 3099 756 3134 non
781 3085 842 3134 tecit
866 3086 1020 3148 Pompeius.
1056 3085 1149 3149 Neque
1167 3087 1238 3135 enim
1257 3086 1320 3134 mihi
1338 3085 1476 3151 persuasit

253 3157 382 3219 Kappius,
402 3155 470 3216 qrrod
486 3155 605 3204 dicamus
619 3153 753 3212 lacrimae,
772 3156 864 3213 risum,
883 3157 1014 3204 scintillas
1030 3159 1164 3213 excutere,
1184 3157 1243 3206 ideo
1260 3157 1475 3220 desperationem

254 3241 359 3292 quoque
379 3240 438 3280 eam
463 3226 564 3283 excuti,
594 3241 662 3289 quae
686 3227 822 3275 excitetur.
858 3225 1007 3276 Discrimen
1030 3228 1099 3276 inter
1124 3229 1262 3288 utramque
1287 3241 1342 3277 rem
1366 3227 1475 3290 planum

254 3300 333 3360 atque
352 3299 472 3361 apertum
497 3298 547 3346 est.
584 3296 670 3344 Probo
694 3295 775 3364 igitur
799 3312 859 3346 cum
883 3297 1011 3347 Turranio
1034 3295 1154 3354 incasit,
1176 3298 1354 3348 coniecturam
1378 3313 1397 3346 a
1416 3311 1474 3346 cor·

254 3371 356 3420 rectore
379 3368 438 3418 libri
456 3367 587 3426 Danielini
612 3368 768 3430 temptatam
794 3370 820 3416 et
844 3368 1028 3418 confirmatam
1052 3370 1166 3432 quodam
1189 3369 1269 3418 modo
1293 3368 1351 3417 Iulii
1371 3368 1473 3417 Paridis

254 3441 378 3502 epitoma,
397 3439 442 3488 ubi
461 3453 509 3501 pro
529 3452 560 3486 eo
579 3438 701 3486 iniciendi
720 3439 830 3488 uerbum
849 3440 1022 3500 substitutum
1039 3442 1100 3489 est·
1121 3439 1160 3490 Cf.
1185 3439 1238 3489 Cic.
1263 3440 1297 3488 de
1316 3442 1422 3488 oratore
1440 3437 1474 3495 11.

253 3506 295 3569 bl.
315 3505 376 3560 209.
395 3509 531 3566 curtilli,
554 3503 593 3566 10.
613 3505 701 3566 2111,
720 3503 745 3566 6,
764 3504 790 3559 b.
808 3509 874 3560 Hor.
884 3525 946 3572 epp.
965 3511 986 3566 Ι,
1008 3505 1048 3568 18,
1069 3505 1109 3558 Π.
1129 3509 1243 3568 ValVl,
1262 3503 1289 3567 3,
1309 3505 1334 3559 7.
1353 3505 1474 3567 111,l,l.

253 3582 323 3632 Fieri
339 3583 430 3630 tamen
447 3583 538 3644 potest
550 3581 578 3628 ut
590 3580 722 3638 Valerius,
735 3581 917 3642 quaesitarum
930 3584 958 3629 et
969 3582 1138 3630 insolentium
1156 3580 1317 3630 locutionum
1326 3580 1475 3643 ,perpetuus

253 3653 400 3710 affectator,
423 3651 638 3715 desperationem
658 3651 753 3700 dixerit
771 3653 943 3713 desperatum
961 3652 1036 3718 regis
1055 3652 1195 3701 consillum
1218 3651 1357 3700 tormentis
1376 3649 1476 3714 aliquid

253 3739 268 3773 e
288 3725 413 3785 Pompeio
433 3723 620 3788 cognoscendi.
657 3719 804 3785 Appuleius
823 3725 896 3771 ccrle
913 3726 1022 3774 metam.
1040 3723 1075 3782 X,
1093 3717 1155 3774 alb.
1174 3737 1200 3785 p.
1222 3716 1273 3772 728
1292 3723 1334 3772 ed.
1353 3720 1475 3770 Oudeud.

253 3795 424 3856 desperatam
443 3794 558 3842 laminae
582 3793 721 3842 cuiusdam
746 3794 887 3842 auelaciam
911 3791 963 3842 hac
988 3794 1169 3856 appellatione
1192 3792 1361 3859 significanti.
1404 3794 1474 3850 Qua·

253 3865 362 3925 propter
380 3863 514 3912 haesitaui
532 3864 620 3912 adhuc
637 3862 702 3910 illud
724 3865 791 3926 quod
816 3864 913 3912 rectius
933 3865 983 3912 dici
1002 3866 1089 3912 sentio
1108 3866 1235 3926 recipcre.

323 3932 383 3982 llxt.
405 3929 427 3983 l.
459 3929 563 3982 Venulo
581 3927 756 3982 Macedoniae
773 3939 853 3990 more)
881 3934 920 3984 Οἱ.
938 3935 1009 3984 curt.
1030 3935 1098 3992 Vlll,
1117 3930 1143 3993 6,
1167 3928 1223 3997 (21.
1242 3933 1359 3996 Zumpt)
1374 3929 1403 3983 v9.

323 4001 412 4067 rapias
430 4008 517 4062 aures)
535 4017 613 4054 aures
631 4005 767 4054 exciderat
786 4006 811 4054 tn
830 4006 921 4054 codice
940 4005 1097 4068 archetypo,
1116 4006 1180 4065 quia
1191 4006 1371 4054 librariusab
1384 4003 1475 4051 ultima

253 4073 362 4139 syllaba
378 4074 405 4122 in
423 4069 512 4138 reptos
530 4076 564 4122 ad
582 4075 694 4138 primam
714 4076 741 4124 iu
767 4080 918 4141 usperperel
941 4076 1128 4131 aberruuerat,
1153 4075 1276 4126 undeet
1291 4075 1386 4137 ipsum
1410 4073 1476 4122 illud

251 4143 341 4210 rapiar
357 4146 505 4194 truncatum
519 4147 546 4194 ct
557 4145 638 4200 male,
653 4147 722 4212 qrrod
736 4147 866 4210 reliquum
878 4147 945 4201 erat,
964 4143 1021 4209 reqr'
1038 4147 1208 4208 praecedenti
1221 4146 1352 4195 uocabulo
1371 4157 1475 4197 accom-

252 4219 387 4267 modatum
406 4218 457 4268 est.
501 4216 658 4272 Coniectura
680 4233 745 4268 uero
764 4217 943 4268 emendatoris
961 4217 1108 4267 Ber-nensis
1126 4219 1195 4266 adeo
1214 4216 1368 4266 uerisimilis
1386 4212 1429 4264 est
1448 4214 1477 4271 ut

252 4291 285 4340 de
304 4289 456 4353 recipienda
473 4303 526 4338 non
550 4289 732 4339 dubitauerim.
772 4289 823 4336 Pro
847 4291 999 4352 asprryerrt
1019 4290 1128 4351 praeter
1150 4288 1342 4338 necessitatem
1365 4285 1476 4349 Lipsius

252 4363 388 4427 arpaorel
399 4361 548 4428 legendum
567 4373 629 4410 esse
648 4360 759 4411 censuit.
918 4407 921 4410 ,
1122 4417 1125 4420 ,
1376 4410 1384 4425 ,

320 4444 369 4481 rec
387 4445 436 4496 qao
451 4427 582 4496 patientia
594 4429 676 4496 pueri
699 4428 783 4496 mepte
801 4425 944 4478 delectatus
962 4433 1011 4490 est)
1036 4428 1169 4494 Exempla
1191 4432 1218 4480 et
1241 4430 1426 4492 manuscripta
1448 4427 1476 4478 et

256 4501 392 4566 impressa
409 4503 477 4552 buce
500 4501 538 4549 ita
562 4503 736 4568 constituunt,
761 4497 818 4550 lies
842 4497 1093 4566 quaepatiendo
1111 4499 1192 4566 paeri
1214 4500 1298 4567 napis
1320 4495 1472 4550 delectabar.

251 4571 299 4622 tac
317 4571 415 4623 certius
433 4575 482 4624 etc.
519 4569 663 4634 inquibus
681 4585 780 4636 quoque
798 4572 825 4622 el
842 4569 927 4635 inopis
944 4571 1065 4639 intellegi
1081 4573 1230 4637 nequeunt,
1250 4587 1310 4622 eum
1327 4585 1378 4620 nee
1396 4584 1474 4634 prae·

252 4645 330 4692 cedet
354 4645 398 4703 qui
421 4644 493 4692 idem
517 4641 620 4690 iecerit·
634 4643 714 4706 atque
739 4656 786 4690 rex
817 4642 861 4690 uel
883 4642 970 4692 simile
994 4645 1070 4707 quld,
1100 4644 1140 4692 ita
1162 4644 1191 4692 ut
1214 4645 1264 4692 dict
1287 4641 1405 4708 potuerit
1427 4651 1476 4694 ret

251 4723 360 4780 queem.
380 4727 466 4779 noque
486 4712 655 4775 comparetur
672 4726 727 4771 ree,
746 4713 905 4780 queminus
918 4713 1116 4766 delectatuesit
1131 4711 1293 4772 Alexander.
1334 4712 1479 4781 dementit
