3409 5400
349 437 392 508 60

348 605 512 691 partiam,
539 602 715 688 inquibus
746 623 803 666 eur
833 613 899 668 tam
930 624 1046 690 parum
1074 604 1146 688 ipse
1176 602 1240 668 sibi
1263 602 1454 667 constitisset
1472 601 1546 666 idem

349 721 462 776 auctor
486 733 551 776 non
573 710 670 776 facilc
693 709 944 796 intellegeretur.
990 709 1077 774 Nam
1093 712 1258 776 Sertorem
1278 721 1391 776 auctor
1412 709 1447 773 de
1467 731 1547 794 prae-

347 819 533 884 nominibus
554 819 608 904 qui
631 840 689 903 per
713 819 876 882 sationem
898 829 995 882 natus
1019 819 1063 882 sit
1085 817 1282 904 appellatum
1305 829 1411 903 putat,
1431 815 1548 880 Verrius

348 949 401 1013 ap.
424 925 512 990 Fest.
536 946 568 1010 p.
593 925 658 989 340
682 923 844 990 Multam
868 949 890 990 a
911 925 1114 1011 prendendo,
1139 926 1226 1011 quia,
1250 947 1324 990 cum
1349 928 1479 1012 cuipiam
1499 924 1549 988 ad-

348 1045 437 1100 serat
465 1053 601 1099 manum
629 1030 789 1096 educendi
821 1034 891 1096 eius
923 1035 1031 1120 gratia
1060 1054 1100 1096 cx
1134 1033 1288 1096 seruitute
1317 1034 1353 1098 in
1382 1034 1552 1103 libertatem,

346 1153 481 1208 uocetur
505 1138 665 1214 adsertor,
689 1148 744 1202 aut
766 1139 977 1225 probabilius,
998 1141 1053 1226 qni
1069 1151 1193 1204 sereret
1209 1139 1297 1226 quid.
1344 1142 1485 1205 Seruium
1505 1139 1553 1203 ille

348 1250 471 1314 dictum
502 1246 668 1310 contendit
697 1247 730 1312 iu
761 1257 852 1312 utero
883 1249 999 1312 matris
1029 1260 1213 1322 seruatum,
1241 1246 1295 1310 hie
1325 1252 1391 1334 (ap.
1421 1247 1498 1312 Fest.
1526 1271 1555 1311 u.

347 1353 504 1436 Nothum)
529 1365 717 1440 susceptum
741 1366 844 1418 matre
868 1356 1042 1421 seruiente.
1090 1355 1240 1430 Gnaeos,
1258 1378 1355 1442 ·qu0s
1382 1355 1433 1420 ille
1453 1355 1491 1420 ob
1511 1356 1556 1418 in·

348 1464 444 1551 signe
467 1463 565 1527 naeui
589 1461 770 1548 appellatos
794 1462 967 1537 existimat,
990 1460 1129 1527 Verrius
1154 1469 1221 1548 (ap.
1246 1462 1341 1527 Paul.
1364 1462 1453 1528 Diae.
1474 1485 1503 1547 p.
1520 1463 1558 1528 00

347 1571 452 1650 Miill.)
477 1593 498 1635 a
520 1569 710 1657 generando
735 1581 766 1632 et
790 1569 922 1654 quidem
954 1592 976 1633 a
999 1569 1126 1634 Graeco
1158 1570 1259 1634 uerbo
1282 1565 1458 1654 γίγνεσθαι
1480 1569 1562 1632 ducit

347 1691 379 1742 et
402 1678 443 1743 ab
468 1676 584 1742 eodem
607 1677 681 1762 ipso
704 1675 870 1750 macidam
892 1678 926 1739 in
951 1686 1033 1740 cute.
1080 1675 1155 1741 Alia
1186 1676 1360 1750 nonnulla,
1388 1677 1423 1739 in
1451 1676 1561 1762 quibus

346 1785 544 1871 discrepant,
569 1784 603 1846 in
627 1784 862 1847 commentario
886 1784 1164 1849 commemorabo.

436 1890 511 1971 Qua
534 1890 687 1975 opinione
704 1900 839 1965 remota,
866 1893 939 1977 quis
958 1893 1180 1977 composuerit
1193 1890 1280 1956 hunc
1298 1891 1456 1957 decimum
1474 1914 1566 1978 quem

345 1999 445 2066 lulius
476 1996 573 2062 Paris
606 1995 734 2062 Valerii
763 1997 900 2082 putabat
930 1997 1058 2074 librum,
1088 2000 1316 2085 superstitibus
1347 2012 1414 2064 tam
1444 2001 1567 2086 exiguis

345 2105 539 2195 fragmentis
571 2114 602 2167 et
632 2125 674 2168 ne
713 2123 825 2167 eormn
859 2105 990 2191 quidem
1027 2107 1161 2192 antiqua
1191 2107 1300 2172 forma
1328 2128 1434 2193 neque
1462 2105 1568 2172 babeo

346 2213 455 2280 dicere
479 2223 520 2288 et,
544 2212 579 2275 ni
602 2211 669 2276 alia
690 2233 850 2298 prospera
874 2213 1035 2278 accedant
1056 2214 1135 2287 fata,
1163 2234 1321 2300 umquam
1342 2216 1510 2280 inuentum
1532 2215 1568 2277 iri

346 2321 497 2407 despero.
542 2319 706 2404 Epitoma‚
724 2340 821 2406 quam
840 2340 858 2381 e
873 2342 993 2387 nouem
1008 2319 1135 2386 Valerii
1146 2323 1239 2387 libris
1256 2321 1432 2387 accedente
1445 2321 1568 2384 decime

346 2427 530 2504 subditicio,
542 2427 658 2490 incerti
681 2428 823 2491 auctoris
845 2429 1007 2513 excerpsit
1017 2427 1126 2504 Paris,
1149 2451 1225 2494 cum
1237 2450 1359 2494 annum
1373 2430 1438 2493 300
1450 2450 1482 2514 p.
1497 2427 1565 2490 Chr

345 2557 379 2598 n.
410 2532 567 2597 excedere
599 2553 665 2597 non
695 2533 791 2598 facile
823 2536 962 2619 potuerit
992 2548 1123 2622 propter
1150 2559 1272 2601 causas
1303 2558 1405 2621 supra
1434 2559 1456 2600 a
1478 2535 1568 2598 nobis

348 2639 530 2727 expositas,
560 2641 750 2705 necessario
775 2641 863 2707 cadit
886 2644 920 2707 in
952 2655 1101 2730 quartum
1133 2655 1189 2709 aut
1217 2644 1364 2733 quintum
1393 2641 1567 2708 saeculum

345 2746 529 2813 Artioribus
553 2748 671 2811 finibus
700 2769 785 2812 nunc
818 2750 950 2835 quidem
972 2749 1104 2816 Paridis
1136 2763 1275 2816 aetatem
1306 2751 1568 2815 circumscribor·

345 2877 413 2921 nou
436 2854 554 2919 ausim.
600 2852 715 2941 Neque
739 2866 849 2920 tamen
872 2872 948 2942 post
973 2858 1119 2923 medium
1143 2860 1289 2945 quintrun
1313 2858 1485 2924 saeculum
1510 2860 1566 2944 epi

345 2975 469 3029 tomam
493 2962 563 3025 eius
588 2961 770 3025 confectam
795 2983 871 3026 esse
894 2964 1100 3040 crediderim,
1124 2967 1203 3051 qnia
1220 2967 1309 3029 circa
1327 2987 1404 3030 ann.
1422 2966 1490 3030 500
1511 2967 1568 3029 ian

344 3068 512 3133 Rusticius
536 3065 707 3153 Helpidius
738 3066 938 3144 Domnulus,
969 3083 1003 3135 ut
1033 3072 1275 3158 praediximuS,
1305 3092 1379 3137 eam
1410 3073 1568 3135 recensui

346 3188 378 3241 et
407 3175 596 3261 descripsit,
624 3176 708 3239 inter
738 3176 830 3239 cuius
860 3199 996 3263 operam
1028 3190 1060 3242 et
1088 3180 1218 3265 primas.
1245 3179 1450 3244 Paridenses
1480 3202 1566 3243 cura

346 3283 469 3370 aliquot
500 3281 617 3347 saltem
647 3282 780 3349 codices
810 3284 1021 3370 interpositos
1051 3287 1156 3350 fuisse
1184 3286 1363 3352 uerisimile
1393 3295 1458 3349 est.
1523 3287 1568 3349 Cr·

345 3393 445 3457 aetati
474 3412 516 3455 ne
545 3388 664 3455 Licinii
695 3390 824 3476 Cyriaci
860 3391 991 3477 quidem
1019 3414 1141 3457 nomen
1176 3394 1210 3456 in
1240 3392 1380 3480 epistula
1410 3392 1568 3477 epitoma

343 3500 530 3586 praemissa
560 3518 746 3586 repugnare
775 3497 921 3573 uidetur,
953 3498 1040 3583 quod
1067 3497 1231 3586 Bergkius
1260 3512 1431 3586 tamquam
1462 3520 1568 3562 recen

344 3606 479 3669 tioribus
504 3606 704 3691 temporibus
727 3606 914 3691 proprium,
939 3606 1017 3691 quia
1039 3603 1155 3670 Iulium
1177 3605 1332 3671 Paridem
1355 3607 1568 3692 antiquiorer

344 3710 479 3795 putabat
502 3723 533 3773 et
556 3712 699 3777 fortasse
722 3700 790 3777 iam
804 3710 977 3777 Hadriano
992 3712 1173 3798 imperante
1190 3714 1314 3779 uixisse
1331 3712 1568 3798 suspicabatu·¹

345 3838 367 3880 a
387 3815 530 3881 librariis
555 3828 740 3903 corruptum
764 3830 795 3881 et
811 3840 885 3882 cum
901 3819 1041 3904 Syriaco
1057 3820 1309 3904 permutandum
1324 3820 1469 3884 censuit.
1521 3820 1568 3883 Er

344 3934 521 3986 tutantem
544 3922 632 3987 idem
656 3942 841 4009 cognomen
864 3925 899 3987 in
921 3925 1098 4012 sepulcrali
1120 3926 1209 3991 titulo
1234 3949 1287 4012 ap.
1303 3925 1424 3992 Murat.
1451 3949 1488 4012 p.
1508 3927 1568 3993 89⁴

343 4050 377 4093 n.
402 4030 433 4095 6.
448 4034 482 4108 ¹).

433 4133 502 4201 Iam
527 4156 567 4199 ex
590 4135 707 4201 eadem
730 4137 873 4223 epistula
898 4140 1045 4227 sequitur
1067 4138 1233 4215 Paridem,
1265 4140 1300 4203 ni
1322 4140 1482 4206 consulto
1511 4160 1568 4203 eur

344 4242 512 4308 mentitum
545 4264 619 4309 esse
649 4243 846 4321 credideris,
876 4248 970 4311 cuius
998 4258 1108 4313 tamen
1139 4249 1285 4313 criminis
1316 4248 1444 4313 idonea
1478 4270 1568 4312 caus

344 4348 569 4437 suppeditatur
591 4350 690 4427 nulla,
714 4351 877 4419 decimum
888 4353 979 4419 illum
990 4354 1238 4440 suppositicium
1250 4354 1369 4421 librum
1392 4356 1568 4442 genuino]

344 4511 556 4531 huna-..-

412 4614 434 4679 ι)
453 4618 483 4670 r.
503 4616 629 4669 smrvs
649 4617 814 4674 cxmxcvs
832 4618 911 4673 ave.
924 4622 989 4674 me.
1004 4620 1159 4673 cvercvu.
1178 4620 1326 4675 narsem
1345 4622 1414 4674 smr
1432 4622 1489 4674 ur
1512 4622 1568 4675 sv:

339 4672 501 4741 Lfflusrrs
520 4690 770 4753 umearmvso.
788 4692 991 4771 rosrsmso
1009 4694 1140 4747 servu.
