3409 5400
431 558 435 565 .
469 606 474 615 Ι
507 498 591 568 LlB.
614 502 640 581 1,
664 502 701 569 G.
725 504 757 582 6,
780 514 811 584 i.
836 504 1017 577 la—nxt.
1041 520 1071 589 s.
1097 512 1126 579 1.
1367 514 1430 584 145

201 662 420 737 cassurus,
449 680 593 729 uacasse
622 676 828 753 mactatoque
859 672 968 755 opimo
998 670 1084 736 boue
1114 692 1170 737 cor
1196 676 1230 741 in
1258 676 1339 741 extis
1364 698 1430 741 non

200 772 410 857 repperisse,
443 793 482 835 ac
505 792 703 857 responsum
733 774 790 838 tibi
822 776 864 838 ab
898 778 1065 862 Spurinna
1093 782 1244 865 aruspice
1272 784 1431 867 pertinere

201 878 240 944 id
263 880 399 966 signum
422 878 467 942 ad
490 879 591 943 ultam
615 892 647 943 ct
661 881 834 947 consilium
851 893 951 959 tunm,
976 885 1063 971 quod
1080 898 1216 972 utraque
1233 887 1315 954 haec
1332 889 1431 953 corde

203 987 462 1051 continerentur.
507 986 622 1073 Erupit
652 986 770 1051 deinde
793 1010 907 1055 eorum
930 993 1158 1075 parricidium,
1192 997 1264 1081 qui,
1297 996 1374 1059 dum
1398 1006 1429 1059 te

174 1090 378 1157 ahominum
401 1113 537 1157 numero
561 1094 752 1159 subtrahere
767 1097 891 1170 nolunt,
916 1097 1049 1163 deorum
1072 1100 1210 1165 concilio
1233 1102 1432 1167 adiecerunt.

298 1198 476 1264 Claudatur
497 1199 561 1265 hoc
587 1202 734 1287 exemplo
751 1202 862 1268 talium
887 1216 1088 1271 ostentoriun
1105 1210 1287 1274 domestica
1306 1211 1431 1287 relatio,
1441 1202 1513 1278 Eat.
1535 1210 1568 1279 l.'

203 1329 258 1381 nc,
283 1308 315 1370 si
337 1306 471 1371 ulterius
494 1307 649 1373 Romana
671 1308 932 1395 adprehendere,
957 1334 974 1374 e
999 1314 1132 1377 caelesti
1156 1315 1275 1401 templo
1300 1318 1342 1381 ad
1366 1320 1430 1405 pri·

203 1424 304 1478 natas
328 1411 445 1479 domos
474 1436 542 1478 non
571 1428 813 1481 consentaneos
844 1439 926 1481 usus
957 1420 1162 1484 transtulisse
1191 1422 1314 1490 uidear.
1362 1425 1430 1490 Ad·

204 1522 336 1607 tingam
351 1522 451 1607 igitur
474 1533 617 1595 externa,
643 1538 728 1609 qnae
743 1518 870 1588 Latinis
895 1525 1007 1589 litteris
1024 1528 1157 1603 inserta,
1182 1540 1215 1591 ut
1231 1534 1443 1597 auctoritatis·

166 1629 320 1701 ruminus
342 1624 475 1700 habent,
497 1629 545 1691 ita
567 1628 691 1716 aliquid
715 1642 830 1718 gratae
853 1634 1022 1697 uarietatis
1048 1635 1175 1699 adferre
1199 1648 1347 1723 possunt.
1393 1637 1432 1703 In

204 1736 352 1799 exercitu
363 1733 495 1807 Xerxis
511 1756 608 1821 quem
625 1736 787 1801 aduersus
804 1740 1010 1823 prouinciam
1026 1741 1199 1808 Graeciam
1216 1752 1431 1817 contraxerat,

204 1866 314 1931 equae
337 1853 433 1928 partu
453 1842 599 1927 leporem
624 1844 745 1908 editum
769 1858 908 1910 constat.
961 1846 1034 1927 Quo
1051 1870 1171 1935 genere
1192 1851 1330 1915 monstri
1351 1850 1434 1915 tanti

204 1961 388 2037 apparatus
412 1950 618 2037 significatus
650 1962 699 2013 cst
731 1964 878 2017 attentus.
936 1952 1022 2019 Nam
1052 1958 1106 2041 qui
1138 1978 1228 2021 unare
1257 1956 1432 2029 classibus,

204 2070 327 2121 terram
359 2056 534 2142 pedestri.
551 2069 642 2123 ..et
669 2059 771 2144 fugax
802 2058 925 2132 animal
957 2061 1077 2145 pauido
1107 2084 1264 2149 regressu
1294 2084 1432 2149 reguum

167 2186 303 2236 usuum
329 2174 474 2249 repetere
499 2175 549 2229 est
572 2175 717 2229 coactns.

713 2345 927 2359 -Ἥ

201 2446 491 2519 2ablaCDBTosr.
506 2449 518 2521 11
533 2447 699 2516 SpurimaD.
710 2452 826 2517 Spurina
838 2449 915 2503 Torr.
930 2450 942 2515 ΙΙ
956 2448 981 2503 3.
996 2452 1092 2504 uictum
1100 2450 1132 2504 E.
1148 2450 1159 2525 Η
1174 2452 1264 2505 hocE.
1279 2452 1291 2520 ΙΙ
1305 2451 1431 2506 deornm

204 2540 256 2575 οι.
266 2521 304 2574 D.
319 2520 333 2591 ΙΙ
346 2518 373 2573 5.
392 2524 548 2574 adiecerunt
564 2522 597 2573 B.
612 2522 624 2592 ΙΙ
639 2519 664 2573 d.
684 2525 872 2577 Clandatur-
883 2520 931 2587 (8.)
951 2525 1102 2575 uiduarum.
1119 2524 1148 2577 Γ.
1162 2526 1176 2593 Η
1188 2528 1379 2576 ostentatorum
1398 2525 1430 2577 A.

215 2593 269 2662 111.
289 2597 322 2644 dc
342 2593 454 2643 caelesti
472 2592 506 2646 Ε.
518 2594 531 2662 ΙΙ
542 2594 653 2660 templo]
674 2594 753 2644 domo
773 2594 801 2645 iu
819 2610 917 2646 rasura
935 2592 967 2646 Β.
980 2594 993 2661 ΙΙ
1005 2592 1029 2646 9.
1049 2597 1140 2663 igitur]
1161 2613 1230 2647 nunc
1249 2596 1280 2647 Γ.
1298 2597 1311 2664 ΙΙ
1329 2599 1431 2647 inserta

204 2667 303 2718 litteris
321 2662 368 2730 (Γ)
376 2661 453 2718 Tm.
472 2663 485 2734 ΙΙ
505 2668 594 2718 mincis
612 2667 777 2718 auctoritatis
795 2668 943 2718 nesciuntur
961 2668 1062 2718 habere
1081 2665 1112 2719 1'.
1130 2668 1143 2736 ΙΙ
1163 2665 1204 2719 10.
1223 2668 1347 2735 possunt]
1372 2674 1431 2720 oute

205 2739 309 2803 stiqdid
331 2735 362 2787 Γ.
376 2733 389 2804 ΙΙ
406 2735 445 2788 11.
470 2741 628 2789 οοηίωιοηὶ
651 2736 682 2790 A.
702 2737 715 2808 ΙΙ
739 2735 778 2789 la
797 2739 913 2805 constat]
936 2736 997 2790 cdd.
1023 2742 1117 2790 eodem
1141 2742 1257 2790 montem
1276 2741 1363 2790 Athon
1386 2743 1430 2791 uix

204 2811 317 2860 undem
335 2812 510 2876 transgresso
531 2805 607 2861 Torr.
622 2807 635 2877 ll
651 2813 709 2869 Quo
730 2837 766 2846 -
784 2806 851 2875 (15.)
872 2815 981 2860 coactns
1000 2826 1048 2861 om.
1059 2809 1088 2861 Γ.
1106 2809 1120 2876 ΙΙ
1141 2807 1179 2861 13.
1201 2811 1347 2877 classibus]
1368 2809 1430 2861 odd.

204 2883 322 2930 cenant
338 2877 450 2931 ΜΛ.
466 2877 482 2944 ΙΙ
495 2876 536 2932 lt.
553 2882 681 2946 pedestre
699 2880 731 2932 A.
750 2878 812 2931 add.
837 2884 954 2932 exercitu
974 2896 1020 2948 pr.
1040 2879 1072 2938 0.
1099 2883 1216 2932 exercitu
1239 2885 1343 2946 operuit
1361 2897 1430 2934 coir.

204 2949 235 3008 C.
254 2953 361 3015 opewit
378 2953 497 3002 exercitu
523 2949 670 3004 DETorr.
690 2952 704 3022 11
725 2955 754 3002 nt
771 2948 833 3002 De
849 2957 876 3005 et
893 2967 963 3004 corr.
988 2950 1017 3007 C.
1046 2951 1123 3004 Torr.
1141 2951 1155 3019 ΙΙ
1172 2967 1286 3022 egressu
1305 2950 1338 3004 B.

281 3217 341 3268 nxt
362 3215 385 3268 l.
414 3219 453 3270 Ct'.
472 3219 570 3270 Herod.
589 3219 646 3278 vn,
665 3214 709 3270 51.

279 3287 393 3358 Imma
410 3287 507 3342 editam
525 3296 646 3352 coastat)
680 3291 747 3340 Post
764 3293 833 3342 hacc
851 3295 937 3342 uerba
955 3293 1065 3360 Pighius
1084 3292 1178 3342 inscite
1196 3291 1345 3342 inseruerat
1364 3307 1432 3357 qnae

203 3365 232 3414 in
252 3363 331 3411 libris
348 3363 430 3425 panio
447 3365 512 3426 post
530 3363 668 3430 leguntur,
692 3359 780 3413 eodem
798 3368 907 3414 moster
925 3360 1009 3413 Athon
1033 3361 1078 3412 aia
1097 3359 1199 3414 landen
1219 3368 1396 3427 transpresso,
1417 3379 1432 3412 e

204 3435 346 3484 codicibus
365 3434 507 3497 campensi
526 3439 554 3482 et
570 3433 755 3492 Atrebatensi,
782 3437 851 3499 qnod
878 3435 1013 3484 constaret
1032 3449 1082 3482 non
1103 3436 1145 3482 din
1166 3435 1308 3496 postquam
1328 3434 1431 3481 Helles·

204 3507 318 3570 pontum
341 3506 494 3554 transiisset
517 3505 624 3556 Xerxes
647 3506 799 3573 prodigium
816 3506 916 3568 leporis
938 3522 971 3554 ex
991 3519 1060 3568 cqna
1078 3506 1132 3552 nati
1157 3504 1291 3552 incidisse.
1333 3503 1432 3552 Verum

205 3580 286 3633 haec.
308 3593 360 3642 quo
378 3576 438 3626 loco
456 3578 483 3624 in
501 3577 575 3626 libris
594 3577 784 3640 manuscriptis
806 3579 833 3624 ct
850 3578 877 3624 in
896 3577 1000 3626 Paridis
1019 3576 1136 3636 epitoma
1155 3575 1300 3632 habentur,
1325 3587 1375 3622 nec
1394 3574 1432 3624 hi·

204 3649 309 3698 storiac
328 3648 434 3697 ucritcati
451 3647 629 3715 refragantur,
649 3663 709 3696 cum
727 3647 802 3710 prins
821 3648 883 3694 illud
907 3647 1056 3712 prodigium
1078 3645 1136 3694 sinc
1158 3644 1285 3707 temporis
1308 3645 1371 3692 riola
1392 3659 1432 3694 rc·

205 3721 360 3778 censeatur,
381 3722 408 3768 et
425 3719 521 3768 metius
543 3719 678 3783 aliquanto
703 3717 857 3780 sequentia.
878 3716 1034 3783 priusquam
1052 3713 1167 3766 Athenas
1190 3712 1288 3765 deleret
1305 3717 1353 3765 etc.
1373 3731 1432 3764 cum

204 3791 433 3855 praecedentrhus
446 3791 615 3858 coniungunt.
638 3788 771 3840 intellexit
780 3788 941 3844 Perizonius,
953 3787 1097 3851 probarunt
1107 3787 1252 3838 'l'orrenius
1265 3787 1291 3836 et
1303 3788 1432 3852 Kappins,

205 3875 297 3928 aequm
315 3864 405 3912 umen
423 3863 451 3910 in
469 3862 632 3910 restituendo
651 3863 703 3912 hoc
722 3874 803 3924 opere
822 3861 891 3924 quod
912 3863 982 3908 recte
1002 3859 1058 3908 iteri
1080 3859 1200 3908 uiderant
1218 3859 1343 3908 iecerunt.

280 3935 380 3982 terrum
392 3929 515 3998 pedestri
531 3953 548 3983 a
560 3952 576 3985 a
588 3952 605 3983 a
623 3937 661 3990 et)
697 3931 834 3981 lacunam
855 3932 897 3980 hic
916 3931 1056 3994 archetypi
1076 3930 1160 3979 tuisse
1174 3933 1280 3994 praeter
1293 3932 1434 3980 uerborum

206 4005 233 4052 in
253 4004 363 4067 optimis
382 4004 456 4053 libris
475 4005 607 4054 deiectum
627 4005 747 4054 declarat
764 4004 1009 4066 supplementorum
1029 4002 1054 4050 in
1074 4003 1264 4052 recentioribus
1284 4003 1310 4052 et
1322 4005 1433 4052 deterio-

206 4077 283 4124 ribus
303 4075 493 4138 discrepantia.
530 4075 618 4142 Pighii
636 4076 705 4124 enirn
724 4075 782 4123 cod.
802 4074 961 4137 Campensis
981 4075 1049 4122 haec
1069 4075 1105 4121 itn
1125 4074 1272 4126 constitnit.
1300 4072 1345 4140 qui
1362 4087 1435 4124 mare

206 4141 340 4196 classibus
358 4150 468 4200 inerat.
489 4151 588 4198 terram
607 4141 746 4212 equitibus.
764 4148 795 4192 ut
804 4142 894 4209 suque
912 4149 977 4199 etc..
998 4161 1015 4193 u
1034 4145 1129 4206 ‹piihus
1150 4159 1201 4193 non
1220 4145 1329 4194 multum
1349 4145 1433 4194 ‹lisce-

206 4219 276 4268 dunt
302 4217 424 4266 ‘l'orrcnii
449 4219 517 4267 alter
542 4217 677 4267 i'ltraicct.
706 4218 732 4264 et
757 4217 798 4265 eci.
824 4215 958 4279 lspsiens.
988 4232 1013 4264 n.
1044 4211 1118 4266 1506.
1168 4215 1217 4264 Alii
1243 4215 1434 4278 interpolarent

201 4285 330 4356 pedestri
346 4287 450 4354 operuit
468 4288 594 4341 emata.
614 4288 659 4336 atii
678 4285 793 4336 aeras
811 4285 929 4351 operuit.
957 4288 1001 4336 alii
1021 4284 1135 4336 exercitu
1153 4291 1307 4352 operuerat.
1328 4287 1356 4334 ut
1375 4285 1431 4332 cod.

206 4360 372 4427 Baginensis
391 4374 417 4408 n.
437 4355 497 4412 liid.
534 4361 609 4420 Quod
629 4373 682 4407 nou
694 4358 830 4420 displicet3
850 4372 913 4406 num
933 4359 956 4406 si
970 4375 986 4405 a
999 4359 1129 4420 particula
1146 4360 1175 4406 at
1192 4357 1343 4406 atterratnm
1357 4352 1433 4400 hierii

206 4433 232 4482 iu
251 4435 289 4484 et.
310 4431 390 4480 uelox
409 4431 510 4482 librarii
527 4432 621 4482 oculus
640 4429 718 4478 tacite
737 4446 755 4476 a
773 4430 930 4491 compendio
948 4429 1154 4490 praepositionis
1173 4442 1204 4476 ecc
1223 4429 1248 4475 in
1267 4421 1381 4473 cumdio
1400 4421 1433 4468 ad

206 4503 298 4552 simile
317 4503 504 4565 compendium
523 4503 636 4566 copulae
655 4504 681 4549 et
697 4502 803 4562 poterat
820 4500 969 4557 transilire,
995 4499 1020 4548 ni
1040 4500 1127 4562 potins
1147 4499 1217 4546 alind
1238 4496 1317 4544 etiam
1334 4492 1438 4568 leporis.

206 4575 349 4638 epitheton
367 4574 501 4624 interiisse
515 4573 704 4634 Valeriumque
716 4571 753 4619 ita
772 4571 828 4618 tere
840 4571 1027 4634 composuisse
1041 4569 1193 4626 credideris,
1213 4572 1310 4616 terram
1318 4557 1437 4628 pedestri

206 4645 329 4696 exercitu
349 4647 501 4708 operuerat,
520 4646 549 4694 ut
567 4642 728 4694 imbecillum
747 4645 772 4692 et
780 4638 872 4706 sapsa:
891 4638 989 4692 mmai
1006 4643 1032 4690 ct
1051 4657 1076 4702 q.
1096 4655 1153 4703 sqq.

1183 4724 1226 4790 10
