3409 5400
279 446 346 511 388
518 441 577 507 bl:
599 436 891 505 mmsis
913 434 971 499 ΕΤ
992 430 1256 499 cestram

219 612 270 675 ll.
369 602 473 668 Marci
495 604 593 666 etiam
616 602 738 665 Antoni
760 600 891 662 animus
914 596 990 661 talis
1011 594 1223 658 humanitatis
1245 592 1437 657 intellectu
1469 613 1536 655 non

281 713 392 777 caruit
439 710 543 774 llarci
572 711 658 773 enim
688 706 777 769 Bruti
807 726 929 789 corpus
955 703 1071 766 liberto
1097 724 1160 764 suo
1187 700 1442 785 sepeliendum
1472 712 1536 761 tra-

280 820 370 893 didit,
392 839 522 905 quoque
537 815 729 879 honoratius
746 827 955 883 cremaretur,
976 812 1055 873 inici
1070 811 1101 871 ci
1115 829 1213 871 suum
1235 806 1537 892 paludamentum
1584 837 1588 906 p

279 929 385 992 iussit.
407 928 568 988 iacentem
590 921 719 983 hostem
743 918 894 1004 deposito
909 919 1090 982 aestimans
1104 915 1193 979 odio.
1231 915 1394 1001 Cumque
1425 916 1537 977 iuter·

281 1048 409 1119 ceptum
433 1055 455 1095 a
475 1030 590 1093 liberto
606 1026 872 1112 paludamentum
887 1026 1102 1110 conperisset,
1122 1025 1174 1086 ira
1195 1025 1339 1107 percitus
1356 1022 1557 1107 protinuss

281 1144 315 1205 in
338 1162 413 1202 eum
437 1133 675 1199 animaduertit.
698 1130 761 1195 hac
785 1148 861 1195 ante
876 1133 1078 1217 praelatione
1094 1152 1187 1201 usus,
1211 1126 1338 1208 ‘Ouidi
1361 1142 1407 1191 tu
1427 1130 1539 1212 igno-

281 1246 363 1310 rasti
385 1244 478 1306 cuius
502 1241 558 1303 tibi
581 1241 642 1303 uiri
667 1238 866 1323 sepulturam
890 1235 1158 1301 conmisissem'?
1192 1234 1322 1297 Fortem
1351 1236 1539 1319 piamque

282 1353 354 1414 eius
378 1349 547 1412 uictoriam
564 1345 717 1431 Philippii
732 1347 841 1429 campi
863 1344 1000 1407 libenter
1021 1343 1181 1415 uiderunt
1204 1342 1264 1405 sed
1288 1362 1331 1403 ne
1345 1343 1428 1405 ista
1459 1341 1541 1425 qui·

282 1457 357 1521 dem
381 1454 658 1543 generosissimae
681 1451 918 1539 indignationis
942 1450 1044 1514 uerba
1064 1451 1157 1513 inuiti
1179 1447 1362 1512 audierunt.

152 1576 219 1640 Exi„
242 1574 271 1640 1,
372 1560 690 1626 Commemoratione
706 1558 849 1621 Romani
872 1555 1011 1641 exempli
1033 1557 1068 1618 in
1091 1554 1319 1619 Macedoniam
1343 1554 1537 1617 deductus
1548 1573 1567 1613 u

282 1692 409 1735 morum
434 1666 611 1732 Alexandri
638 1665 850 1751 praeconium
881 1664 991 1726 facere
1018 1683 1138 1749 cogor.
1167 1662 1260 1725 cuius
1287 1674 1323 1724 ut
1345 1662 1538 1725 infinitam
1597 1707 1598 1754 p

284 1778 424 1864 gloriam
447 1774 565 1837 bellica
588 1774 701 1840 uirtus.
724 1772 770 1833 ita
785 1772 998 1855 praecipuum
1022 1790 1168 1832 amorem
1184 1768 1356 1832 clementia
1377 1768 1533 1831 meruit

283 1884 316 1947 Is
345 1882 423 1946 dum
453 1900 568 1944 omnes
598 1887 714 1964 gentes
743 1876 941 1963 infatigabili
974 1896 1073 1939 cursu
1100 1873 1231 1948 lustrat,
1268 1873 1415 1960 quodam
1457 1872 1534 1936 loci

285 1989 384 2053 niuali
414 1996 605 2071 tempestate
638 2004 819 2068 oppressus
848 1983 943 2045 senio
979 1984 1046 2045 iam
1074 1981 1257 2045 confectum
1288 1980 1529 2045 Macedonem

288 2186 311 2240 1.
337 2186 443 2237 Antonii
467 2184 546 2233 ctiam
570 2180 676 2240 (oniaco
694 2176 877 2246 praenomine)
906 2175 938 2229 F.
953 2176 968 2243 ΙΙ
984 2178 1117 2227 intellectu
1136 2202 1176 2229 e·
1195 2177 1280 2225 carnit
1308 2190 1378 2226 corr.
1400 2173 1441 2229 A.
1460 2170 1525 2241 112
1597 2175 1598 2182 ’

286 2258 432 2321 sepeliendi
453 2253 482 2306 F.
497 2254 509 2315 ΙΙ
523 2249 549 2303 3.
569 2252 775 2303 honoratissime
788 2248 823 2300 Ε.
834 2250 848 2317 ΙΙ
861 2250 1076 2312 paludamentum
1093 2262 1171 2296 surim
1184 2245 1208 2297 F
1209 2245 1241 2298 Γ.
1251 2245 1266 2311 ll
1277 2242 1303 2297 l.
1316 2247 1439 2313 hostem]
1465 2262 1525 2295 non

285 2332 390 2379 hostem
409 2329 459 2377 sed
478 2328 562 2375 ciuem
583 2320 695 2374 D'l'arr.
708 2322 721 2386 ΙΙ
733 2322 892 2373 existimans
910 2318 937 2371 Ε
943 2317 974 2369 F.
987 2320 1000 2379 11
1014 2322 1160 2381 intercepto
1177 2315 1208 2369 A·
1219 2316 1233 2382 ΙΙ
1245 2316 1271 2369 5.
1291 2319 1456 2381 conperisse
1472 2331 1524 2384 pr.

284 2398 315 2450 A.
335 2399 530 2460 comparuisset
547 2392 579 2448 F.
591 2394 604 2458 ΙΙ
617 2408 716 2458 pronus
732 2408 776 2461 pr.
794 2390 828 2442 A.
842 2389 853 2458 ΙΙ
868 2390 893 2442 li.
912 2392 986 2455 autel
1006 2396 1094 2441 autem
1107 2388 1138 2441 Γ.
1150 2389 1164 2454 ΙΙ
1175 2388 1201 2440 i.
1219 2391 1461 2439 commendassem
1480 2385 1520 2438 D.

212 2474 216 2481 '
295 2470 309 2534 11
323 2471 427 2518 Fortem
447 2495 480 2504 -
500 2462 550 2530 (9.)
569 2468 708 2514 sitdierunt
731 2480 771 2514 ara
802 2459 1127 2529 l'.118.philippicampi
1150 2461 1263 2509 libenter
1279 2463 1310 2510 A.
1334 2460 1519 2523 philippicam

286 2540 321 2589 dii
342 2542 454 2588 libenter
474 2532 561 2588 CDF
575 2542 600 2585 et
616 2534 676 2593 (litt.
695 2550 754 2585 cam
774 2536 810 2583 dii
827 2534 856 2583 ia
873 2540 981 2595 rasura)
998 2530 1032 2582 Ε.
1051 2532 1223 2594 Philippicam
1243 2532 1356 2580 libenter
1373 2531 1408 2579 dii
1430 2528 1519 2580 Tarr.

299 2606 368 2673 11111.
388 2611 413 2657 in
432 2623 481 2657 ant.
500 2605 535 2656 D.
550 2602 562 2671 ΙΙ
580 2603 620 2657 11.
639 2621 800 2668 praeconum
819 2602 850 2656 F.
865 2604 877 2672 ΙΙ
894 2601 935 2656 13.
955 2604 1030 2669 dum]
1049 2618 1109 2653 cum
1129 2601 1158 2653 F.
1169 2601 1184 2669 ΙΙ
1196 2604 1293 2652 lustrat
1312 2615 1362 2652 an.
1380 2599 1412 2652 A.
1427 2599 1443 2668 Ι]
1459 2602 1516 2651 loci

286 2675 412 2730 Dl‘l'ar.
423 2676 438 2745 ΙΙ
453 2676 491 2729 ll.
512 2675 603 2742 uiuat]
619 2682 682 2742 post
699 2676 859 2742 tempestate
880 2673 956 2728 Torr.
975 2676 1058 2725 nibali
1072 2688 1118 2742 pr.
1136 2671 1168 2726 A.

360 2816 399 2868 11.
418 2819 456 2868 Cl'.
476 2818 543 2867 Plut.
561 2817 657 2870 Aulon.
675 2815 719 2870 22.

358 2887 483 2938 incautam
494 2885 590 2937 bean
602 2885 720 2954 deposito
732 2888 874 2940 aestimante
890 2887 973 2944 odio.)
991 2890 1139 2940 Notabilem
1154 2889 1255 2938 rcmoui
1268 2884 1514 2950 interpolationem,

288 2975 346 3010 cum
367 2959 448 3025 uulgo
468 2959 535 3008 haec
554 2959 591 3007 ita
609 2961 843 3018 constituerentur,
863 2958 989 3011 moestam
1007 2975 1060 3010 aas
1075 2959 1187 3013 laten.
1211 2955 1260 3009 ted
1282 2956 1365 3008 mea
1389 2953 1514 3022 deposito

288 3029 427 3088 antinous
445 3028 513 3080 odio.
557 3029 586 3078 in
610 3030 705 3094 quibus
729 3029 870 3083 aranas
892 3033 990 3082 saltem
1013 3033 1166 3081 mutandum
1191 3029 1278 3092 iuerat
1298 3030 1326 3079 ln
1343 3026 1510 3080 manns

288 3104 465 3168 quodtamcn
483 3103 590 3164 praeter
609 3100 771 3150 Perizonium
792 3117 870 3152 nemo
889 3105 1012 3153 sensisse
1031 3106 1141 3152 uidetur.
1179 3103 1269 3151 Verba
1286 3117 1303 3149 a
1320 3102 1399 3150 nobis
1418 3101 1513 3150 deleta
1597 3100 1598 3149 ἒ

286 3189 367 3236 quam
386 3173 440 3221 sint
458 3172 555 3221 nullius
574 3172 739 3220 auctoritatis
758 3173 864 3223 abunde
877 3187 911 3222 eo
922 3177 1005 3238 patet.
1024 3177 1094 3239 quod
1112 3174 1139 3222 in
1153 3187 1204 3222 uno
1217 3175 1355 3221 dumtaxat
1373 3186 1388 3222 s
1407 3172 1511 3220 nostris

287 3245 360 3296 libris
385 3245 423 3307 (in
449 3244 580 3293 deteriore
605 3243 780 3304 Bcroliuensi)
805 3244 936 3312 leguntur.
972 3245 1100 3296 Traditus
1122 3248 1211 3294 autem
1235 3245 1384 3307 scripturae
1408 3255 1511 3291 seusus

286 3317 329 3366 hic
348 3319 398 3374 est,
419 3314 547 3365 Antonius
566 3313 648 3364 Bruto
667 3314 737 3363 illam
758 3315 948 3366 humanitatem
968 3317 1101 3373 exhibuit,
1126 3316 1196 3377 quod
1219 3315 1307 3364 animo
1324 3315 1511 3378 perpendebat
1597 3346 1598 3349 ,

287 3391 368 3453 atque
387 3389 528 3451 reputabat
547 3391 661 3450 quantus
680 3385 724 3436 ille
747 3387 788 3436 uir
810 3386 908 3436 fuisset
925 3391 953 3438 et
969 3390 1007 3437 ita
1030 3389 1064 3438 de
1082 3387 1223 3437 uirtutibus
1241 3386 1337 3444 abiecti
1355 3386 1443 3435 hostis
1463 3386 1511 3433 de·

286 3461 374 3523 posito
394 3459 453 3508 odio
473 3460 532 3508 sine
549 3456 591 3507 ira
609 3473 641 3506 ac
659 3457 746 3507 studio
765 3458 906 3508 iudicabat.

357 3527 486 3596 Philippii
504 3526 592 3596 campi
608 3526 718 3579 libenter
735 3525 881 3584 uiderant.)
898 3529 1004 3580 Priores
1023 3530 1139 3581 editores
1157 3529 1269 3578 alterius
1288 3527 1405 3578 familiae
1424 3527 1510 3590 scrip·

286 3603 371 3649 truam
391 3602 475 3651 secuti
495 3605 568 3657 sant.
588 3618 605 3651 a
623 3599 755 3650 Danielini
774 3601 832 3651 libri
856 3601 1006 3651 testimonio
1028 3602 1067 3649 ita
1089 3602 1300 3664 discrepantem,
1326 3602 1353 3649 ut
1376 3604 1510 3662 appareat

286 3671 358 3719 illam
378 3687 426 3735 pro
445 3671 525 3720 huius
544 3676 572 3722 et
589 3672 744 3736 archetypis
764 3671 863 3721 codicis
883 3673 978 3722 mendo
1004 3686 1019 3721 a
1043 3673 1194 3720 coniectura
1217 3685 1270 3720 uon
1290 3672 1358 3722 adeo
1377 3669 1510 3733 probabili

287 3742 401 3802 positam
427 3755 499 3791 esse.
545 3741 608 3792 Sine
633 3743 712 3791 dubio
736 3744 824 3792 autem
849 3758 898 3805 pro
920 3740 1126 3808 plihppicampi
1150 3743 1291 3810 legendum
1315 3744 1357 3792 est
1380 3737 1451 3791 Pi‘'
1494 3737 1511 3748 “’

287 3807 383 3873 campi.
405 3825 458 3872 qua
477 3826 629 3874 camporum
653 3813 757 3861 illorum
782 3814 962 3876 appellatione
981 3813 1106 3864 idauilias
1131 3827 1236 3878 quoque
1259 3812 1430 3868 maseati,

287 3885 372 3935 (arma
391 3876 541 3945 Philippeos
558 3879 697 3948 implemini
716 3881 816 3947 apminc
834 3890 960 3950 campos).
981 3888 1008 3934 et
1025 3885 1112 3933 altera
1125 3883 1173 3933 illa
1189 3885 1375 3934 terminatione
1389 3883 1509 3932 Velleius

287 3945 320 4004 11,
339 3942 383 4003 811,
401 3944 419 3996 2
435 3947 475 4028 (in
494 3949 594 4016 campis
611 3949 771 4020 Philippiis)
811 3954 905 4021 itaque
923 3956 951 4005 iu
970 3955 981 4002 1
998 3969 1104 4020 quoque
1122 3955 1236 4011 Valerii.
1263 3951 1293 4013 l,
1320 3951 1343 4013 l,
1362 3955 1407 4004 ubl
1424 3954 1508 4019 uulgo

288 4017 417 4096 edebatur
436 4031 464 4066 nt
476 4017 575 4084 campis
587 4019 752 4088 Philippicis.
773 4039 831 4075 cum
845 4027 904 4075 libri
916 4026 968 4075 mai
980 4039 1074 4075 omnes
1087 4027 1193 4074 tradant
1200 4023 1342 4094 plilippb.
1361 4024 1508 4075 chensis

283 4085 444 4156 philippicis.
470 4089 573 4138 restitui
597 4089 625 4140 in
648 4091 749 4160 campis
771 4091 920 4162 Plitippte.
965 4097 1061 4146 Notum
1090 4099 1160 4146 enim
1190 4100 1234 4147 est
1261 4098 1424 4166 geminatum
1448 4091 1460 4143 i
1481 4095 1508 4142 iu

288 4159 423 4210 codicibus
442 4161 630 4224 manuscriptis
649 4165 811 4227 saepissime
827 4181 881 4214 una
898 4168 987 4216 littera
1004 4167 1100 4218 efferri.
1137 4168 1193 4218 lam
1213 4182 1277 4218 uero
1296 4168 1366 4234 quod
1384 4167 1435 4230 ipsi
1449 4165 1508 4214 Phi·

289 4231 359 4294 lippit
379 4231 466 4293 campi
485 4229 597 4280 libenter
614 4232 718 4283 Antonii
739 4236 875 4285 uictoriam
895 4237 996 4287 uidisse
1015 4241 1042 4288 et
1053 4252 1216 4305 generosam
1233 4238 1307 4289 illam
1327 4253 1420 4289 uocem
1434 4236 1506 4286 audi·

287 4303 361 4352 uisse
381 4303 509 4359 dicuntur.
529 4301 554 4352 el
573 4303 617 4366 qui
635 4305 738 4354 nouerit
756 4306 825 4355 hunc
844 4307 1001 4370 scriptorem
1019 4323 1073 4360 non
1091 4311 1170 4360 modo
1189 4311 1283 4360 mirum
1296 4325 1349 4360 nou
1367 4309 1504 4364 uidebitur.

288 4373 335 4422 scd
361 4374 493 4437 reputanti
516 4387 672 4437 peruersum
696 4376 758 4425 illud
781 4378 838 4426 eius
862 4379 993 4436 studium.
1018 4393 1070 4442 quo
1095 4395 1140 4430 res
1163 4385 1252 4431 mutas
1271 4385 1352 4444 atque
1370 4379 1505 4431 exanimes

288 4457 369 4493 sensu
390 4446 525 4506 praeditas
545 4446 595 4496 sibi
613 4445 726 4504 fluxerit,
745 4449 834 4515 magis
853 4449 934 4498 etlam
947 4453 1143 4518 commendabit
1155 4455 1366 4502 emendationem
1380 4454 1504 4501 nostram.

288 4515 325 4564 Cl.
345 4515 388 4574 vl,
408 4510 433 4574 li,
453 4511 478 4574 8,
497 4513 593 4568 Portas
611 4514 683 4584 ipsos
700 4544 734 4555 —
754 4522 851 4569 tantam
869 4517 898 4568 in
916 4516 1004 4571 eodem
1025 4519 1126 4573 bomine
1148 4522 1302 4575 αανίεέατω
1326 4527 1410 4574 statar
1428 4516 1504 4573 adsi·

288 4587 359 4634 ratos
377 4581 495 4636 arbitror
513 4590 539 4638 et
557 4608 583 4655 q.
602 4603 659 4654 sqq.

358 4655 418 4705 sxt
439 4652 462 4708 1.
487 4658 525 4711 Cf.
545 4661 615 4713 Curi.
634 4659 701 4721 llll,
719 4657 745 4720 4,
766 4657 807 4714 lb.
831 4660 920 4713 irent
939 4663 1015 4716 strat
1033 4663 1090 4723 llll,
1109 4658 1135 4723 li.
1153 4660 1179 4718 3.
