3409 5400
1418 512 1459 577 13

244 673 480 728 commemorat
500 659 556 739 lli,
588 685 664 730 ann.
688 665 747 739 41,
775 673 900 730 utnon
923 666 1178 753 improbabiliter
1201 671 1386 758 suspicatur
1412 671 1468 738 Li·

241 769 376 858 psius¹).
423 769 515 836 Mitto
540 771 661 837 similia
684 773 847 861 quaedam
871 773 932 838 sed
953 775 1063 862 magis
1088 776 1255 865 ambigua.

330 878 369 945 In
402 879 538 967 reliquis
568 877 720 946 Valerius
751 882 912 968 propositi
940 893 1038 948 tenax
1054 955 1058 962 ,
1072 885 1258 972 antiquiora
1288 886 1467 954 litterarum

240 998 453 1057 monmnenta
476 988 556 1054 adiit
577 989 784 1076 fontibusque
807 1012 889 1055 usus
906 1002 957 1055 est
978 1012 1046 1056 non
1068 991 1267 1077 ignobilibus
1291 1005 1323 1058 et
1343 1017 1469 1084 magna
1543 1040 1568 1058 ι.

242 1119 282 1162 cx
304 1109 396 1185 parte
419 1094 583 1184 hodieque
605 1097 808 1184 patentibus,
843 1099 877 1162 in
901 1099 1016 1185 primis
1041 1098 1198 1166 Cicerone
1221 1113 1253 1166 et
1274 1101 1387 1178 Liuio,
1421 1106 1469 1168 ita

241 1215 276 1270 ut
307 1206 346 1270 de
377 1206 513 1280 ratione,
546 1227 644 1292 quam
667 1206 701 1269 in
725 1203 922 1270 adhibendis
952 1205 1017 1270 illis
1041 1220 1173 1273 secutus
1197 1210 1249 1286 sit,
1273 1212 1468 1277 sententiam

240 1314 326 1377 ferre
354 1311 461 1376 liceat.
512 1312 580 1376 Sed
611 1314 686 1399 ipsa
715 1311 799 1378 haec
828 1314 912 1378 ratio
943 1336 1065 1379 nouam
1094 1316 1233 1402 imponit
1261 1318 1469 1406 uituperandi

241 1409 481 1485 necessitatem.
527 1419 612 1485 Nolo
637 1444 763 1510 urgere,
789 1422 876 1510 quod
900 1421 941 1487 ab
966 1422 1039 1490 aliis
1062 1424 1129 1488 iam
1146 1425 1335 1492 adnotatum
1357 1427 1467 1502 uideo,

241 1549 314 1593 eum
337 1549 391 1592 res
416 1528 620 1594 enarrandas
645 1528 814 1594 arbitraris
839 1553 879 1595 ae
901 1531 1088 1615 promiscue
1113 1532 1238 1598 omisso
1261 1535 1394 1621 proprio
1417 1535 1466 1598 iu·

241 1637 326 1702 dicio
349 1649 381 1700 et
404 1637 553 1702 examine
578 1639 757 1724 arripuisse
782 1649 813 1701 et
835 1637 1037 1713 reddidisse,
1066 1638 1100 1703 id
1122 1640 1267 1725 profecto
1291 1641 1466 1706 mediocris

241 1755 271 1808 et
297 1745 450 1810 imbecilli
483 1745 607 1832 ingenii
639 1747 859 1810 certissimum
888 1746 1046 1812 indicium
1074 1757 1139 1822 est,
1176 1748 1263 1835 quod
1292 1770 1334 1814 ne
1363 1748 1466 1813 uerba

241 1853 371 1939 quidem
396 1851 518 1916 abillis
536 1853 722 1918 auctoribus
738 1854 891 1928 mutuari,
913 1875 1018 1940 paene
1035 1853 1171 1919 dixerim
1185 1855 1270 1920 furto
1285 1856 1466 1921 subducere

242 1959 490 2046 aspernabatur.
550 1959 648 2041 Quod
685 1961 841 2025 iudicium
884 1981 925 2025 ne
959 1961 1102 2047 iniquius
1138 1961 1250 2027 tulisse
1285 1964 1466 2040 uideamur,
1554 2023 1558 2031 .

240 2089 446 2155 apponamus
477 2067 600 2156 aliquot
621 2067 724 2144 loces,
749 2067 901 2156 equibus
923 2068 1069 2133 instituta
1095 2072 1340 2155 comparatione
1362 2095 1465 2159 appa·

238 2187 307 2240 reat
335 2173 517 2242 Valeriana
552 2176 709 2242 sedulitas
743 2178 778 2242 in
814 2175 996 2262 expilandis
1031 2178 1237 2262 superiorum
1270 2180 1466 2266 scriptorum

239 2281 402 2368 operibus.
448 2281 517 2348 Nec
541 2282 644 2372 longa
666 2283 875 2371 inquisitione
900 2305 983 2369 opus
1014 2295 1081 2358 est,
1113 2307 1188 2351 cum
1218 2287 1323 2371 primo
1355 2288 1466 2352 statim

239 2391 334 2474 primi
355 2389 430 2456 libri
454 2389 600 2478 exemplo
615 2377 617 2382 ⁵
631 2390 748 2456 iisdem
775 2391 843 2454 fere
874 2390 983 2454 uerbis
1012 2401 1120 2456 utatur
1142 2389 1315 2467 Valerius,
1345 2392 1466 2458 iisdem

239 2507 351 2562 auctor
373 2499 531 2562 orationis
556 2497 596 2562 de
619 2496 832 2584 haruspicum
854 2499 1036 2582 responsis
1081 2496 1217 2586 Legitur
1239 2500 1327 2566 enim

243 2629 331 2718 apud
352 2631 439 2699 illum
462 2629 486 2706 Ι,
514 2632 542 2707 1,
569 2631 598 2696 l.
879 2632 967 2719 apud
989 2630 1077 2695 hunc
1102 2631 1132 2708 9,
1158 2634 1210 2699 18.

238 2739 380 2803 Maiores
388 2750 492 2805 statas
501 2739 822 2827 sollemnesquecae·
878 2776 923 2787 -
937 2741 991 2821 pai
1007 2751 1110 2804 statas
1131 2740 1373 2829 sollemnesque
1389 2762 1463 2807 cae·

238 2848 395 2911 rimonias
408 2849 596 2933 pontilictun
610 2850 748 2924 seientia,
766 2847 822 2912 be·
877 2847 1036 2912 rimonias
1048 2849 1248 2933 pontificatu,
1260 2871 1369 2914 rerum
1381 2850 1463 2914 bene

238 2974 278 3017 ne
303 2954 521 3042 gerendarum
548 2975 655 3020 rerum
684 2956 822 3019 auctori·
878 2953 1097 3040 gerendarum
1125 2960 1333 3023 auctoritates
1358 2978 1462 3045 augu-

237 3072 320 3126 tates
328 3061 823 3149 augurumobeetuotione,llpol·
877 3062 1461 3152 ri0‚fotorumaeterespraedictiones

235 3168 310 3233 linis
329 3169 569 3255 praedictiones
592 3181 704 3234 uatum
720 3169 823 3246 libris,
877 3170 1039 3257 Apollinis
1061 3182 1173 3237 uatum
1196 3170 1305 3247 libris,
1333 3184 1462 3260 porten-

237 3287 459 3361 portentorum
474 3278 669 3360 dmuhioaee
683 3270 824 3343 Etrus'ca
878 3289 983 3342 torum
1004 3280 1237 3362 eaplcaatioact
1250 3280 1463 3345 Etruscorum

237 3380 413 3470 disciplina
427 3387 582 3467 explicari
593 3390 763 3452 uoluerant.
879 3384 1053 3472 disciplina
1076 3388 1226 3451 contineri
1246 3394 1406 3469 puerunt.

325 3515 420 3599 Quae
443 3520 542 3607 paulo
571 3532 647 3609 post
677 3531 855 3609 sequuntur
886 3518 1059 3607 desumpta
1088 3533 1164 3586 sunt
1193 3541 1210 3582 e
1235 3520 1303 3585 Cic.
1331 3520 1372 3583 de
1395 3519 1461 3583 diu.

235 3628 260 3707 1,
284 3631 337 3712 41,
364 3628 415 3696 92.

237 3799 283 3812 -
305 3769 340 3826 ut
359 3762 591 3827 florentissima
606 3774 673 3828 tum
696 3768 726 3829 et
747 3784 823 3847 opu-
877 3767 1002 3827 scamus
1025 3773 1092 3827 tum
1115 3782 1186 3828 cum
1208 3762 1343 3829 florebat
1366 3761 1461 3846 impe·

234 3870 409 3932 lentissima
431 3872 557 3934 ciuitate
576 3870 679 3935 decem
702 3870 821 3956 princi·
876 3871 960 3933 mem
982 3870 1133 3947 decreuit,
1163 3878 1199 3936 ut
1220 3872 1257 3935 de
1278 3870 1462 3957 principum

234 3996 315 4063 pum
343 3976 401 4040 lilii
430 3984 556 4041 amatae
584 3980 722 4043 consulto
754 3978 822 4043 sin·
877 3976 952 4040 liliis
976 3997 1033 4041 eea
1061 3978 1201 4071 singulis
1224 3976 1372 4042 Etruriae
1401 3998 1460 4063 po·

235 4082 322 4169 gulis
349 4082 498 4150 Etruriae
526 4084 656 4172 populis
679 4086 822 4171 percipi·
877 4083 961 4169 pulis
977 4084 1234 4173 indisciplinam
1250 4082 1460 4149 traderentur.

234 4190 331 4254 eattae
354 4212 516 4257 sacrorum
537 4192 730 4280 disciplinae
746 4214 822 4277 pru·

233 4296 280 4359 tta
303 4298 515 4365 traderentur.

325 4430 376 4497 Ab
400 4434 517 4501 eodem
541 4432 699 4499 Cicerone
722 4432 927 4520 impudenter
948 4434 1016 4497 fere
1042 4442 1206 4499 mutuatus
1230 4442 1281 4499 est
1303 4451 1387 4521 quae
1408 4448 1460 4493 re·

230 4536 380 4605 feruntur
404 4540 445 4605 de
467 4541 620 4628 Dionysii
643 4541 827 4629 sacrilegiis

300 4773 325 4841 Ι)
346 4774 369 4827 Α
388 4774 495 4828 Valerio
513 4790 610 4841 nempe
628 4775 698 4829 haee
716 4774 865 4841 assumpsit
883 4772 949 4829 Plin
968 4774 994 4827 b.
1014 4791 1040 4827 n.
1058 4776 1114 4835 vu,
1133 4770 1178 4827 53.
