3409 5400
582 528 666 597 nm.
689 528 759 609 1111,
783 529 820 599 ο.
846 533 876 610 1,
900 540 930 610 s.
954 534 1009 601 11.
1034 500 1085 602 ie.
1382 536 1448 605 su

223 690 363 780 equum,
386 692 499 779 inquit,
524 690 713 769 ‘Sacerdos
737 716 776 761 ae
798 694 936 761 lucrifac
959 698 1146 761 censoriam
1169 706 1295 772 notam,
1318 718 1360 763 ne
1383 718 1448 785 ego

221 801 256 865 in
279 811 335 865 tua
357 819 503 885 persona
526 811 558 864 et
581 802 785 867 accusatoris
809 813 840 866 et
869 804 960 868 testis
987 813 1020 867 et
1046 802 1165 869 iudicis
1195 815 1307 890 partes
1336 806 1448 893 egisse

221 905 358 973 uidear.'
1495 980 1498 987 ¹

313 1012 412 1095 Quod
435 1014 536 1081 animi
563 1024 855 1102 temperamentum
883 1017 981 1083 etiam
1008 1018 1044 1083 in
1067 1016 1108 1098 Q.
1132 1016 1312 1095 Scaeuola.
1343 1016 1511 1087 excel-ll.

199 1121 407 1187 tlentissimo
422 1122 504 1196 uiro,
520 1120 707 1188 adnotatum
725 1132 786 1189 cst.
824 1122 931 1189 Testis
947 1146 1089 1213 namque
1104 1128 1140 1191 in
1155 1147 1246 1191 reum
1257 1126 1448 1213 productus,

225 1252 300 1295 cum
321 1229 357 1295 id
378 1228 621 1315 respondisset,
646 1230 734 1316 quod
758 1230 899 1296 salutem
921 1230 1133 1317 periclitantis
1155 1253 1357 1322 magnopere
1379 1232 1447 1297 lao-

225 1358 339 1403 surum
361 1334 547 1412 uidebatur,
578 1336 753 1403 discedens
778 1337 897 1403 adiecit
918 1338 965 1402 ita
986 1338 1049 1403 sibi
1072 1339 1161 1403 credi
1181 1352 1342 1425 oportere,
1364 1340 1396 1405 si
1417 1349 1450 1403 et

225 1442 280 1509 alii
295 1444 382 1510 idem
398 1443 664 1516 adseuerassent.
680 1446 837 1532 quoniam
849 1445 946 1510 unius
959 1447 1143 1511 testimonio
1155 1447 1298 1533 aliquem
1308 1446 1448 1513 caedere

224 1550 363 1639 pessimi
385 1561 476 1619 esset
497 1552 647 1637 exempli.
703 1552 746 1615 Et
772 1551 926 1639 religioni
951 1553 1051 1639 igitur
1078 1574 1159 1617 suae
1181 1553 1324 1620 debitam
1350 1552 1450 1619 iidem

188 1670 257 1724 teet
280 1661 446 1726 communi
468 1658 594 1725 utilitati
617 1657 748 1725 salubre
773 1658 946 1724 consilium
968 1659 1119 1723 reddidit.

312 1767 427 1833 Sentio
451 1787 535 1853 quos
559 1767 649 1831 ciues
675 1788 801 1853 quaeue
827 1767 918 1833 facta
940 1784 1054 1832 eorum
1083 1789 1123 1831 ac
1151 1766 1238 1833 dicta
1264 1788 1366 1857 quam
1388 1767 1511 1837 rin-12.

224 1885 323 1962 gusto
347 1874 470 1939 ambitu
485 1875 643 1939 orationis
659 1873 847 1960 amplectar.
894 1874 997 1950 †Sed
1014 1897 1089 1941 cum
1104 1895 1229 1963 magna
1248 1875 1330 1941 mihi
1352 1887 1448 1963 atque

223 1981 385 2068 permulta
406 1981 548 2047 breuiter
570 1981 711 2047 dicenda
733 1982 809 2055 sint,
832 1979 977 2047 claritate
993 1982 1223 2049 excellentibus
1243 1986 1322 2050 uiris
1338 2002 1448 2049 sermo

227 2140 251 2196 l.
270 2140 404 2193 Sacerdos
423 2158 472 2195 om.
493 2140 522 2195 0.
534 2141 547 2212 ΙΙ
559 2142 604 2209 ne]
623 2144 731 2193 nomine
749 2139 781 2194 F.
793 2138 844 2209 11'2.
867 2142 926 2209 tua]
947 2139 1009 2194 odd.
1031 2159 1116 2195 cause
1134 2159 1204 2197 corr.
1226 2142 1255 2197 0.
1279 2148 1352 2196 tuam
1370 2139 1435 2213 D.ll

225 2228 371 2281 personam
388 2210 417 2265 D
436 2220 461 2267 et
478 2229 548 2267 cerr·
569 2213 597 2266 0.
609 2212 623 2281 ΙΙ
638 2209 665 2263 l.
684 2216 759 2276 Quod
778 2240 813 2251 -
832 2208 885 2280 (5.)
903 2214 1030 2281 numque]
1056 2219 1088 2275 Q.
1111 2219 1193 2268 etiarn
1211 2216 1345 2267 Scaeuola
1367 2218 1449 2267 testis

226 2284 258 2339 Γ.
269 2283 283 2352 ΙΙ
295 2280 320 2338 5.
340 2286 396 2336 uiro
414 2302 462 2338 ora
481 2284 540 2409 Eli)
551 2287 702 2351 producens
723 2282 752 2336 0.
758 2284 784 2406 pp
800 2280 825 2337 ll.
844 2285 884 2351 id]
904 2288 940 2336 ad
962 2288 989 2335 id
1008 2282 1039 2336 Γ.
1057 2286 1071 2355 Η
1090 2282 1113 2337 l.
1133 2288 1191 2338 cedi
1209 2284 1235 2338 Γ
1251 2291 1276 2337 et
1290 2301 1335 2353 pr.
1353 2282 1385 2338 A.
1396 2284 1410 2353 ΙΙ
1422 2281 1448 2339 8.

226 2358 323 2409 cedere
343 2353 392 2409 ΘΓ
408 2363 433 2411 et
446 2373 491 2427 pr.
541 2396 547 2410 .
568 2360 677 2408 credere
695 2352 752 2407 ΒΕ
798 2360 824 2407 et
840 2370 912 2409 cerr.
930 2354 963 2411 A.
986 2354 1064 2410 Terr.
1086 2358 1215 2409 damnare
1231 2356 1269 2409 D.
1280 2356 1295 2424 ΙΙ
1312 2354 1337 2407 il.
1356 2360 1450 2407 esseut

225 2426 257 2483 F.
268 2426 283 2495 Η
293 2426 385 2496 igitur]
409 2432 516 2493 quidem
534 2428 562 2479 is
579 2442 677 2479 rasura
694 2424 728 2477 Β.
747 2428 786 2477 sic
801 2442 845 2494 pr.
865 2424 903 2479 D.
926 2443 991 2496 ergo
1010 2442 1080 2481 cerr.
1098 2426 1135 2481 D.
1154 2433 1220 2495 post
1242 2443 1310 2479 suae
1327 2424 1361 2479 Β.
1380 2428 1394 2496 ΙΙ
1408 2425 1448 2480 itt

226 2499 342 2565 utilitati]
362 2500 458 2568 repetit
470 2504 534 2569 post
550 2498 575 2551 lt.
593 2516 619 2551 u.
638 2500 757 2549 debitam
775 2498 855 2551 fldem
866 2496 900 2550 E.
912 2497 926 2564 ΙΙ
942 2496 982 2552 ΙΙ.
995 2514 1099 2565 quaene
1115 2497 1144 2551 0.
1163 2514 1234 2560 quae
1245 2496 1278 2549 Β.
1293 2498 1305 2565 ΙΙ
1320 2498 1448 2570 augusto}

226 2574 375 2638 incongruo
394 2571 423 2623 ia
440 2586 537 2623 rasura
554 2568 586 2623 A.
605 2570 765 2620 breuissime
783 2567 847 2621 DF.
874 2572 1000 2638 umgusto
1018 2568 1050 2621 F.
1067 2568 1080 2637 ΙΙ
1102 2566 1141 2622 12.
1166 2572 1312 2635 amplecter
1329 2584 1398 2621 corr.
1415 2567 1448 2625 Δ.

228 2642 375 2706 amplector
392 2640 451 2704 (sed
469 2659 484 2692 ο
503 2641 532 2693 ia
548 2647 657 2704 amre)
673 2638 707 2691 Β.
721 2639 733 2704 Η
748 2640 860 2710 magna]
886 2638 949 2692 add.
966 2643 1077 2692 strictim
1097 2638 1166 2693 Dr.
1183 2639 1197 2709 ΙΙ
1213 2643 1279 2692 mibi
1295 2656 1345 2696 est.
1363 2638 1448 2695 ficu

226 2710 395 2770 EFl'Tcrr.
407 2716 421 2785 Η
433 2717 460 2766 st
476 2715 561 2766 multa
577 2711 841 2767 sensurum.
852 2711 866 2780 ΙΙ
881 2708 922 2766 13.
940 2717 1003 2764 sunt
1019 2711 1052 2765 B.
1071 2730 1125 2766 non
1142 2711 1239 2768 siutl'.
1250 2714 1311 2784 lide
1327 2716 1449 2769 mata

229 2786 307 2839 Torr-
322 2783 334 2856 ΙΙ
347 2789 413 2839 uiris
432 2801 521 2838 sermo
540 2800 590 2837 em.
607 2781 756 2838 RODEF
757 2781 789 2837 Γ.

301 2929 329 2983 is
347 2935 393 2982 lua
406 2934 534 2998 persone)
560 2928 625 2978 Mali
649 2931 752 2980 tantum
777 2930 878 2992 aliquot
901 2926 1010 2980 libriin
1033 2934 1104 2980 mara
1119 2943 1276 2996 pumera.
1302 2931 1372 2996 quod
1395 2945 1450 2982 uon

228 3005 345 3054 debebat
362 3004 482 3066 recipere
501 3001 622 3068 Pighius.
650 3001 779 3065 Reposuit
796 3002 943 3052 abiaticum
961 3001 1115 3059 Torreuius,
1135 3002 1300 3054 ai’erizonio
1318 3003 1449 3054 similibus

228 3075 360 3138 exemplis
378 3073 575 3130 contimtum,
594 3071 650 3130 vll,
670 3069 700 3130 2,
720 3067 737 3122 6
763 3071 848 3129 Quaen
866 3069 960 3123 deinde
976 3086 1005 3124 ee
1017 3070 1164 3139 prudenter
1180 3071 1209 3123 ἐπ
1227 3072 1451 3140 repetierimus

225 3143 327 3212 pessit!
354 3146 401 3200 lX.
420 3139 447 3200 2.
469 3140 480 3192 1
503 3140 587 3202 Qum
602 3156 686 3208 petuo
705 3139 847 3194 crudeliter
867 3158 897 3194 se
914 3143 943 3194 ia
959 3139 998 3194 M
1017 3141 1109 3195 Mario
1122 3149 1249 3210 praetere
1266 3145 1365 3210 castil!
1391 3145 1448 3202 llll.

228 3212 255 3276 2.
274 3217 326 3268 est
345 3209 371 3274 3,
390 3214 419 3265 is
435 3211 586 3266 Xenocrate
605 3211 734 3281 discipule
752 3229 799 3266 suo
817 3219 871 3266 tam
888 3218 1038 3266 mutantes·
1055 3211 1205 3266 mderatue
1219 3215 1287 3282 suit.
1326 3218 1363 3274 V.
1385 3214 1413 3272 l.
1431 3211 1449 3266 3

229 3285 258 3336 is
276 3301 326 3354 quo
343 3284 449 3339 sceleste
467 3299 590 3338 ecercem
608 3299 691 3336 omo.
719 3286 750 3344 V,
766 3283 789 3343 i.
810 3291 863 3339 ext.
876 3282 894 3338 3
905 3291 936 3339 st
951 3284 1035 3353 officis¹
1051 3290 1196 3352 respectas·
1214 3285 1242 3336 ia
1254 3285 1290 3337 e's's
1301 3283 1449 3352 deponeret.

230 3358 334 3418 Quibus
352 3359 422 3408 addo
441 3358 460 3416 l,
481 3354 505 3414 7,
526 3359 578 3409 ert.
597 3351 615 3406 3
633 3353 724 3422 Lotape
741 3355 917 3424 indulpeatias
934 3356 975 3408 dii
991 3356 1020 3406 iu
1031 3361 1114 3424 poeta
1130 3355 1272 3411 Simonide.
1371 3395 1375 3400 -

304 3427 346 3480 ii.
364 3427 442 3481 asise
459 3426 605 3480 testimonio
623 3425 735 3494 aliquem
753 3427 873 3489 caedere)
891 3430 1036 3493 Pei-peram
1044 3429 1184 3489 hucusque
1198 3429 1328 3479 edebatur
1338 3425 1449 3494 &quens

229 3497 346 3552 cresim.
381 3501 410 3552 in
430 3517 483 3566 qua
502 3500 643 3563 scriptura,
662 3501 803 3564 praetcrea
822 3501 892 3564 quod
914 3499 1069 3568 languidum
1093 3502 1122 3550 et
1136 3500 1333 3550 incommodum
1350 3503 1395 3550 est
1410 3500 1449 3548 in·

229 3572 363 3623 delinitum
382 3585 529 3638 pronomen
548 3569 673 3636 aliquem.
700 3571 834 3620 sententia
852 3573 880 3620 et
901 3585 961 3620 cum
979 3570 1217 3634 praecedentibus.
1240 3567 1280 3619 ito
1301 3566 1356 3620 siti
1376 3566 1452 3620 credi

230 3648 360 3710 oportere.
384 3645 455 3694 male
473 3643 601 3692 cohaeret
620 3649 647 3690 et
664 3655 723 3689 cum
743 3641 925 3704 sequentibus.
973 3645 1122 3702 Quamnam
1143 3641 1212 3691 enim
1230 3641 1311 3692 iidem
1328 3641 1452 3709 religioni

231 3727 299 3766 suae
318 3715 467 3765 reddidisse
486 3713 538 3761 dici
555 3714 650 3775 posset
668 3709 816 3768 Scaeuola,
835 3712 860 3760 sl
883 3712 989 3760 omuino
1008 3713 1086 3761 unius
1108 3711 1260 3762 testimonio
1284 3715 1363 3778 atque
1382 3713 1451 3764 adeo

231 3799 282 3836 suo
300 3799 407 3848 quoquc
426 3783 586 3834 credendum
606 3795 669 3832 esse
688 3781 838 3848 negasset‘l
866 3783 943 3842 Quod
965 3783 1011 3832 illc
1032 3796 1136 3850 negare
1159 3797 1210 3833 nec
1232 3784 1314 3834 uoluit
1336 3798 1387 3834 neo
1403 3799 1450 3847 po·

231 3855 289 3906 tuit.
325 3855 408 3906 Recte
426 3867 491 3904 uero
510 3855 589 3904 unius
606 3853 786 3903 testimonium
798 3867 851 3902 uon
863 3853 988 3904 sufficere
1006 3856 1041 3904 ad
1054 3854 1250 3907 damnationem
1262 3857 1450 3908 contendisset

228 3924 315 3990 Atque
333 3927 404 3976 hanc
429 3926 535 3990 quidem
559 3925 718 3975 sententiam
735 3923 846 3988 Lipsius
869 3927 988 3976 ueterem
1006 3926 1124 3976 codicem
1142 3928 1264 3984 secutus,
1288 3928 1316 3978 in
1333 3943 1400 3989 quo,
1423 3929 1452 3978 ut

227 3997 256 4046 ia
274 3997 380 4060 optimis
398 3995 498 4046 nostris
518 3999 576 4045 erat
597 3993 708 4061 aliqum
732 3991 839 4050 cedere.
866 3996 957 4046 effecit
981 3998 1122 4047 scribendo
1145 3993 1263 4050 caedere.
1308 3999 1350 4049 lta
1371 3999 1450 4049 caedi

229 4068 350 4118 dicuntur
368 4068 411 4133 qui
430 4065 484 4116 aiiii
507 4069 584 4117 untur
595 4067 709 4117 testibus
728 4083 745 4116 s
758 4068 810 4119 Cic.
829 4069 863 4116 ad
883 4070 914 4127 Q.
933 4069 965 4120 ir.
978 4068 1024 4126 ill,
1042 4063 1068 4126 3,
1087 4062 1113 4125 3,
1132 4082 1182 4135 qao
1196 4066 1339 4135 qsidesse‘a
1350 4066 1451 4121 isdics'e

228 4165 264 4178 -
286 4136 397 4190 susim
421 4135 481 4192 terti
552 4135 680 4190 caeditur.
732 4139 789 4188 iloe
817 4138 876 4188 loco
905 4139 999 4190 lenius
1027 4140 1109 4190 etiam
1137 4141 1320 4205 accipiendum
1350 4143 1393 4192 est
1416 4142 1451 4192 de

228 4211 388 4262 damnando.
424 4210 578 4260 Perizonius
596 4225 649 4260 non
667 4209 746 4268 male,
766 4211 814 4260 sed
824 4211 912 4260 minus
930 4211 1106 4274 probabiliter
1125 4213 1238 4263 coniecit
1255 4209 1362 4266 cedere.
1384 4225 1451 4261 uoce
1543 4253 1547 4260 .

227 4283 255 4332 in
272 4280 375 4330 iudiciis
394 4295 462 4332 sane
480 4281 709 4343 frequentissima.
739 4296 799 4332 curn
822 4283 893 4333 male
910 4282 1000 4346 ipsum
1029 4283 1095 4332 illud
1118 4279 1210 4334 eedm
1234 4285 1373 4335 terendum
1394 4281 1451 4344 opi·

227 4355 353 4404 narentur
371 4352 520 4404 Greuouius
538 4355 582 4404 est
600 4352 732 4406 Veratius.
1007 4401 1012 4407 ,

300 4417 342 4476 lt.
360 4420 414 4475 Sed
425 4437 482 4474 east
499 4429 605 4491 mapsa)
621 4425 704 4475 Liber
715 4425 862 4476 Beruensis
873 4427 900 4476 in
913 4426 1087 4489 sequentibus
1099 4442 1118 4478 a
1129 4426 1239 4488 reliquis
1249 4425 1385 4475 codicibus
1394 4439 1450 4474 ma·

226 4495 370 4560 suscriptis
389 4496 470 4564 longe
489 4497 610 4554 discedit,
629 4497 667 4545 its
683 4498 774 4548 umen
787 4498 815 4547 ut
827 4501 959 4561 appareat
977 4498 1072 4550 borum
1084 4499 1244 4562 scripturam
1256 4511 1290 4548 ex
1304 4496 1450 4560 antiquiore

226 4567 274 4618 ills
284 4569 370 4618 ortam
389 4581 462 4624 esse.
482 4569 593 4618 consilio
607 4568 701 4618 deletis
714 4567 783 4627 aliis,
803 4569 865 4618 aliis
877 4570 970 4620 neseio
982 4585 1033 4634 quo
1044 4583 1111 4622 eun
1122 4569 1242 4620 omunia.
1279 4567 1450 4633 Archetypus

227 4639 298 4690 enim
315 4640 395 4689 huius
414 4638 532 4690 familiae
550 4640 636 4690 codex
654 4639 723 4690 haee
741 4639 780 4690 its
798 4640 984 4700 constituerat,
1002 4637 1056 4692 Sed
1073 4655 1131 4690 esst
1142 4653 1239 4704 asam
1255 4641 1280 4690 et
1295 4636 1377 4690 melta
1393 4637 1451 4691 dre·

225 4708 296 4762 atter
314 4706 427 4762 &cende
443 4707 498 4762 eiat
514 4708 637 4762 claritate
655 4707 837 4762 muralibus
855 4708 966 4778 infinitis
982 4710 1105 4778 pm
1125 4707 1253 4778 absque
1276 4707 1451 4779 drauum

226 4785 363 4849 suamque
375 4787 517 4850 praesum
523 4778 661 4850 prepositi
675 4795 772 4849 queque
783 4781 870 4834 matri
879 4781 951 4836 ratio
963 4787 1014 4838 ete.
1050 4783 1109 4834 hm
1119 4795 1184 4834 uero
1195 4784 1283 4836 codex
1293 4783 1448 4848 nemausis.
