3409 5400
303 511 371 580 888
713 507 775 576 ms
797 505 1117 576 caventium.

269 676 274 683 ’
302 669 410 756 puris
430 677 602 744 teneretur,
625 671 734 734 tirnuri
754 669 938 735 remedium
960 669 1085 735 scelere
1106 669 1239 756 petiuit,
1269 689 1424 758 quoque
1459 669 1557 732 tutius

301 774 399 862 plebe
420 775 582 842 trucidata
606 786 777 864 regnaret,
803 778 959 865 irequem
986 778 1153 842 iuuentute
1182 779 1420 864 gymnasium
1459 777 1558 841 armis

302 894 337 945 et
362 883 434 970 igni
461 883 675 950 circumdedit
700 905 899 971 omnesque,
927 885 983 970 qui
1009 885 1045 948 in
1072 905 1113 949 eo
1139 896 1250 960 erant,
1283 884 1430 970 partim
1463 883 1559 948 ferro

302 991 421 1076 partim
444 989 577 1056 flamma
597 991 740 1057 nccauit

261 1092 294 1160 b.
392 1093 506 1162 Ochus
529 1109 650 1171 autem,
671 1098 728 1184 qui
749 1107 868 1182 postea
881 1094 1003 1164 Darius
1024 1096 1206 1184 appellatus
1229 1108 1291 1173 est,
1318 1096 1580 1164 sanctissimo}

303 1201 418 1268 Persis
447 1202 659 1269 iureiurando
687 1204 862 1268 obstrictus
891 1225 934 1269 ne
964 1225 1061 1291 quem
1092 1227 1131 1268 ex
1165 1205 1431 1280 coniuratione,
1475 1223 1561 1292 quse

302 1320 430 1396 septem
452 1307 575 1397 Magos
603 1331 677 1376 cum
705 1331 747 1376 eo
776 1323 1002 1398 oppresserat,
1032 1321 1088 1376 aut
1114 1331 1241 1374 ueneno
1271 1323 1329 1375 ant
1358 1313 1476 1376 ferro
1511 1326 1563 1374 aut

302 1415 371 1484 ulla
391 1417 428 1482 ui
450 1428 505 1483 aut
526 1417 641 1503 inopia
662 1417 890 1484 alimentorum
912 1429 1060 1491 necaret,
1091 1407 1305 1481 crudeliorem
1338 1418 1484 1482 mortis
1510 1437 1562 1478 ra·

302 1525 424 1590 tionem
453 1526 667 1613 excogitarat,
698 1547 765 1612 qua
791 1531 812 1602 †
838 1521 1002 1589 honustus
1029 1523 1092 1588 sibi
1120 1544 1186 1588 nun
1214 1535 1369 1609 perrupto
1407 1519 1562 1588 uinculo

301 1629 474 1719 religionis
498 1630 632 1696 tolleret
683 1631 822 1717 Septum
850 1631 939 1696 enim
967 1630 1040 1696 altis
1068 1628 1247 1718 parietibus
1275 1627 1393 1694 locum
1434 1631 1590 1694 cinerea

302 1735 468 1821 conpleuit
482 1739 756 1824 superpositoque
771 1739 864 1825 tigno
880 1738 1084 1823 prominente
1099 1737 1241 1824 benigne
1256 1735 1331 1802 cibo
1348 1747 1382 1798 et
1401 1737 1559 1823 potione

301 1855 457 1926 exceptos
478 1843 515 1907 in
537 1863 578 1906 eo
601 1842 806 1919 conlocabat,
828 1865 847 1906 e
872 1865 936 1932 quo
960 1865 1078 1911 sumno
1102 1845 1200 1932 sopiti
1219 1845 1254 1909 in
1273 1843 1366 1908 illam
1390 1840 1558 1908 insidio-

302 1967 376 2012 sam
398 1949 589 2034 congeriem
610 1948 817 2016 decidebant.

263 2049 293 2116 7.
391 2056 544 2144 Apertior
565 2066 599 2121 et
619 2059 752 2124 taetrior
767 2057 900 2124 alterius
921 2057 1006 2124 Ochi
1028 2059 1224 2148 cognomine
1240 2059 1441 2124 Artaxerxis
1472 2077 1551 2122 cru·
1602 2069 1604 2132 ι

303 2163 437 2242 delitas,
470 2165 526 2254 qui
553 2172 573 2241 i
602 2164 754 2232 Otiosam
781 2187 931 2232 sororem
959 2176 1056 2254 atque
1084 2163 1222 2232 eandem
1250 2186 1383 2232 sucrum
1417 2165 1604 2270 uiuamsp

303 2323 331 2383 r.
348 2331 412 2399 tgna
429 2322 491 2382 aa
503 2322 554 2394 ιιι.
574 2342 593 2378 ι
609 2327 701 2378 rena
719 2322 746 2379 r
764 2321 840 2377 ιιι.
858 2323 925 2380 eu.
943 2341 983 2395 ῳ.
1002 2323 1086 2380 ιιι.
1108 2323 1145 2386 v,
1170 2321 1230 2380 ιιι
1246 2325 1260 2395 l
1278 2322 1304 2378 e.
1322 2325 1349 2376 n
1362 2345 1378 2376 ι
1391 2328 1448 2376 ιιι
1468 2321 1532 2388 ιι
1600 2277 1604 2354 l

303 2397 329 2453 0.
348 2417 419 2468 quse
435 2397 496 2453 ΕΓ
511 2403 538 2450 ιι
549 2412 596 2466 pr.
613 2396 647 2452 A.
661 2395 676 2464 ΙΙ
692 2397 835 2464 huuustnsl
855 2399 906 2450 hos
924 2401 1029 2451 iunctus
1050 2395 1107 2451 cit
1131 2401 1243 2450 οιιιιιοι
1261 2395 1298 2451 D.
1321 2398 1374 2447 bos
1392 2397 1540 2450 honustus
1602 2383 1604 2438 l

305 2469 336 2526 F.
359 2474 473 2524 infestos
491 2466 523 2524 Γ.
547 2483 677 2521 onerosos
698 2465 775 2521 Turr.
793 2467 806 2537 ll
825 2472 968 2534 praerupte
992 2469 1028 2522 Ε.
1045 2469 1059 2536 ΙΙ
1075 2470 1211 2538 religionis
1231 2468 1334 2520 uinculo
1356 2463 1441 2521 Terr.
1459 2465 1476 2534 ll
1498 2462 1536 2516 ll.
1602 2477 1604 2487 ¹

302 2545 497 2608 suppositoque
520 2538 632 2594 ETurr.
648 2538 662 2606 ΙΙ
678 2541 796 2608 benigue
822 2537 847 2591 li
870 2545 896 2593 et
918 2553 988 2593 eurr.
1004 2537 1043 2594 D.
1060 2538 1073 2608 ΙΙ
1090 2537 1132 2592 it.
1157 2539 1216 2604 §.i
1242 2553 1291 2593 uas.
1309 2535 1341 2592 Γ.
1361 2537 1374 2603 ΙΙ
1388 2533 1534 2602 Apertior]

304 2614 391 2664 acrior
408 2611 463 2679 lili
475 2611 554 2678 Ochi]
574 2613 628 2662 diui
644 2608 677 2664 F.
691 2609 706 2676 ΙΙ
723 2627 756 2662 ce
795 2611 892 2662 eminis
913 2625 984 2665 corr.
1001 2609 1034 2665 A.
1051 2609 1065 2680 ΙΙ
1080 2611 1227 2662 artaxersis
1244 2608 1270 2663 F
1287 2614 1314 2662 et
1324 2623 1370 2678 pr.
1388 2607 1424 2662 Δ.
1445 2611 1534 2662 aria*

301 2685 393 2736 xersis
410 2697 480 2738 corr.
503 2679 536 2738 Α.
560 2682 723 2735 muretus
744 2625 805 2753 anll
825 2678 867 2737 15.
886 2683 968 2737 utiam
986 2695 1056 2738 eurr.
1073 2680 1106 2736 Δ.
1129 2683 1247 2735 eduum
1267 2679 1330 2735 ΟΕ.
1352 2681 1480 2733 occisam
1502 2671 1531 2731 F·

303 2756 400 2809 ocham
416 2753 531 2808 DTorr.
542 2752 557 2823 ΙΙ
567 2754 688 2806 eiusdem
704 2750 738 2808 F.

373 2891 400 2948 ti.
420 2897 459 2949 ci.
477 2896 554 2947 Ouid.
571 2894 611 2945 ib.
628 2889 691 2948 dli.

375 2963 463 3019 Oetes
479 2970 573 3024 autem,
590 2964 637 3032 qvi
649 2964 869 3033 postequ'sa)
885 2969 1006 3021 Pueriles
1016 2970 1108 3021 ιιιιιοι·
1120 2982 1226 3021 errores
1238 2968 1264 3019 in
1276 2981 1355 3019 unum
1369 2966 1423 3018 bue
1436 2980 1526 3019 exem·

302 3035 377 3099 plum
395 3037 549 3105 congessit,
571 3052 631 3087 cum
653 3038 766 3095 Danas,
789 3039 939 3105 Hystaspis
962 3041 1046 3101 iilius,
1073 3054 1150 3106 quem
1173 3040 1241 3090 satis
1266 3042 1358 3103 aperte
1378 3038 1526 3092 denouuit

302 3120 390 3168 neque
408 3122 534 3174 umquam
552 3109 711 3175 cognomine
729 3109 821 3160 Ochus
839 3112 876 3161 sit
893 3112 1043 3177 appellatus
1067 3126 1153 3177 neque
1176 3111 1298 3176 cuiquam
1320 3110 1392 3159 tales
1410 3110 1524 3159 iusidias

303 3179 437 3235 struxerit,
455 3180 551 3242 quales
570 3179 603 3229 de
622 3180 706 3229 alteru
724 3179 806 3231 Dario
824 3181 926 3241 Nutha,
953 3184 994 3231 cui
1019 3196 1086 3232 sane
1109 3184 1171 3232 ante
1189 3182 1264 3232 Ocho
1286 3194 1439 3248 cognomen
1458 3182 1523 3231 erat.

302 3247 385 3299 reiert
402 3251 515 3301 Ouidius
533 3251 551 3301 i.
570 3265 593 3302 c.
633 3250 736 3301 Deinde
759 3252 793 3301 de
812 3254 917 3317 sepiem
934 3255 1024 3321 magis
1041 3253 1168 3316 loquitur,
1193 3266 1252 3302 cum
1271 3252 1315 3301 alii
1334 3252 1403 3301 duos
1419 3254 1523 3300 tantum

301 3322 424 3372 uouennt
440 3322 499 3372 sius
518 3320 678 3372 condicionis
696 3322 827 3374 homines.
864 3324 933 3373 Nam
952 3325 1021 3390 quod
1039 3324 1127 3376 Arum.
1139 3324 1222 3374 Marc.
1238 3321 1337 3377 xxiii.
1353 3317 1391 3371 iz
1409 3324 1438 3371 et
1451 3321 1522 3371 vinc

302 3391 369 3445 itsil.
388 3406 430 3457 sp.
448 3394 531 3446 doctr.
550 3392 595 3452 lii,
607 3388 640 3443 tt
661 3395 689 3441 ct
705 3388 742 3444 28
759 3394 823 3444 item
834 3396 940 3459 sepiem
953 3408 1050 3463 magos
1063 3394 1279 3452 commemorant,
1297 3392 1390 3442 nescio
1407 3406 1446 3441 an
1466 3393 1522 3455 ipso

302 3461 354 3513 buc
373 3463 471 3515 Valerii
490 3464 548 3515 locu
567 3464 670 3527 decepti
688 3464 751 3515 siut.
791 3464 926 3516 Valerium
945 3468 1035 3516 autem
1053 3465 1174 3532 equidem
1192 3464 1280 3527 potius
1306 3464 1412 3526 sepiem
1429 3466 1523 3513 contra

302 3546 401 3601 magus
418 3536 615 3585 coniuratorum
633 3548 770 3585 numerum
788 3550 848 3586 cum
861 3536 964 3587 llluruur
979 3550 1088 3587 numero
1101 3535 1255 3587 confudisse
1268 3532 1422 3585 crediderim
1444 3546 1523 3598 qnam
1603 3593 1604 3605 ἵ

302 3610 412 3669 propter
423 3608 527 3670 septem
540 3618 659 3664 menses,
678 3605 773 3670 quibus
786 3610 935 3675 regnarunt
946 3609 1059 3659 eundem
1071 3607 1188 3672 ipsorum
1201 3605 1368 3673 regnantium
1382 3618 1524 3655 numerum
1603 3654 1604 3666 ἢ

302 3678 440 3737 statuisse,
457 3691 528 3743 quae
540 3677 672 3728 Perizouii
689 3677 732 3726 est
749 3678 910 3731 coniectura.
945 3678 1002 3729 lam
1022 3692 1086 3730 uero
1105 3678 1147 3727 hic
1166 3677 1279 3740 scriptur
1290 3690 1434 3741 numquam
1455 3677 1524 3725 adeo

301 3746 481 3797 hallucinatus
500 3749 555 3805 esi,
580 3748 642 3813 quin
665 3748 780 3813 aliquem
804 3750 1005 3801 nancisceretur
1028 3763 1158 3817 nugarum
1184 3747 1361 3798 defensorem.
1406 3746 1450 3796 lta
1475 3748 1525 3797 hoe

303 3816 362 3867 lucu
379 3818 447 3869 mire
469 3832 537 3869 sane
554 3819 675 3883 Kapplus
697 3833 835 3871 numerum
852 3824 950 3887 reptent
967 3834 1020 3870 non
1043 3822 1077 3869 sd
1099 3830 1197 3887 magus
1215 3818 1310 3875 reteri,
1334 3816 1383 3868 sed
1403 3817 1436 3865 ad
1458 3828 1525 3883 qaas

303 3890 330 3935 et
347 3889 508 3941 senientiam
525 3892 634 3940 οιιιιιιι
651 3888 704 3939 ‘dle
722 3904 756 3938 zu
768 3891 881 3951 siebent,
900 3904 980 3943 weun
999 3906 1060 3941 man
1073 3892 1125 3941 den
1140 3890 1237 3940 Darius
1250 3888 1337 3939 selbsi
1355 3888 1525 3944 mitrechnet,

302 3956 361 4005 sleh
378 3960 569 4012 versuhweren
586 3958 697 4011 haiten'.
732 3960 849 4013 Aliorum
863 3962 1096 4030 grammaticorum
1112 3960 1280 4017 coniecturis,
1298 3959 1342 4024 qui
1359 3962 1458 4025 septas
1479 3962 1526 4007 sut

302 4027 410 4078 omuino
428 4030 570 4080 delendum
582 4031 629 4079 aut
639 4033 865 4095 transponendum
885 4034 947 4082 ante
959 4046 1026 4099 qaue
1044 4032 1235 4088 existimarunt,
1254 4032 1283 4079 nt
1295 4030 1396 4080 millam
1410 4028 1524 4095 reliqua,

302 4097 407 4149 Paridis
425 4101 452 4151 in
470 4102 562 4165 primis
581 4102 726 4151 auctoritas
744 4105 845 4163 obstat,
867 4116 920 4167 qua
937 4117 1008 4165 quse
1025 4118 1077 4155 nos
1095 4116 1178 4167 supra
1196 4101 1364 4152 exhibuimus
1382 4101 1526 4167 insiguiter

302 4170 498 4223 mnflmmtnr.

372 4256 425 4310 psa
441 4242 462 4310 †
479 4238 602 4293 domitu
618 4240 684 4310 tibi)
710 4245 862 4297 Permultaa
886 4247 948 4295 sunt
970 4246 1137 4297 librariorum
1160 4244 1187 4295 el
1205 4242 1440 4312 grammaticorum
1458 4256 1523 4292 cun·

303 4314 429 4372 iacturae,
448 4314 543 4379 quibus
556 4315 697 4380 archetypi
708 4317 807 4366 codicis
820 4317 996 4379 corruptelam
1016 4318 1161 4369 emendare
1179 4316 1343 4367 studuerunt.
1380 4310 1522 4371 oseem,

302 4386 374 4449 quod
391 4401 410 4436 a
427 4384 523 4452 Pighie
542 4387 640 4435 editum
658 4388 709 4445 est,
727 4387 821 4436 merito
841 4386 1024 4450 improbarunt
1040 4388 1194 4439 Perizouius
1212 4388 1238 4435 et
1253 4386 1405 4440 Turranius,
1426 4386 1458 4433 de
1478 4385 1519 4443 iia,

302 4457 393 4523 quiin
409 4460 482 4507 metu
499 4456 667 4519 potissimum
685 4458 883 4520 reponebantur
901 4474 919 4507 a
936 4458 1030 4520 Dario,
1054 4458 1205 4528 languidius
1223 4456 1330 4506 dictum.
1367 4454 1419 4504 Alii
1436 4456 1517 4517 temp
1603 4438 1604 4464 ¹

301 4530 391 4577 imunt
408 4522 524 4580 edicam,
543 4525 663 4588 insertos.
681 4525 790 4581 uum.
808 4524 858 4578 tos
874 4526 991 4585 iunctos.
1011 4532 1101 4581 omnis
1119 4532 1165 4579 aut
1183 4544 1200 4579 a
1218 4526 1350 4578 sententia
1367 4528 1413 4575 unt
1431 4539 1450 4575 a
1465 4528 1517 4573 tra·

302 4597 365 4647 ditis
381 4598 478 4649 litteris
494 4599 574 4649 nimis
592 4598 682 4649 aliena
700 4612 779 4664 qnam
796 4612 868 4661 quae
892 4602 975 4667 recipi
996 4601 1154 4673 potuissent.
1194 4599 1261 4649 Vide
1277 4596 1358 4664 igitur
1375 4610 1410 4646 an
1428 4596 1516 4663 magia
1603 4624 1604 4658 1

300 4667 409 4728 puceu
420 4666 474 4719 rios
491 4673 630 4733 supsem
646 4670 693 4719 aut
708 4666 828 4722 tumlaes
845 4676 992 4736 suspectus.
1603 4705 1604 4725 ι

373 4736 398 4791 l.
417 4740 434 4802 τ
453 4734 571 4790 otiosas
587 4739 715 4807 ιοιοιειι)
742 4740 893 4795 nolendum
915 4744 959 4795 ast
980 4742 1104 4797 Paridem
1128 4742 1266 4797 ιιιιοιιιιιι
1290 4738 1390 4792 aurens
1409 4747 1516 4801 umen,
