3409 5400
580 506 664 575 LIB.
684 506 712 586 i,
735 508 773 573 O.
798 508 828 583 1,
851 516 881 586 s.
908 508 1063 576 11-13.
1372 510 1436 577 11³

289 668 417 757 Magna
427 668 678 735 conseruandae
688 668 859 756 religionis
872 668 969 732 etiam
982 666 1020 731 P.
1030 666 1192 743 Cornelio,
1203 664 1329 735 Baebio
1338 669 1435 737 Tam·
1447 668 1499 737 12.

207 773 301 859 philo
326 777 516 843 consulibus
533 776 621 862 apud
636 777 779 841 maiores
802 786 934 843 nostros
958 784 1033 838 acta
1056 796 1135 838 cura
1158 786 1218 839 est.
1265 777 1435 864 Siquidem

207 886 243 951 in
267 906 352 973 agro
375 884 413 950 L.
443 882 537 948 Petili
565 881 692 947 scribae
721 882 783 947 sub
810 880 957 947 laniculo
986 880 1163 945 cultoribus
1193 894 1312 948 terram
1340 884 1435 952 altius

208 991 438 1065 amantibus,
470 989 597 1054 duabus
626 989 713 1054 arcis
740 988 880 1074 lapideis
908 990 1061 1073 repertis,
1098 1010 1236 1075 quarum
1269 992 1304 1054 in
1335 990 1437 1057 altera

184 1098 377 1182 ascriptura
396 1096 563 1161 indicabat
584 1116 705 1180 corpus
728 1095 857 1161 Numae
881 1094 1023 1181 Pompili
1044 1097 1159 1169 fuisse,
1182 1097 1217 1160 in
1240 1094 1343 1161 altera
1364 1097 1438 1163 libri

206 1204 371 1271 reconditi
404 1214 497 1267 erant
528 1200 638 1266 Latini
671 1215 799 1289 septem
832 1202 874 1267 da
908 1205 978 1267 iure
1013 1203 1202 1289 pontificum
1238 1204 1436 1291 totidemque

209 1312 332 1401 Graeci
355 1310 396 1375 de
426 1308 600 1393 disciplina
629 1310 828 1394 sapientiae,
857 1309 993 1374 Latinos
1023 1331 1149 1397 magna
1179 1310 1350 1399 diligentia
1378 1311 1436 1377 ad·

208 1416 398 1483 seruandus
410 1429 617 1490 curauerunt,
635 1416 793 1489 Graecae,
817 1417 896 1501 quia
907 1416 1019 1503 aliqua
1030 1430 1173 1502 exparte
1186 1415 1229 1481 ad
1242 1417 1438 1484 soluendam

207 1524 406 1613 religionem
427 1524 589 1609 pertinere
612 1522 890 1597 eximebantur,
915 1522 955 1604 Q.
978 1522 1113 1587 Petilius
1138 1536 1268 1608 praetor
1289 1525 1436 1590 urbanus

174 1654 251 1699 nex
279 1633 471 1697 auctoritate
500 1639 634 1694 senatus
662 1650 721 1713 per
748 1629 949 1693 uictimarios
980 1629 1067 1693 facto
1095 1630 1165 1716 igni
1195 1630 1229 1693 in
1258 1642 1438 1715 conspectu

208 1739 325 1826 popuii
348 1738 515 1803 cremauit.
560 1733 742 1799 Noluerunt
766 1737 853 1800 enim
883 1736 984 1821 prisci
1016 1737 1079 1799 uiri
1107 1735 1287 1823 quidquam
1316 1740 1351 1803 in
1373 1737 1437 1802 hae

209 1845 387 1913 adseruari
409 1845 549 1918 ciuitate,
572 1862 639 1929 quo
662 1842 762 1907 animi
783 1840 955 1907 hominum
983 1864 1005 1908 a
1035 1842 1172 1908 deorum
1202 1843 1288 1909 cultu
1314 1866 1436 1911 auoca-

207 1965 333 2039 rentur.
370 1928 378 1945 '
822 2014 826 2019 .

301 2058 501 2146 Tarquinius
523 2069 634 2122 autem
654 2077 713 2121 rex
734 2054 781 2120 M.
804 2055 938 2121 Atilium
962 2055 1180 2131 duumuirum,
1208 2044 1297 2145 quod
1318 2054 1499 2125 librumld.

174 2186 201 2232 a
210 2180 343 2235 secreta
352 2166 497 2231 ciuilium
511 2184 682 2229 sacrorum
693 2164 923 2239 continentem,
936 2163 1106 2255 custodiae
1123 2184 1204 2228 suaa
1222 2167 1436 2242 conmissum,

211 2286 387 2360 corruptus
404 2271 557 2336 Petronio
572 2269 698 2335 Sabino
722 2269 974 2334 describendum
986 2270 1141 2343 dedisset,
1165 2269 1268 2334 culleo
1292 2271 1437 2338 insutum

210 2386 247 2449 in
268 2404 363 2449 mare
387 2380 472 2445 abici
493 2378 600 2452 iussit,
623 2376 721 2464 idque
745 2375 896 2461 supplicii
914 2398 1020 2463 genus
1044 2377 1144 2441 multo
1168 2388 1244 2461 post
1264 2378 1436 2464 parricidis

214 2612 240 2668 1.
249 2616 334 2668 etiam
342 2628 392 2665 on·
400 2605 437 2665 E.
447 2608 461 2679 11
473 2612 500 2662 et
509 2610 610 2661 Baebio
622 2606 699 2661 Torr.
711 2606 725 2677 ΙΙ
735 2603 760 2659 2
770 2608 907 2675 pamphilo
916 2602 978 2661 AB.
991 2608 1137 2678 pamphylo
1150 2604 1179 2661 0.
1188 2608 1334 2673 pamphilio
1342 2606 1372 2662 D
1381 2608 1437 2673 (scd

213 2688 241 2740 io
258 2685 290 2738 ia
306 2690 414 2745 rasura)
431 2680 468 2744 Ε,
482 2678 548 2752 Nep.
569 2678 584 2748 ΙΙ
606 2675 633 2732 3.
649 2681 678 2732 in
763 2679 774 2747 ]
793 2696 890 2749 magro
909 2694 955 2748 pr.
968 2676 1001 2732 li.
1012 2678 1026 2748 ΙΙ
1042 2680 1125 2744 potuit
1137 2694 1183 2748 pr.
1195 2676 1229 2732 Β.
1240 2676 1254 2748 Η
1266 2680 1356 2749 attius]
1378 2688 1437 2736 ante

212 2763 316 2810 terram
333 2755 371 2808 Ε.
391 2757 475 2805 artius
496 2752 525 2806 C.
536 2751 550 2820 ΙΙ
560 2749 586 2804 4.
606 2696 773 2804 αηὴίεαςῖ)
779 2749 814 2802 Ε.
826 2749 839 2817 ΙΙ
851 2753 878 2804 in
895 2766 945 2802 om.
957 2749 992 2803 Ε.
1004 2749 1018 2820 ΙΙ
1029 2747 1054 2802 5.
1068 2751 1190 2817 Pompili]
1211 2749 1273 2802 add.
1293 2754 1437 2820 Pomponis

213 2829 262 2881 iiiii
281 2825 360 2878 Torr.
378 2824 392 2893 ΙΙ
409 2826 485 2876 eraut
509 2822 636 2875 reconditi
658 2823 718 2872 libri
735 2818 771 2873 Ε.
789 2819 846 2890 118.
866 2825 984 2874 Graecos
1003 2822 1075 2888 quin]
1095 2835 1251 2902 'pecusque
1274 2820 1307 2874 B.
1338 2840 1437 2947 procos

213 2904 307 2950 autem
324 2899 388 2964 quia
404 2909 474 2946 corr.
489 2892 526 2946 D.
546 2893 647 2945 ineerta
660 2889 756 2976 pal).
767 2890 781 2959 ΙΙ
793 2908 828 2944 ex
845 2894 943 2974 aliqpa‚
962 2889 1020 2953 (red
1037 2909 1071 2944 ex
1089 2908 1117 2944 ra
1135 2901 1243 2956 rasura)
1259 2891 1317 2964 1).Ι
1357 2931 1364 2946 .
1384 2908 1436 2963 φ·

212 2970 327 3022 '‘³¹¹¹'‘
344 2961 881 3105 “ttt'itlitdttiilttd·
899 2967 1051 3085 'titii
1047 2961 1206 3103 afil'lii
1207 2963 1262 3088 ‘12²³
1264 2965 1437 3090 iiiiii

213 3037 434 3176 erma-m.
448 3071 552 3157 tuiiiuul
567 3101 828 3172 militinam
843 3100 883 3156 15.
890 3051 1065 3157 ἓθοιὲῒαῆιιω
1079 3104 1112 3157 Α.
1124 3107 1138 3175 Η
1152 3104 1192 3160 ld·
1211 3073 1436 3174 colrrrpturuAD.

224 3181 240 3252 ΙΙ
250 3182 373 3234 dedisset
390 3177 560 3230 scribendum
577 3174 612 3229 E.
624 3176 638 3245 ΙΙ
652 3174 691 3228 11.
709 3167 845 3241 patricidis
862 3175 898 3228 E.

214 3395 327 3448 midos
338 3393 398 3445 val.
410 3396 524 3460 propter
541 3387 659 3442 (tisiam
675 3389 869 3442 metatam
885 3387 1035 3444 aicvicim
1053 3405 1118 3442 am.
1131 3405 1192 3460 per.
1203 3405 1235 3442 uc
1246 3391 1333 3444 uictor
1344 3389 1434 3450 rediit,

215 3469 344 3532 reeteque
360 3465 489 3529 intellexit
505 3462 575 3520 Par..
595 3475 656 3512 cum
672 3462 803 3518 redderet.
822 3459 851 3512 ia
865 3459 1021 3530 Capitolium
1035 3459 1118 3512 rediit
1135 3459 1326 3514 admirantibus
1343 3463 1436 3515 Gaitir.

214 3535 385 3601 Praepositio
397 3537 463 3602 post
478 3535 572 3584 contra
587 3533 731 3582 molestam
754 3534 874 3583 efficeret
890 3533 1066 3602 tautologiam
1089 3533 1231 3583 uerborum
1253 3530 1371 3586 omnibus
1387 3532 1437 3586 rol·

214 3605 295 3660 taur
311 3619 383 3657 erare
395 3603 516 3672 paretis
533 3606 636 3670 etpost
653 3599 770 3653 dicium
787 3601 987 3654 amedaram.

290 3673 333 3728 12.
351 3677 391 3727 ei.
408 3677 468 3726 Liu.
485 3675 544 3725 111..
561 3669 606 3726 19.
641 3674 710 3724 Plut.
728 3673 806 3722 Num.
824 3669 869 3724 22.
905 3674 1017 3724 cassius
1029 3673 1143 3725 Hemina
1161 3689 1204 3738 ap.
1217 3674 1284 3726 Plin-
1302 3675 1374 3737 xm,
1395 3671 1436 3730 13.

213 3751 293 3801 Lect-
309 3749 372 3798 inst.
390 3749 443 3797 diu.
460 3747 482 3805 i,
500 3741 535 3796 22
552 3761 579 3808 p.
598 3741 650 3796 103
667 3744 792 3794 Duiresn.

286 3817 319 3872 P.
340 3815 470 3872 comio
488 3813 590 3867 Baebio
600 3811 736 3882 Tamphilo
753 3820 835 3876 coac.)
852 3815 934 3866 codd.
950 3813 1094 3884 Pamphilo,
1113 3818 1183 3882 quod
1195 3819 1346 3870 emendauit
1358 3819 1436 3890 rigi.

215 3907 231 3944 c
248 3891 386 3955 lapidibus
404 3888 568 3952 capitolina.
610 3888 649 3936 (li.
666 3888 776 3951 interpr.
794 3889 829 3936 nd
847 3887 906 3937 Liu.
925 3887 989 3946 XL,
1018 3883 1062 3946 18,
1086 3885 1113 3948 Ι,
1133 3889 1177 3938 ubi
1198 3889 1225 3940 in
1243 3891 1438 3944 Ascensinnam

216 3967 325 4014 demum
341 3960 449 4024 irrepsit
466 3958 630 4022 Pamphilus·
666 3959 769 4010 Eodem
785 3959 866 4009 modo
884 3959 911 4010 in
930 3960 1024 4009 eodem
1039 3960 1145 4010 nomine
1163 3963 1321 4012 aberrarant
1338 3963 1439 4016 librarii

215 4035 248 4095 11,
269 4039 295 4091 5,
316 4028 341 4083 1.
368 4031 434 4082 Plio.
452 4032 481 4082 h.
497 4045 525 4081 n.
543 4030 561 4078 1.
580 4043 603 4077 c.
639 4030 768 4094 Copuiarn
786 4034 819 4089 et,
839 4045 919 4095 quarn
929 4031 1097 4081 inseruerant
1115 4031 1230 4083 editores
1247 4033 1316 4084 iuter
1328 4036 1439 4087 duorum

215 4103 358 4156 romulum
373 4102 491 4158 nomina.
509 4097 689 4164 compluribus
707 4101 767 4150 allis
785 4101 852 4150 iocis
870 4102 950 4152 tacite
968 4101 1054 4152 omisi.

288 4171 391 4225 Nune
407 4168 533 4239 Pompili)
547 4171 641 4220 Deleri
659 4185 704 4222 uu.
716 4169 857 4238 Poapoaie
864 4169 930 4238 filit,
951 4187 1019 4238 quae
1033 4175 1179 4238 sequuntur
1195 4175 1222 4226 in
1240 4175 1357 4244 uulgatis
1377 4177 1437 4228 edd.

215 4259 315 4298 nomen
332 4244 454 4308 Pompili.
494 4242 673 4306 interpolatio,
690 4243 775 4306 petita
793 4256 809 4292 e
826 4243 904 4293 Liuio
923 4245 972 4293 sed
991 4244 1079 4294 aliena
1098 4247 1133 4294 ab
1151 4247 1273 4296 omnibus
1298 4261 1365 4311 quos
1384 4247 1438 4296 uidi

215 4317 276 4368 Vni.
286 4315 371 4372 libris,
388 4315 510 4378 proiecta
526 4317 571 4363 est
588 4313 624 4362 ab
636 4311 714 4371 dido.
733 4314 779 4380 qui
790 4314 910 4365 ediderat
922 4311 1024 4366 Numae
1034 4313 1173 4383 Pomponii
1180 4314 1247 4383 filii,
1266 4317 1335 4367 Liuii
1348 4317 1437 4368 uerbis

214 4387 420 4439 accommodata
436 4401 455 4434 a
471 4385 493 4434 Ρ
521 4385 575 4434 irio.

290 4453 331 4510 13-
350 4455 390 4506 cs·
408 4456 484 4506 Dion·
527 4457 564 4506 lla
581 4457 639 4514 ml.
657 4452 701 4508 ⁰2
1235 4487 1240 4514 ,-

287 4523 327 4580 ir.
351 4525 472 4590 Atilium)
493 4525 608 4600 Μάριον
627 4525 742 4582 Ἀκύλιον
764 4529 835 4579 huuc
866 4529 1031 4581 duumuirum
1055 4525 1345 4594 appellabamini.
1368 4528 1384 4577 1.
1404 4541 1436 4590 a,

213 4614 303 4668 neque
327 4601 404 4650 aliter
427 4601 563 4651 Valerium
586 4602 729 4666 scriperem
753 4601 919 4651 demonstrat
937 4601 1078 4666 Nepotiani
1101 4601 1260 4652 breuiatorls
1285 4599 1342 4646 eod.
1366 4597 1436 4660 Vei,

213 4673 314 4737 inquo
332 4673 403 4721 teate
420 4671 524 4721 Blumio
542 4671 639 4738 legitur
655 4669 786 4723 Matidiae.
821 4671 895 4737 (Par.
920 4674 1009 4723 omisit
1032 4673 1084 4722 hoc
1108 4669 1279 4735 exemplum.)
1315 4667 1438 4725 Erratum

214 4747 257 4795 eet
272 4742 358 4812 igitur
372 4742 403 4794 in
419 4743 478 4794 cod·
496 4742 644 4808 archetypo
662 4744 712 4796 scd
728 4757 783 4796 non
799 4744 827 4797 in
845 4744 1031 4810 antiquissimu
1049 4743 1173 4794 omnium.
1229 4767 1232 4772 ·

1202 4827 1223 4896 8
