3409 5400
239 530 243 537 -
314 479 380 550 528
465 478 525 549 Ds
546 472 808 546 MVTATIONE
830 474 1000 546 MORVM
1021 474 1114 575 AVT
1135 474 1393 547 FORTVNAE.

312 640 435 707 funesti
457 642 621 709 carnificis
643 641 798 707 manibus
826 640 1008 705 laceratum
1034 640 1069 705 in
1100 638 1199 705 scalis
1223 638 1401 705 Gemoniis
1436 639 1571 704 iacens

313 767 437 837 magno
462 768 536 813 cum
559 746 695 813 horrore
717 748 816 813 totius
838 746 904 812 fori
926 745 1069 811 Romani
1092 758 1304 832 conspectum
1328 758 1394 812 est.

251 850 304 919 14.
402 852 473 921 lam
497 854 532 921 (1.
555 853 682 919 Marius
705 854 850 919 maxima
873 854 1023 919 fortunae
1037 851 1169 917 luctatio
1193 864 1252 919 est
1299 851 1436 917 Omnes
1469 854 1563 916 enim

314 961 385 1027 eius
408 962 549 1048 impetus
573 983 640 1048 qua
662 960 809 1047 corporis
833 982 900 1047 qua
912 959 1015 1025 animi
1036 957 1155 1023 robore
1177 958 1356 1025 fortissime
1374 960 1560 1025 sustinuit

314 1066 528 1155 Arpinatibus
566 1066 746 1132 honoribus
785 1066 949 1132 iudicatus
987 1065 1124 1130 inferior
1162 1076 1377 1150 quaesturam
1413 1066 1580 1131 Romaer

313 1186 423 1261 petere
452 1193 554 1237 ausus
586 1184 645 1240 cst
702 1171 866 1239 Patientia
893 1171 1013 1238 deinde
1041 1172 1247 1259 repulsarum
1277 1174 1403 1259 inrupit
1435 1174 1558 1260 magis

312 1281 494 1344 incuriam
519 1299 617 1366 quam
639 1282 739 1347 uenit.
784 1278 822 1345 ln
845 1278 1026 1345 tribunatus
1056 1300 1187 1367 quoque
1215 1290 1248 1343 et
1275 1278 1468 1344 aedilitatis
1502 1300 1557 1363 pe·

312 1386 424 1449 titione
447 1386 652 1452 consimilem
682 1388 791 1474 campi
817 1398 929 1453 notam
958 1396 1110 1472 expertus
1139 1396 1312 1472 praeturae
1341 1384 1556 1451 candidatus

313 1512 468 1577 supremo
490 1494 526 1558 in
547 1492 620 1559 loco
644 1491 812 1571 adhaesit,
843 1514 941 1583 quem
973 1504 1083 1558 tumen
1111 1514 1180 1558 nun
1207 1494 1279 1558 sinc
1309 1486 1471 1579 periculo
1499 1493 1557 1557 ob-

313 1598 414 1666 tinuit
464 1599 616 1667 Ambitus
646 1602 733 1666 euim
762 1612 936 1668 accusatus
966 1600 1021 1665 uix
1048 1610 1146 1687 atque
1172 1618 1272 1689 aegre
1295 1598 1582 1666 absolutionemn

313 1705 355 1771 ab
378 1704 541 1771 iudicibus
564 1709 757 1793 impetrauit.
806 1707 857 1773 Ex
890 1706 946 1771 illo
980 1705 1088 1771 Mario
1122 1718 1189 1773 tam
1221 1704 1337 1773 humili
1368 1706 1554 1793 Arpinate,

312 1823 380 1877 tam
394 1810 532 1899 ignobili
546 1813 685 1887 Romae,
708 1822 776 1879 tam
790 1812 990 1878 fastidiendo
1009 1812 1185 1879 candidato
1200 1812 1254 1879 ille
1272 1812 1401 1879 Marius
1426 1814 1553 1886 euasit,

313 1918 370 2005 qui
395 1917 542 1984 Africam
570 1918 717 2007 subegit,
748 1919 804 2006 qui
832 1916 1024 2007 Iugurtham
1053 1941 1168 2009 regem
1195 1932 1271 1987 ante
1299 1940 1437 1985 currum
1469 1920 1552 2008 egit,

314 2075 339 2131 1.
357 2080 542 2148 gemoniarum
559 2075 597 2133 D.
607 2077 622 2147 ΙΙ
638 2076 664 2133 2.
683 2080 784 2133 bonore
802 2077 830 2132 F.
847 2079 861 2149 ΙΙ
878 2075 904 2133 3.
922 2080 1037 2149 Marius]
1060 2082 1193 2132 maximus
1211 2077 1240 2135 F.
1259 2078 1272 2149 ΙΙ
1291 2080 1430 2131 maximae
1445 2094 1498 2148 pr.
1517 2076 1547 2132 A.

312 2152 429 2202 maxime
450 2148 652 2219 0111110010110
671 2151 724 2220 ost]
744 2152 888 2203 luctatione
901 2166 947 2220 pr.
965 2150 997 2205 A.
1016 2153 1125 2203 luctatio
1143 2156 1270 2213 (0000011
1287 2166 1356 2205 sorr.
1371 2149 1407 2203 A.
1419 2150 1435 2219 ΙΙ
1447 2148 1477 2203 4.
1499 2152 1546 2200 iar·

347 2224 392 2273 tas
410 2224 468 2275 eius
486 2219 518 2274 Γ.
530 2219 544 2288 ΙΙ
556 2238 608 2288 quo
626 2223 745 2287 corporis
764 2238 817 2286 quo
835 2219 896 2275 Dr·
912 2228 938 2275 et
955 2236 1025 2275 sorr.
1042 2221 1074 2275 Α.
1096 2225 1151 2274 tam
1171 2226 1291 2289 corporis
1310 2238 1391 2290 qrram
1411 2218 1469 2272 OE
1473 2218 1510 2273 F.
1520 2220 1534 2287 ΙΙ

311 2291 548 2418 uetuit
560 2298 655 2418 *iii
663 2290 980 2428 „ut-leitil.
988 2295 1026 2417 “l
1043 2295 1134 2417 '‘di‘.
1147 2290 1401 2433 ,11000
1420 2294 1545 2415 iffi,

314 2431 391 2491 Tot-r.
403 2436 417 2505 ΙΙ
428 2403 523 2503 arpina
527 2401 573 2505 pr
581 2434 613 2489 Α.
632 2382 716 2501 aptit
735 2433 761 2488 Γ
767 2433 844 2488 Torr.
856 2434 870 2503 ΙΙ
884 2432 925 2487 ts.
933 2400 1042 2499 1000000
1062 2403 1221 2489 fastidiendo
1240 2450 1311 2489 eurr.
1320 2433 1359 2489 D.
1381 2431 1464 2487 sorr.
1483 2438 1540 2484 tam

312 2508 489 2560 laustidiendo
507 2506 539 2561 F.
557 2508 571 2577 ΙΙ
590 2503 630 2560 lu
649 2508 770 2577 subegit,
789 2506 843 2574 quii
869 2508 976 2577 subegit
994 2508 1039 2573 qui
1062 2508 1170 2577 subegit
1182 2521 1229 2575 pr.
1246 2506 1279 2563 Α.
1303 2506 1412 2576 subegit
1430 2503 1540 2566 (onim

311 2578 368 2641 qul)
386 2576 438 2632 ci*
455 2584 481 2631 et
496 2593 565 2631 corr.
583 2576 616 2631 A.
627 2578 641 2648 ΙΙ
653 2577 820 2649 Iugurtham]
838 2579 973 2648 ingratam
991 2575 1023 2631 i'.

311 2717 401 2772 scits
416 2719 538 2788 periit,
563 2723 591 2774 st
614 2721 638 2771 si
661 2722 778 2773 lustinus
796 2721 915 2780 xxxii,
937 2716 963 2780 3.
987 2718 1015 2774 ll
1037 2721 1157 2773 deoisrat
1179 2721 1206 2772 id
1229 2721 1401 2790 sacrilegium
1421 2735 1533 2770 oausam

311 2791 383 2843 exitii
407 2793 534 2856 caepioni
552 2794 731 2859 exercituique
749 2795 809 2844 eius
833 2795 932 2858 postea
956 2791 1056 2854 inisse,
1083 2795 1122 2843 iia
1144 2795 1173 2843 ut
1195 2807 1252 2844 rern
1273 2794 1359 2845 obiter
1376 2793 1489 2842 intuenti
1507 2793 1531 2840 hi

311 2863 417 2929 quidem
436 2864 581 2926 scriptores
600 2864 634 2914 ds
657 2865 775 2915 uiolenta
793 2864 935 2928 Caepionis
959 2865 1044 2915 morte
1068 2879 1127 2914 oum
1147 2865 1254 2916 Valerio
1280 2863 1431 2915 couseub'rs
1451 2862 1531 2912 aida-i

310 2933 426 2997 possint,
445 2935 584 2997 probabile
601 2936 693 2985 umen
711 2939 754 2985 est
771 2948 820 2986 eos
838 2949 944 3001 quoque
962 2935 1062 2986 misero
1087 2935 1275 2998 cruciabilique
1298 2935 1368 2986 exitu
1394 2935 1421 2982 et
1452 2935 1530 2984 exitio

310 3004 452 3067 Caepionis
476 3005 542 3055 nibil
566 3005 637 3055 atiud
660 3005 833 3072 significasse
857 3019 938 3068 quam
963 3006 1033 3072 quod
1058 3007 1208 3057 distinctius
1231 3005 1328 3057 Strabo
1351 3003 1429 3072 (iiii,
1453 2999 1476 3062 l,
1500 2997 1529 3054 tt

308 3069 409 3199 piria&
426 3075 598 3212 ι11οἤ.)·00001
620 3076 655 3199 i}
672 3072 851 3148 δνσινχῆμαω
877 3075 1055 3150 καταστρέψαι
1076 3077 1121 3130 τὸν
1143 3079 1205 3144 βίον
1226 3073 1263 3137 ὥς
1283 3073 1420 3150 lepiootov
1442 3073 1528 3142 lxii-p-

419 3163 470 3198 orro
528 3163 575 3206 aa
651 3163 687 3206 ος.

384 3144 426 3271 ll.
445 3219 483 3271 Gt.
498 3163 555 3270 llio.
573 3163 632 3282 illel,
641 3219 732 3270 Plano.
749 3214 794 3278 21.
812 3215 857 3271 5¹.
876 3218 945 3273 rut
964 3219 1032 3271 Mar.
1051 3214 1077 3271 5.
1096 3217 1172 3270 Auct.
1191 3219 1225 3271 de
1243 3221 1291 3272 uir.
1309 3219 1346 3272 lli.
1365 3211 1408 3270 tii.

381 3303 502 3357 supremo
525 3288 553 3341 is
575 3287 632 3340 loeo
657 3286 787 3348 0111000111
812 3289 854 3340 lta
879 3291 1051 3354 probabiliter
1074 3291 1224 3344 Gronouius
1248 3291 1283 3340 ad
1306 3290 1364 3340 stu.
1384 3289 1419 3348 V,
1438 3283 1470 3347 2,
1493 3283 1525 3339 itt

309 3361 462 3413 emendanti
478 3363 607 3413 bonorum
626 3361 751 3412 librorum
770 3362 798 3413 ei
809 3365 930 3412 ueterum
943 3361 1086 3413 editionum
1102 3363 1228 3412 uitiossm
1240 3361 1398 3426 scripturam
1409 3371 1524 3426 supremo

309 3431 338 3483 is
354 3431 413 3485 1000
431 3431 470 3484 ita
493 3431 591 3487 100011.
616 3447 676 3483 cum
694 3433 757 3484 inde
780 3448 799 3483 a
816 3432 845 3482 i’i
866 3433 911 3483 bio
935 3432 1019 3502 uulgo
1042 3433 1254 3485 clreumierretur
1277 3444 1398 3500 ssprm
1416 3427 1472 3480 loeo
1487 3427 1522 3478 is·

308 3501 402 3560 100011,
422 3519 582 3570 comparans
602 3503 656 3555 Cic.
673 3503 701 3554 in
718 3499 823 3562 vate.
845 3448 887 3564 ll,
911 3501 1017 3561 Quaero
1041 3499 1090 3555 olis
1111 3509 1136 3556 te
1159 3508 1279 3555 tenesne
1302 3499 1442 3554 mmsis.
1471 3513 1523 3550 ss·

308 3574 338 3629 P.
356 3573 457 3628 &stiae
474 3581 597 3645 quaestor
612 3573 650 3627 sit
666 3572 767 3626 moto
783 3571 924 3642 saffraps'is
932 3571 1041 3640 saetas,
1066 3579 1127 3625 taso
1144 3579 1170 3626 te
1186 3573 1233 3626 sie
1250 3571 1343 3626 insitis
1359 3567 1475 3624 oasin
1489 3597 1521 3608 -

308 3651 448 3699 ehensos
465 3644 617 3700 adhaesisse
634 3649 661 3699 et
678 3647 764 3696 citans
782 3649 926 3711 praeterea
943 3646 1021 3696 Ouid.
1039 3647 1100 3698 mei.
1120 3645 1167 3704 ix,
1186 3641 1248 3697 56³.
1274 3643 1335 3698 Ter.
1358 3643 1475 3694 Eunoen.
1491 3643 1520 3700 V,

307 3713 334 3777 11,
352 3714 397 3770 2⁴.
414 3717 510 3772 Senes.
529 3722 648 3771 00010οο.
664 3712 709 3770 28.
728 3717 808 3768 Mart.
826 3719 911 3786 epigr.
930 3717 976 3776 tx,
995 3712 1039 3777 49,
1058 3712 1083 3769 9.
1120 3717 1196 3778 Quod
1218 3717 1307 3767 autern
1326 3716 1465 3766 reintiuum
1482 3727 1521 3764 se·

308 3802 394 3853 quens
406 3790 554 3841 masouilno
567 3803 668 3859 genere
680 3789 769 3840 eit'erri
782 3789 865 3839 uoluit
882 3789 952 3838 idem
966 3787 1123 3848 Grononios,
1142 3802 1195 3838 non
1207 3801 1292 3856 90001,
1306 3787 1519 3850 quemadmodum

308 3858 391 3926 uulgo
409 3861 546 3919 edebatur,
564 3861 634 3912 haec
653 3861 758 3926 quidem
776 3859 930 3910 coniectura
948 3859 997 3908 uiri
1016 3859 1163 3909 doctissimi
1184 3859 1292 3923 optimis
1311 3859 1460 3923 quibusque
1480 3871 1518 3905 co-

308 3927 410 3977 dicibus
429 3932 617 3995 manuscriptis
635 3931 786 3981 accuratius
806 3945 875 3981 nunc
901 3927 1005 3980 collatis
1029 3931 1224 3994 comprobatur.
1265 3929 1353 3995 Atque
1375 3927 1469 3978 meiius
1485 3927 1519 3976 its

306 3997 358 4046 dici
376 3998 499 4058 Marium,
518 4013 643 4066 supremo
663 4002 768 4052 demum
786 4001 846 4051 loco
867 3997 1019 4064 praetorem
1043 4003 1174 4062 creatum,
1198 4014 1233 4052 ne
1257 4013 1319 4052 eum
1344 3999 1448 4066 quidem
1465 3998 1518 4048 siue

306 4068 425 4135 periculo
444 4071 600 4130 obtinuisse,
619 4071 763 4123 Torrsuius
782 4083 888 4137 quoque
962 4069 1026 4122 uuit.

377 4143 432 4190 taso
448 4137 539 4190 inniti
555 4139 694 4208 Arpinate
714 4146 767 4192 too
784 4138 895 4207 ipsobili
980 4145 1021 4202 oe)
1047 4141 1260 4206 Discrepsutiam
1284 4141 1406 4193 codicum
1429 4141 1516 4206 partim

306 4208 429 4280 opinate
446 4211 542 4275 partim
561 4209 652 4279 arpini
669 4213 849 4262 exhibentium
868 4217 981 4276 apparet
999 4215 1085 4262 ortam
1104 4227 1168 4264 esse
1186 4226 1220 4264 ex
1240 4213 1382 4279 archetypi
1394 4213 1516 4277 scriptura

305 4281 403 4353 arpina
421 4283 496 4333 uarie
514 4285 664 4334 emendata.
700 4282 822 4334 Discessi
839 4283 961 4349 equidem
982 4297 999 4332 a
1014 4285 1131 4352 uolgatis
1144 4284 1312 4344 editionibus,
1332 4285 1444 4336 aiterum
1459 4285 1514 4335 11101

305 4356 463 4421 praeterens
481 4351 620 4422 Arpinate.
641 4353 703 4420 quia
721 4353 835 4404 dubitari
853 4355 899 4403 uix
916 4356 1008 4418 potest
1024 4355 1087 4417 quin
1106 4355 1231 4406 librarius
1248 4371 1266 4405 a
1284 4355 1357 4406 iinali
1376 4353 1515 4420 sylisbste

306 4429 397 4479 statim
416 4428 452 4477 ad
469 4426 618 4491 proximam
636 4438 730 4475 uocem
748 4439 797 4488 per
815 4425 929 4476 eandem
948 4426 1061 4476 litteram
1079 4425 1249 4490 incipientem
1266 4426 1416 4482 transierit,
1434 4439 1514 4491 quan·

306 4499 348 4549 uis
365 4513 419 4549 non
436 4499 593 4567 negauerim
613 4497 695 4562 paulo
718 4495 913 4547 condnniorem
937 4497 1018 4548 etiarn
1043 4497 1154 4548 aiteram
1180 4497 1340 4562 scripturam
1363 4494 1457 4554 uideri,
1478 4509 1513 4546 re·

305 4572 422 4690 00
445 4641 707 4702 ,
719 4569 1085 4692 tenentur.
1104 4567 1338 4692 0εο0
1364 4569 1513 4690 aar

1338 4673 1346 4700 1

305 4705 441 4775 Μ.
