3409 5400
1424 495 1466 559 71

236 655 295 720 stc
318 655 445 719 &mem
468 653 567 736 spreti
590 655 724 718 mordes
740 655 975 728 excandescant,
999 653 1047 716 sie
1069 655 1203 717 homme
1218 657 1351 720 coneilio
1372 657 1469 720 εαείἰ-

231 769 352 846 paritur
375 773 435 826 etc.
481 760 579 824 Aliud
593 759 822 845 compendium
846 760 977 836 nullius,
1001 772 1036 824 ut
1057 761 1193 836 uidetur,
1216 765 1311 847 pretii
1334 783 1467 850 compo·

236 871 305 936 suit
334 867 381 934 Io.
401 867 569 934 Honorius
587 873 622 948 ¹),
647 867 734 954 quod
758 868 842 954 typis
866 868 1065 954 impressum
1088 869 1123 932 in
1139 869 1255 933 eadem
1272 869 1470 935 bibliotheca

235 978 408 1063 Lipsiensi
453 986 590 1064 rogatus
615 999 635 1040 a
659 997 711 1040 mc
735 999 793 1061 per
816 977 940 1041 litteras
963 977 1105 1061 inspexit
1133 978 1259 1041 amicus
1286 997 1379 1040 meus
1404 977 1467 1041 Oa-

236 1085 329 1150 rolus
342 1081 574 1169 Nipperdeius.
619 1079 815 1168 inscriptum
838 1106 914 1148 esse
934 1085 1033 1148 refert
1054 1083 1235 1168 Epitmnoio
1253 1104 1349 1168 super
1359 1103 1469 1148 nouem

236 1193 337 1256 libros
367 1191 483 1254 Valerii
505 1189 644 1254 Moeimi
664 1193 703 1254 cle
725 1193 820 1254 dietis
838 1193 1003 1274 sectisque
1031 1188 1280 1256 memorabilibus
1307 1192 1469 1274 dilipenier

235 1306 268 1362 et
290 1304 437 1362 acerrae
466 1317 487 1360 o
508 1297 666 1380 Mopistro
694 1299 829 1362 Iohanne
857 1299 999 1362 Honorio
1024 1299 1181 1364 Orbiteoei
1208 1302 1379 1362 recollecto.
1429 1297 1468 1362 ln

239 1407 305 1470 line
329 1405 438 1491 operis
462 1403 580 1491 legitur
602 1405 782 1488 Epitomoto
804 1409 839 1468 in
867 1406 985 1469 Valerii
1007 1407 1145 1470 Matini
1175 1408 1272 1470 libros
1293 1427 1403 1470 oooem
1424 1440 1469 1453 -

238 1547 285 1561 —-
308 1515 471 1576 recollecto
493 1514 654 1594 impressit
668 1512 793 1594 Lipteik
816 1514 870 1575 nir
883 1514 1142 1595 dilipeotiesimoe
1162 1515 1294 1580 Iacobus
1308 1515 1469 1596 notemus

239 1619 399 1701 (Tanner)
423 1613 664 1702 Herbipoleneis
687 1639 768 1683 anno
792 1621 903 1682 saletis
929 1619 1025 1684 1503.

1347 1806 1358 1846 l

316 2191 376 2256 DE
400 2189 582 2257 VALERII
606 2189 769 2256 MAXIM]
795 2186 1031 2256 CODIGIBVS
1054 2189 1395 2256 MANVSGRIPTIS.

332 2371 498 2436 Vertimur
521 2393 607 2434 nunc
631 2374 676 2438 ad
698 2376 942 2459 manuscriptos
966 2367 1092 2434 Valerii
1114 2368 1235 2443 libroS,
1268 2387 1406 2456 quorum
1436 2370 1471 2432 in

239 2479 448 2545 bibliothecis
481 2479 696 2554 Germaniae,
728 2479 913 2554 Heluetiae,
944 2477 1076 2551 Italiae,
1108 2475 1250 2550 Galliae,
1279 2474 1470 2539 Britanniae

239 2607 445 2674 permagnus
477 2607 632 2650 numerus
663 2597 763 2662 extat3
801 2589 856 2672 qui
887 2595 1046 2650 uetustate
1077 2582 1271 2647 excederent
1304 2582 1471 2648 saeculum

239 2708 393 2782 quartum
409 2683 582 2768 decimum,
605 2718 671 2759 non
689 2693 773 2759 adeo
789 2693 881 2759 multi
897 2695 1113 2757 innotuerunt.
1159 2691 1255 2780 Prius
1275 2713 1354 2756 uero
1371 2710 1471 2778 quam

239 2802 283 2865 de
306 2801 399 2865 libris
422 2802 525 2865 uerba
547 2802 679 2875 faciam,
703 2824 785 2888 quos
809 2803 882 2887 ipso
905 2800 1033 2885 inspexi
1055 2812 1152 2887 atque
1177 2799 1372 2872 examinaui,
1396 2818 1471 2861 cum

241 2910 306 2973 has
330 2920 434 2973 terras
458 2909 636 2973 festinandi
659 2910 855 2973 necessitate
878 2908 1033 2993 imposita
1056 2905 1194 2970 celerius
1219 2926 1317 2993 quam
1342 2915 1471 2993 gratum

241 3028 313 3081 erat
346 3016 595 3101 perlustrarem,
630 3035 792 3103 quosnam
834 3014 966 3078 codices
1002 3011 1209 3077 adhibuerint
1245 3015 1372 3099 priores
1403 3010 1471 3074 edi·

240 3138 330 3189 tores
364 3122 441 3188 inde
476 3146 498 3187 a
532 3121 652 3209 Pigbio
683 3122 822 3186 breuiter
850 3121 1077 3208 exponendum
1105 3121 1242 3184 uidettn.
1300 3118 1388 3185 Nam
1416 3118 1472 3204 qui

242 3242 320 3297 ante
343 3229 498 3318 Pighium
514 3228 683 3294 Valerium
706 3230 740 3293 in
762 3227 870 3293 lucem
893 3230 1071 3292 emiserunt
1093 3227 1134 3290 de
1150 3226 1329 3300 codicibus,
1354 3225 1472 3312 quibus

243 3339 299 3403 usi
322 3338 396 3410 sint,
420 3346 454 3400 ut
475 3335 602 3401 ferebat
615 3356 690 3400 mos
705 3333 832 3401 illorum
850 3347 1041 3420 temporum,
1064 3337 1225 3399 rationem
1249 3334 1382 3397 omnino
1404 3352 1472 3395 non

243 3444 467 3509 reddiderunt.
511 3442 568 3507 Ille
593 3455 700 3509 autem
732 3444 782 3506 uir
813 3442 1042 3515 doctissimus,
1066 3433 1129 3528 ‘qui
1159 3444 1283 3527 primus
1313 3440 1472 3502 maiorem

245 3552 449 3639 diligentiam
473 3563 505 3614 et
528 3572 603 3615 eam
626 3572 738 3614 curam
762 3550 837 3613 huie
869 3549 1020 3633 scriptori
1048 3547 1224 3632 impendit,
1254 3557 1286 3608 ut
1314 3564 1382 3607 non
1411 3542 1472 3605 im·

244 3660 361 3723 merito
385 3656 510 3722 Valerii
533 3660 711 3743 sospitator
735 3656 906 3728 diceretur,
929 3656 1120 3739 primusque
1137 3652 1283 3718 condidit
1304 3648 1473 3737 uolgatam

246 3788 332 3855 quae
356 3778 490 3831 uocatur
514 3766 584 3829 eius
609 3765 813 3849 scripturam,
837 3760 1007 3845 hucusque
1024 3759 1176 3825 omnibus
1191 3761 1260 3824 fere
1276 3754 1473 3821 editionibus
1586 3749 1589 3753 ’

246 3874 446 3945 subiectam,
476 3871 510 3935 in
534 3870 735 3937 restituendo
758 3868 821 3933 hoc
851 3888 951 3954 opere
980 3877 1064 3933 ‘octo
1094 3866 1148 3931 uel
1171 3864 1309 3940 decem',
1343 3872 1379 3926 ut
1400 3863 1473 3948 ipse

247 3982 310 4056 ait,
342 3980 583 4065 ‘manuscriptis
608 3976 802 4063 archetypis'
834 3975 964 4041 adiutus
988 3986 1048 4039 est.
1106 3973 1199 4057 Quos
1222 3994 1348 4047 omnes,
1371 3992 1474 4037 unum

244 4090 390 4153 fortasse
414 4088 443 4151 si
466 4086 644 4171 exceperis,
669 4095 700 4147 et
722 4084 922 4147 recentiores
945 4084 1050 4148 fuisse
1066 4102 1172 4168 neque
1194 4101 1338 4168 magnae
1362 4088 1473 4145 aucto·

244 4196 353 4260 ritatis
378 4216 395 4257 e
419 4194 520 4259 uariis
544 4189 848 4278 interpolationibus
874 4201 970 4278 atque
997 4187 1280 4256 emendationibus
1302 4184 1473 4273 colligitur,

246 4324 333 4390 quas
358 4322 397 4365 ex
419 4322 616 4387 unoquoque
640 4298 784 4362 enotauit
806 4296 957 4384 Pighius,
980 4297 1155 4383 temptatis,
1177 4294 1374 4379 ubicumque
1397 4310 1473 4354 sen·

246 4411 351 4474 tentia
380 4407 499 4473 mendo
535 4406 645 4493 aliquo
677 4404 857 4490 scripturae
892 4403 1078 4490 perturbata
1117 4411 1173 4467 aut
1210 4410 1281 4465 erat
1310 4406 1366 4465 aut
1398 4412 1473 4458 esse

245 4516 420 4582 uidebatur
442 4514 595 4579 librariis.

322 4749 343 4817 Ι)
363 4748 401 4801 cr.
419 4750 456 4800 10.
475 4744 535 4799 lla
554 4746 671 4799 resnou
687 4745 807 4797 uuum
826 4743 913 4794 uam
931 4740 964 4793 r.
981 4740 1014 4800 n,
1034 4755 1057 4791 c
1076 4734 1102 4791 5.
