3409 5400
615 522 697 589 LIB.
721 524 746 602 I,
771 527 807 593 G.
833 531 864 605 7,
888 540 918 607 s.
942 534 1049 600 2-4.
1390 540 1453 607 149

317 676 401 743 Illud
424 682 522 747 edam
546 686 712 750 somnium
735 699 767 751 et
788 707 933 777 magnae
950 692 1176 762 admirationis
1194 705 1225 760 et
1241 696 1320 763 clari
1339 699 1453 774 exitus,
1463 700 1495 769 3.

222 786 319 874 quod
343 788 461 853 eadem
484 800 580 854 nocte
603 790 672 856 duo¹
696 796 850 861 consules
874 796 912 861 P.
935 798 1057 865 Decius
1080 801 1156 867 Mus
1185 814 1216 867 et
1249 806 1285 867 Τ.
1308 804 1451 871 Manlius
1539 784 1543 792 Ι

221 892 415 982 Torquatus
437 894 557 963 Latino
580 899 677 977 bello,
701 904 797 989 graui
820 926 859 968 ac
884 906 1085 991 periculose,
1113 931 1180 975 non
1203 910 1317 995 procul
1339 934 1360 975 a
1382 909 1450 975 Ve-

220 1005 301 1065 suui
330 1004 453 1067 montis
481 1004 650 1070 radicibus
676 1010 794 1093 positis
826 1014 944 1077 castris
973 1014 1133 1083 uiderunt.
1189 1014 1326 1103 Vtrique
1363 1019 1450 1083 enim

194 1107 363 1195 squidem
388 1130 448 1195 per
478 1112 596 1197 quietis
628 1116 774 1200 speciem
803 1118 964 1203 praedixit
997 1143 1036 1187 ex
1073 1123 1176 1189 altera
1206 1125 1277 1189 acie
1306 1124 1448 1209 impera·

219 1226 340 1289 torem,
364 1238 405 1281 ex
428 1217 531 1283 altera
553 1222 729 1287 exercitum
746 1223 809 1289 diis
830 1228 983 1293 manibus
1007 1232 1167 1317 matrique
1185 1228 1303 1295 Terrae
1321 1229 1449 1306 deberi;

219 1324 328 1387 utrius
352 1334 462 1389 autem
485 1326 552 1392 dux
574 1330 688 1414 copias
711 1329 855 1398 hostium
880 1357 1042 1421 superque
1074 1358 1131 1401 eas
1161 1358 1236 1401 sese
1260 1338 1369 1423 ipsum
1392 1336 1448 1401 de·

218 1432 383 1504 uouisset,
406 1431 573 1498 uictricem
597 1435 769 1503 abituram.
815 1438 853 1503 ld
875 1440 946 1505 lnce
970 1444 1120 1528 proxima
1135 1442 1323 1508 oonsulibus
1344 1444 1447 1507 sacri·

219 1536 297 1600 licio
321 1535 376 1600 uel
397 1540 586 1624 expiaturiS,
610 1544 640 1606 si
656 1555 771 1628 posset
793 1550 907 1621 auerti,
930 1548 993 1623 uel,
1017 1551 1046 1613 si
1059 1561 1180 1614 certum
1196 1548 1332 1613 deorum
1348 1552 1447 1615 etiam

180 1644 348 1710 remouitu
370 1645 479 1711 uisum
500 1648 594 1724 foret,
618 1653 810 1726 executoris,
833 1651 1015 1720 hostiarum
1035 1666 1109 1721 exta
1131 1657 1261 1721 somnio
1285 1677 1445 1743 congrue·

215 1762 305 1825 runt,
330 1754 546 1841 conuenitque
565 1756 648 1820 inter
672 1779 742 1831 coe,
766 1760 859 1824 cuius
878 1784 979 1827 cornu
998 1763 1089 1848 prius
1107 1762 1258 1828 laborare
1270 1764 1444 1849 coepisset,

216 1869 253 1921 ut
274 1859 306 1921 is
331 1860 437 1944 capite
460 1882 522 1925 suo
545 1864 613 1927 fata
635 1864 761 1949 patriae
784 1865 897 1934 lueret.
953 1869 1047 1951 Quae
1073 1880 1187 1935 neutro
1211 1870 1442 1937 reformidante

215 1962 359 2028 Decium
382 1964 653 2054 depoposcerunt.
1211 1958 1219 1975 ⁸

309 2074 463 2160 Sequitur
485 2096 591 2161 aeque
614 2077 659 2141 ad
681 2077 845 2162 publicam
866 2082 1059 2169 religionem
1080 2086 1245 2169 pertinens
1266 2086 1440 2149 somnium.
1451 2092 1482 2157 4.

178 2180 303 2246 iseum
326 2180 452 2266 plebeis
475 2183 608 2268 quidam
631 2184 718 2249 ludis
742 2196 835 2271 pater
859 2188 1000 2254 familias
1013 2211 1072 2274 per
1096 2192 1217 2255 circum
1233 2190 1440 2265 blanditium,

213 2288 410 2373 priusquam
422 2272 545 2375 pompa
555 2289 771 2366 induceretur,
795 2315 928 2359 seruum
948 2318 1044 2360 suum
1060 2296 1251 2363 uerberibus
1263 2296 1440 2361 mulcatum

213 2392 396 2459 subfusca
419 2396 463 2460 ad
491 2397 687 2483 supplicium
717 2400 858 2484 egisset,
893 2402 927 2467 Τ.
951 2402 1092 2477 Latinio,
1122 2402 1248 2467 homini
1272 2401 1439 2486 explebe,
1487 2401 1493 2413 ’

212 2587 240 2641 2
259 2592 324 2642 Mus
342 2606 392 2643 ers.
411 2589 669 2660 subarraret!
687 2595 719 2644 Τ.
737 2610 786 2645 em.
805 2593 955 2650 BCDEI'
972 2604 998 2650 et
1009 2613 1055 2666 pr.
1074 2595 1112 2656 A,
1130 2596 1193 2651 Por.
1212 2596 1278 2665 Nep.
1290 2595 1439 2665 limanillus

214 2657 366 2716 ABCDE
372 2660 403 2716 Γ.
421 2665 529 2716 mallius
547 2663 613 2733 Nep.
637 2661 671 2716 Vt
688 2664 806 2718 resPar.
817 2666 830 2734 ΙΙ
842 2662 868 2720 3.
887 2672 965 2738 graui
984 2688 1016 2722 ae
1035 2670 1197 2737 periculoso]
1218 2686 1250 2722 ac
1269 2668 1438 2734 periculosuo

247 2735 293 2783 aui
312 2733 351 2788 Α,
371 2732 426 2786 ‘sed
444 2751 494 2786 suo
511 2735 540 2787 in
557 2751 663 2788 rasura.
687 2754 722 2787 ac
739 2741 891 2802 periculoso
911 2745 989 2809 graui
1008 2739 1033 2792 Β
1040 2737 1067 2791 C.
1096 2757 1128 2790 ac
1147 2741 1298 2806 periculoso
1317 2743 1343 2790 et
1395 2741 1439 2790 aui

240 2842 248 2856 .
268 2821 302 2856 sc
319 2809 438 2870 periculo
456 2804 618 2876 8101111111
639 2811 666 2858 01
684 2812 762 2877 grani
781 2814 808 2860 et
825 2814 977 2876 periculoso
998 2811 1092 2879 Turul
1113 2817 1147 2861 ab
1166 2811 1200 2864 E.
1213 2813 1226 2880 ΙΙ
1239 2813 1348 2864 Vesubii
1414 2814 1440 2860 et

213 2875 242 2926 ἑκ
261 2891 359 2928 resera
377 2875 409 2930 A.
429 2880 524 2929 uesubi
542 2877 630 2931 ΒΟΓ.
650 2879 874 2949 1100011111115.
896 2887 1028 2948 quaedam
1049 2879 1097 2949 C.l
1120 2883 1144 2934 1.
1161 2884 1287 2949 hostium]
1309 2878 1370 2933 add.
1390 2897 1437 2949 ag·

212 2949 373 3014 grederctur
390 2946 450 2999 edd.
468 2955 528 3001 aute
550 2947 988 3022 1011110001111111001100418.
1014 2956 1165 3006 habituram
1184 2953 1210 3005 Ε
1227 2959 1253 3005 et
1264 2968 1310 3021 pr.
1330 2951 1368 3003 D.
1386 2953 1435 3002 ha·

212 3021 329 3071 hiturnm
347 3035 417 3072 corr.
434 3019 471 3073 D.
482 3021 497 3090 ΙΙ
508 3018 534 3072 il.
553 3023 596 3073 uel
615 3022 650 3088 si]
670 3025 697 3072 et
714 3025 739 3073 si
756 3022 793 3076 D.
804 3021 818 3089 ΙΙ
834 3023 873 3076 10.
892 3028 1058 3078 exsecutoris
1077 3023 1130 3090 (A.)
1142 3023 1350 3148 {lycognouerunt
1366 3021 1398 3074 Γ.
1410 3020 1424 3089 ΙΙ

214 3087 256 3141 11.
277 3092 463 3159 conuenitque]
483 3109 535 3160 qne
553 3109 602 3144 om.
622 3092 652 3144 Γ.
669 3092 683 3161 ΙΙ
703 3089 866 3160 1200111110
888 3097 945 3147 fata
969 3099 1056 3162 capite
1081 3111 1130 3146 suo
1174 3111 1228 3148 err.
1246 3096 1259 3165 ΙΙ
1277 3097 1434 3146 formidante

212 3159 293 3214 Torr.
312 3159 382 3228 1113.
401 3165 580 3228 deposcerunt
603 3162 678 3215 Torr.
690 3161 704 3230 ΙΙ
718 3161 757 3217 14.
778 3167 804 3230 ς.
822 3163 840 3217 4
859 3182 906 3218 ona
926 3165 989 3238 1111
1009 3165 1050 3220 15.
1069 3167 1138 3219 ludis
1164 3170 1270 3235 quidam
1288 3162 1433 3217 DETorr.

223 3231 237 3301 ΙΙ
254 3231 297 3285 16.
316 3234 425 3301 pompa]
446 3251 538 3286 oroma
546 3232 614 3358 Ἴ
624 3238 778 3287 inducerent
786 3235 823 3288 D.
835 3237 849 3306 Η
862 3253 939 3289 suum
958 3255 1007 3292 om.
1025 3239 1052 3292 C·
1067 3236 1079 3308 ΙΙ
1095 3241 1247 3289 mulctatum
1260 3237 1297 3290 D.
1312 3233 1323 3306 ΙΙ
1341 3234 1383 3288 11.
1401 3236 1432 3285 Τ.

210 3305 331 3373 Latinio]
351 3306 446 3356 Latino
464 3303 520 3358 ΑΒ
527 3305 582 3359 01)
613 3307 680 3356 .Ti.
697 3307 786 3358 Atinio
806 3305 884 3360 Terr.
951 3305 956 3314 '

283 3479 311 3535 3.
330 3485 367 3534 01
385 3485 533 3543 Liu.v111‚
552 3480 578 3535 6.
608 3485 678 3536 Flor.
697 3486 718 3545 1,
741 3483 780 3536 11.
808 3486 884 3538 Auel.
904 3491 937 3538 de
956 3491 1004 3540 uir.
1021 3490 1059 3540 ill.
1078 3485 1121 3539 26.
1141 3489 1194 3538 aiii.

281 3553 314 3607 P.
335 3549 438 3609 Decies
461 3553 524 3606 Mar
548 3559 574 3606 et
598 3552 628 3606 T.
651 3553 780 3617 Manlius)
822 3560 927 3608 Codicis
951 3561 1029 3610 Bern.
1055 3559 1211 3608 auctoritato
1236 3557 1319 3606 fretus
1343 3559 1433 3620 recepi

208 3627 286 3680 neeri
305 3642 463 3695 cognomen,
483 3630 552 3692 qood
571 3627 598 3676 in
611 3628 670 3677 edd.
683 3629 746 3690 post
758 3629 892 3678 Vorstium
912 3632 938 3679 et
956 3633 982 3680 in
998 3631 1073 3680 codd.
1087 3630 1195 3678 alterius
1215 3627 1332 3677 familiae
1347 3627 1432 3678 deest.

208 3699 316 3749 Excidit
333 3699 396 3761 post
411 3698 526 3749 similem
536 3699 748 3748 terminationem
760 3701 946 3762 praecedentis
965 3700 1049 3758 uerbi,
1068 3701 1117 3750 sed
1129 3699 1256 3748 retinetur
1268 3701 1302 3747 ab
1322 3699 1432 3763 utroque

208 3770 408 3820 abbreuiatore.
444 3770 475 3819 ln
492 3771 584 3820 codice
603 3785 667 3818 uero
686 3771 802 3819 omnium
821 3771 1006 3834 antiquissimo
1030 3773 1160 3820 omissum
1188 3771 1245 3818 erat
1268 3783 1432 3833 praenomen

207 3841 313 3892 Manlii.
349 3841 441 3905 Neque
460 3842 530 3891 enim
549 3841 710 3902 uerisimile
732 3843 775 3890 est
793 3842 929 3891 Valerium
950 3843 977 3891 in
995 3842 1069 3890 Decii
1087 3843 1192 3891 nominc
1210 3841 1336 3904 posuisse
1353 3855 1431 3903 pree·

207 3925 317 3968 nomeu,
335 3913 364 3960 in
380 3912 475 3961 Manlii
492 3912 631 3969 omnisne,
657 3913 732 3962 euius
756 3915 821 3962 nota
844 3912 867 3961 Τ
891 3912 1016 3963 facillime
1040 3913 1145 3976 poterat
1169 3912 1291 3962 excidere
1313 3913 1376 3976 post
1399 3915 1431 3962 et.

281 3978 349 4032 betto
364 3980 446 4048 prosi
463 3996 496 4033 oe
508 3980 671 4049 periculoso)
707 3984 855 4034 Verborum
880 3985 945 4034 ordo
969 3986 1022 4034 iam
1046 3985 1073 4032 in
1091 3985 1239 4048 archetypo
1261 3983 1318 4032 cod.
1338 3983 1376 4031 its
1393 3983 1431 4032 iu·

207 4067 309 4106 uersus
328 4056 395 4112 erat,
413 4049 480 4104 bello
498 4067 531 4103 ac
543 4051 694 4119 periculoso
710 4053 796 4120 91001.
832 4054 962 4119 Apparet,
975 4056 1039 4117 quis
1057 4067 1089 4104 ac
1105 4055 1134 4103 in
1150 4053 1228 4103 bonis
1239 4053 1339 4105 Valerii
1356 4053 1431 4103 libne

206 4140 355 4190 nunquam
378 4126 496 4188 positum
520 4126 563 4174 est
586 4125 649 4176 aute
670 4127 794 4176 noralem
817 4127 864 4175 aut
887 4127 1066 4176 consonantes
1086 4127 1121 4178 C.
1149 4127 1186 4179 G,
1212 4125 1248 4183 K,
1267 4126 1432 4188 praecedere

206 4200 310 4249 debere
325 4194 415 4261 presi.
435 4197 506 4258 quod
524 4197 655 4246 omissum
671 4198 699 4246 to
723 4199 832 4259 anttqtm
857 4199 971 4262 quodam
995 4197 1063 4246 libro
1088 4199 1115 4247 et
1137 4197 1234 4259 postea
1257 4197 1284 4245 tn
1307 4195 1430 4262 margine

205 4271 256 4319 aut
273 4269 447 4318 interlineas
464 4267 625 4332 suppletum,
644 4268 715 4318 falso
726 4270 786 4318 loco
801 4271 937 4332 receptum
956 4269 1006 4319 est.

280 4335 307 4388 4.
327 4339 366 4388 Cf.
385 4338 437 4389 Cic.
456 4341 490 4388 de
508 4339 562 4388 diu.
582 4339 601 4395 l.
620 4334 664 4397 26,
683 4333 727 4388 55.
756 4339 815 4389 Liu.
833 4339 871 4396 11.
893 4335 935 4390 36.
963 4339 1040 4389 Dion.
1059 4338 1120 4388 llal.
1139 4338 1200 4396 Vll,
1224 4332 1266 4388 68.
1295 4337 1361 4387 Plut.
1381 4336 1429 4384 Go-

205 4411 266 4462 riol.
285 4405 330 4460 24.
358 4410 478 4460 Macrob.
496 4409 553 4460 Sat⁴
571 4411 592 4466 I,
614 4406 655 4460 11.
682 4409 757 4459 Lact.
777 4411 828 4459 diu.
847 4411 910 4458 inst.
926 4411 959 4466 ll,
979 4407 1005 4461 8.

275 4476 381 4547 plebeis
397 4477 478 4541 ledia)
512 4482 572 4532 liin.
598 4481 614 4530 l.
639 4495 662 4528 e.
686 4482 793 4548 magnis
811 4481 880 4530 ludis
905 4483 956 4532 hoc
982 4481 1079 4530 lactum
1099 4493 1163 4530 esse
1188 4478 1292 4532 umret,
1318 4489 1429 4540 quocum

205 4553 274 4602 tacit
291 4553 392 4602 cicero.
428 4551 597 4602 Lactantium
614 4552 679 4601 item
691 4553 724 4600 de
742 4552 856 4615 plebeiis
874 4553 944 4602 ludis
963 4553 1120 4602 referentem
1134 4548 1256 4602 Valerius
1272 4548 1299 4595 in
1312 4557 1429 4595 errorem

204 4623 319 4675 induxit.

282 4690 314 4744 T.
332 4691 451 4755 Dedris)
475 4695 549 4746 Idem
567 4695 649 4744 homo
667 4709 686 4742 a
704 4695 841 4745 Macrobto
859 4693 961 4745 Annius
980 4694 1099 4752 uocatur,
1119 4707 1136 4741 a
1153 4687 1292 4739 Lactantio
1316 4687 1333 4737 1.
1354 4701 1377 4737 0.
1402 4687 1429 4738 ct

204 4766 230 4819 11
250 4765 304 4817 diu.
324 4766 387 4820 iust.
409 4762 441 4818 l'l
460 4765 501 4820 Ti.
519 4764 639 4824 Ab'uius,
664 4766 735 4834 quod
757 4780 856 4818 nomen
873 4767 965 4818 nescio
991 4781 1042 4834 quo
1067 4765 1123 4814 iure
1141 4758 1298 4828 receperunt
1314 4757 1384 4810 Liuii
1401 4759 1428 4810 et
