3409 5400
881 138 1619 313 *ff

521 522 605 591 LlB.
626 520 701 600 vn,
725 522 763 590 G.
785 524 819 602 3,
839 532 871 604 ς.
895 524 1016 593 5-6.
1320 524 1384 593 555

127 705 220 747 non
250 683 376 747 dictum
400 707 421 749 a
437 667 474 748 se
490 684 663 749 adfirmare
678 694 802 771 posset,
825 686 904 772 quia
918 685 996 751 faeti
1010 687 1066 751 uix
1081 685 1233 772 pudentis
1249 710 1385 755 causam

130 788 362 855 tolerabilem
386 789 507 856 habuit.
565 789 631 855 Pro
658 791 908 877 periclitantium
936 792 1024 855 enim
1052 793 1158 877 capite
1186 814 1253 858 non
1278 794 1385 859 solum

89 915 91 953 1
133 894 351 984 eloquentia
373 920 437 961 sua
457 898 514 973 uti,
538 896 598 962 sed
622 898 720 963 etiam
741 898 942 963 uerecundia
965 898 1053 978 abuti
1075 910 1145 965 crat
1166 910 1310 986 paratus.

250 1004 420 1068 Sertorius
436 1026 527 1079 uero,
551 1006 700 1089 corperis
722 1005 841 1069 robore
865 1016 961 1091 atque
985 1006 1087 1071 animi
1110 1006 1248 1071 consilio
1271 1008 1415 1091 peremti

89 1126 118 1170 :s
136 1120 300 1175 naturae
322 1109 559 1198 indulgentiam
582 1108 753 1196 expertus,
782 1113 1019 1199 proscriptione
1042 1112 1180 1199 Syllana
1201 1113 1268 1178 dux
1288 1110 1386 1179 Lusi-

88 1240 93 1279 t
140 1227 316 1280 tanornm
337 1217 410 1281 lieri
432 1229 586 1292 coactus,
613 1240 689 1283 cum
711 1240 770 1283 eos
794 1221 941 1283 oratione
966 1218 1095 1285 flectere
1118 1242 1185 1285 non
1207 1230 1322 1306 posset
1344 1238 1385 1283 ne

88 1350 93 1389 t
141 1343 232 1386 cum
258 1321 422 1387 Romanis
445 1326 601 1389 uniuersa
623 1324 695 1389 acie
710 1324 890 1412 confligere
912 1325 1042 1401 uellent,
1065 1326 1158 1391 uafro
1182 1324 1319 1391 consilio
1343 1324 1385 1389 ad

89 1458 93 1497 t
144 1449 257 1492 suam
283 1430 477 1494 sententiam
499 1430 655 1515 perduxit.
701 1430 795 1496 Duos
811 1433 898 1496 enim
914 1432 949 1497 in
969 1444 1147 1517 conspectu
1171 1454 1283 1499 eorum
1307 1454 1385 1499 con·

145 1536 265 1599 stituit
283 1555 399 1622 equos,
417 1535 659 1601 ualidissimum
677 1537 824 1613 alterum,
840 1540 971 1603 atterum
987 1539 1254 1613 infirmissimum,
1273 1562 1311 1603 ac
1330 1538 1386 1603 de·

104 1660 136 1703 ro
147 1641 236 1704 inde
247 1641 350 1708 ualidi
358 1642 498 1707 caudam
512 1642 553 1707 ab
565 1642 716 1708 inbecillo
728 1664 809 1707 senc
821 1644 978 1729 paulatim
990 1646 1092 1731 carpi,
1103 1646 1223 1709 infirmi
1236 1668 1256 1709 a
1266 1646 1385 1709 iuuene

89 1782 91 1821 t
151 1747 357 1813 eximiarum
380 1749 499 1813 uirium
521 1750 711 1813 uniuersam
735 1750 875 1815 conuelli
891 1752 998 1816 iussit.
1045 1750 1310 1838 obtemperatum
1325 1752 1398 1817 im·.

89 1890 93 1930 ᾗ
152 1854 254 1941 perio
279 1865 339 1920 est.
385 1854 453 1917 Sed
476 1854 554 1920 dum
577 1854 797 1921 adulescentis
813 1858 947 1923 dextera
961 1860 1057 1923 inrito
1074 1842 1237 1923 solabere
1261 1858 1386 1944 fatigat,

88 1998 92 2039 Ι
155 1962 257 2025 senio
283 1960 433 2026 confecta
455 1982 574 2025 manus
596 1964 813 2027 ministerium
837 1975 971 2029 executa
996 1977 1054 2033 cst.
1112 1964 1203 2029 Tunc
1225 1963 1386 2029 barbarae

156 2067 310 2131 contioni
338 2089 493 2154 quorsum
522 2089 563 2132 ea
590 2090 644 2133 res
673 2069 819 2134 tenderet
846 2091 1050 2158 cognoscere
1080 2072 1222 2157 cupienti
1250 2070 1388 2137 subiecit

89 2156 91 2185 ¹
118 2192 147 2237 rs
158 2175 240 2258 equi
271 2174 398 2237 caudae
427 2161 630 2238 consimilem
659 2195 735 2239 esse
762 2186 910 2241 nostrum
939 2178 1131 2251 exercitum,
1160 2178 1252 2242 cuius
1276 2188 1386 2262 partes

89 2279 91 2332 i
160 2278 285 2365 aliquis
309 2279 507 2366 adgrediens
532 2281 715 2365 opprimere
737 2282 861 2367 possit3
885 2283 1074 2349 uniuersum
1090 2294 1227 2347 conatus
1243 2292 1387 2368 proster-

89 2369 91 2382 ’
160 2406 255 2460 nere,
283 2385 421 2450 celerius
444 2385 612 2449 tradiderit
638 2387 810 2451 uictoriam
838 2408 937 2474 quam
968 2390 1188 2474 occupauerit.
1232 2386 1281 2455 lta
1303 2408 1386 2475 gens

161 2491 317 2567 barbara,
340 2514 461 2577 aspera
484 2503 515 2555 et
535 2494 610 2579 regi
632 2490 789 2568 difficilis,
816 2494 852 2558 in
883 2495 1013 2560 exitium
1036 2516 1132 2559 suurn
1163 2515 1263 2559 ruens
1287 2514 1385 2581 quam

165 2598 334 2665 utilitatem
357 2599 491 2663 auribus
513 2610 694 2685 respuerat,
716 2599 820 2664 oculis
842 2600 992 2684 peruidit.

1419 1056 1468 1115 ’ἒρ

170 2793 193 2847 l.
212 2795 255 2861 qui
274 2790 302 2845 D
320 2799 347 2846 et
362 2808 433 2850 corr.
450 2793 483 2849 A.
506 2792 582 2848 Torr.
602 2810 671 2862 quae
689 2793 724 2847 Ε.
735 2795 749 2861 ΙΙ
761 2798 803 2845 uis
822 2793 884 2848 EF.
899 2793 911 2862 ΙΙ
925 2797 1062 2860 prudentis
1083 2793 1182 2850 DEF.
1194 2796 1207 2865 11
1219 2796 1385 2848 tolerabilem

168 2881 277 2917 causam
295 2864 339 2928 (Γ)
346 2863 422 2918 Torr.
433 2863 447 2932 ΙΙ
458 2863 484 2918 3.
504 2869 541 2916 uti
560 2881 612 2916 sira
628 2863 663 2919 E.
675 2865 689 2933 ΙΙ
701 2869 811 2930 paratus
833 2871 892 2917 erat
909 2865 940 2918 Γ.
955 2865 1006 2928 114.
1026 2869 1082 2930 pari
1102 2866 1193 2936 0115.
1212 2869 1383 2936 indigentiam

169 2935 197 2988 F.
208 2936 222 3002 ΙΙ
233 2934 257 2989 θ.
276 2940 387 2987 conatus
397 2935 431 2988 F..
443 2937 457 3003 ΙΙ
468 2935 494 2990 9.
513 2939 634 2995 aiterum.
654 2937 778 3003 aiterum]
798 2936 917 2988 Priorem
931 2951 1019 2988 aaran
1031 2935 1108 2990 dedet
1119 2945 1179 2991 uate
1192 2939 1385 2990 ualidissimum

169 3005 309 3060 Dl'l‘orr.
328 3023 377 3060 om.
396 3007 506 3060 adeam
524 3007 549 3060 F
563 3013 588 3059 ei
600 3021 647 3077 pr.
664 3005 696 3060 A.
711 3004 724 3076 ΙΙ
739 3005 780 3060 li).
792 3009 904 3058 caudam
918 3009 998 3058 ualidi
1011 3006 1039 3061 F.
1050 3007 1064 3076 ΙΙ
1076 3011 1207 3060 imbecille
1219 3007 1251 3062 F.
1266 3011 1277 3069 ΙΙ
1292 3023 1358 3060 sene
1372 3034 1385 3060 ι

171 3076 201 3130 Α.
219 3077 231 3144 ΙΙ
250 3080 371 3131 iuuene·
394 3077 425 3131 A.
443 3077 457 3146 11
477 3077 515 3132 ll.
546 3082 629 3129 uirum
656 3079 706 3147 Gi
733 3075 774 3132 l·2.
799 3079 872 3145 dum}
902 3076 963 3130 add.
986 3082 1021 3128 ab
1039 3078 1071 3131 F.
1087 3077 1101 3146 Η
1118 3082 1243 3148 fatigaret
1261 3076 1290 3132 F.
1310 3077 1322 3148 ΙΙ
1344 3075 1385 3132 13.

172 3153 313 3200 exesecuta
330 3148 361 3202 Α.
377 3149 389 3217 ΙΙ
408 3155 462 3199 turn
481 3149 573 3203 l'i’cr.
602 3147 663 3202 Vici.
681 3082 719 3202 od
734 3147 757 3208 i.
777 3149 802 3208 i.
824 3156 874 3202 eat.
897 3149 935 3204 10.
952 3150 965 3217 ΙΙ
985 3147 1026 3203 id.
1050 3152 1146 3201 subicit
1170 3149 1222 3203 ΟΡ
1243 3155 1269 3200 et
1286 3165 1331 3218 pr.
1354 3147 1387 3202 Α.

176 3217 209 3270 Vt
224 3235 270 3270 tros
287 3219 364 3270 etium
378 3219 438 3272 Pur.
462 3218 522 3270 Viri.
535 3218 572 3271 cd
593 3217 637 3279 Vl,
656 3219 682 3279 2.
701 3226 751 3275 ert.
769 3217 795 3273 2.
809 3217 822 3287 ΙΙ
837 3219 881 3273 16.
893 3225 1016 3273 conatum
1028 3218 1113 3273 Aca
1120 3219 1152 3272 F.
1162 3221 1176 3288 ΙΙ
1189 3218 1231 3271 il.
1249 3221 1387 3271 uictoriam

126 3297 139 3318 ⁰
174 3289 259 3355 qnam]
278 3291 467 3355 uictoriamque
486 3288 515 3343 F.
529 3291 541 3354 ΙΙ
556 3286 598 3342 18.
618 3293 735 3342 barbara
752 3297 799 3343 aut
815 3296 932 3343 barbare
951 3289 983 3353 A,
1002 3305 1082 3358 neque
1100 3291 1167 3342 enim
1185 3287 1288 3341 dinosci
1301 3293 1389 3356 poisat

174 3366 232 3412 airu
247 3358 380 3484 εἴρωνα
398 3376 415 3410 a
428 3359 520 3428 primo
537 3375 614 3412 muas
631 3360 674 3412 rit.
692 3365 810 3413 barbara
829 3364 856 3413 ct
873 3375 944 3412 corr.
961 3358 998 3413 D.
1010 3359 1024 3429 ΙΙ
1036 3363 1133 3412 exitum
1152 3357 1183 3414 F.
1195 3359 1209 3426 ΙΙ
1222 3357 1264 3412 lii.
1276 3359 1389 3424 perdidit

175 3445 239 3484 cort.

244 3606 303 3676 quta
320 3605 396 3674 sacti
417 3606 464 3658 air
479 3604 612 3679 pudentis)
638 3608 751 3658 Restitut
774 3605 912 3656 causalem
936 3607 1145 3658 coniunctionem
1169 3607 1298 3671 probante
1316 3605 1389 3656 Peri·
1420 3597 1424 3605 ’

180 3681 249 3730 zonio
265 3696 312 3744 pro
332 3680 444 3729 reiaiiuo
461 3678 522 3747 qui,
543 3678 611 3744 quod
630 3680 714 3746 uulgo
737 3678 826 3726 inuitis
849 3677 923 3727 libris
948 3677 1085 3729 edebatur.
1128 3677 1301 3744 subiungitur
1318 3677 1389 3727 enim

181 3751 387 3816 insequentibus
406 3765 492 3801 causa
509 3765 556 3799 cur
574 3751 611 3801 ii.
630 3749 742 3800 Antonio
761 3747 908 3798 conuicium
927 3748 1111 3798 remittendum
1130 3762 1193 3800 esse
1212 3751 1326 3812 putatur.

244 3819 266 3874 5.
285 3823 324 3873 Ci.
343 3823 433 3873 Front.
453 3823 529 3873 stret.
547 3821 568 3878 i.
591 3817 630 3878 10.
652 3816 676 3872 l.
694 3819 751 3874 iiii.
770 3817 796 3876 i.
815 3813 840 3869 6.
860 3819 926 3871 i’iin.
938 3833 1000 3882 epp.
1014 3818 1058 3876 iii.
1077 3815 1101 3877 5.
1123 3817 1164 3872 il.
1183 3819 1251 3872 Piut.
1264 3817 1333 3870 Sert.
1347 3813 1388 3871 tit.

243 3889 431 3943 ualidissimum
450 3891 570 3945 alteram.
590 3888 700 3942 attens
717 3886 933 3955 infirmissimum)
960 3889 1236 3947 Pronomcnultrrum.
1258 3891 1326 3956 quod
1347 3890 1389 3939 itis

183 3965 318 4029 ponendum
339 3966 366 4014 et
383 3965 424 4013 bis
443 3979 462 4014 a
480 3963 587 4014 Valerio
605 3964 720 4026 pesitum
740 3961 825 4012 irrisae
849 3963 976 4024 apparet.
1001 3960 1085 4010 aliero
1109 3963 1167 4011 ioco
1189 3961 1215 4011 in
1240 3961 1388 4024 archetypo

185 4036 262 4084 codice
280 4035 422 4087 exciderat.
467 4035 532 4084 lude
556 4038 630 4083 tanta
648 4035 674 4084 in
693 4031 884 4083 recentioribus
909 4031 983 4082 libris
1007 4032 1194 4095 discrepantia.
1239 4033 1280 4082 lta
1303 4031 1388 4081 codex

185 4105 336 4169 Copesianus
360 4121 420 4155 cnm
443 4108 555 4169 utreque
578 4106 699 4156 Mediceo
722 4103 842 4153 'surrenti
864 4098 1054 4154 ualidissimum
1072 4117 1163 4158 unum.
1187 4098 1389 4170 infinitissimum

185 4174 279 4226 doum
297 4177 413 4227 exhibet.
450 4177 489 4226 Ne
503 4177 580 4226 Puris
598 4177 704 4238 quidem
723 4176 792 4223 satis
810 4175 883 4222 recte
897 4173 1040 4237 suppleuit.
1059 4170 1249 4225 ualidissimum
1268 4171 1387 4225 alterum.

185 4244 372 4314 infimirsr'mum
390 4245 507 4298 alterum.
543 4246 629 4297 Sedes
648 4248 762 4296 lacunae
779 4246 861 4294 dubia
882 4257 946 4294 esse
969 4243 1067 4308 aequit.
1112 4245 1187 4296 Sciet
1209 4245 1279 4295 enim
1298 4245 1390 4292 auctor

186 4319 208 4367 in
224 4319 260 4367 his
277 4319 488 4381 oppositionibus
510 4319 583 4367 iuxta
607 4331 706 4381 ponere
724 4317 772 4365 iiia
795 4315 961 4378 pronomina.
988 4328 1056 4381 quae
1074 4316 1143 4366 inter
1161 4329 1192 4365 ae
1211 4313 1386 4378 opponuntur.

187 4387 225 4438 Sic
235 4389 280 4446 lx,
302 4386 323 4445 l.
337 4384 355 4438 ii
367 4391 533 4439 diuersorum
547 4389 713 4438 saeculorum
719 4383 933 4452 stupolissimam
945 4384 1064 4440 uterum.
1085 4383 1194 4436 aderam
1205 4381 1388 4450 πεᾳυὶςείωιιπι

188 4461 243 4510 dixit
258 4462 282 4509 ct
299 4460 360 4515 vii.
379 4455 410 4515 t,
428 4456 446 4509 2
465 4461 615 4523 compesuit
636 4457 739 4524 coquito
762 4453 914 4508 ademerat
936 4455 1039 4508 silentio
1060 4455 1150 4523 putris
1166 4451 1244 4506 amni
1261 4467 1293 4502 ac
1307 4451 1387 4518 lucio

189 4543 278 4582 ewam
295 4527 413 4587 altem
433 4527 543 4581 adnisa
560 4534 737 4596 omentum
750 4523 885 4595 peruidit.
911 4542 962 4591 quo
982 4529 1040 4578 ioco
1058 4532 1086 4576 et
1103 4529 1201 4576 lacuna
1217 4526 1388 4574 enarratores

187 4605 211 4652 et
226 4601 348 4652 sententia
365 4599 495 4668 fugerat.
513 4615 592 4666 quum
615 4601 738 4665 equidem
761 4601 834 4648 recta
856 4598 1007 4648 restituisse
1031 4599 1094 4646 mihi
1118 4598 1217 4646 uideor.
1254 4594 1287 4642 ut
1307 4594 1387 4643 liron-

189 4672 439 4737 tnusquoqueilii,
457 4670 483 4731 i,
501 4667 686 4722 sacomam
708 4683 739 4720 re
761 4669 901 4719 disserena
923 4665 1014 4719 ualido
1037 4664 1129 4727 ritem,
1151 4663 1231 4717 alteri
1250 4659 1386 4716 odorariam

191 4741 241 4795 mli
253 4743 365 4807 scripsit.
