3409 5400
200 1432 270 1505 llll.

280 532 346 599 iso
739 522 799 589 DE
821 516 1043 589 INGRATIS.

280 700 393 757 mutue
405 686 532 753 illorum
548 686 695 761 umbrae,
712 686 769 751 fati
785 686 984 750 necessitate
998 682 1211 748 constrictae:
1234 690 1277 755 at,
1292 680 1509 744 immemores

279 798 513 863 beneficiorum
542 793 691 859 Athenae
730 800 749 870 †
778 791 1035 880 reprehensione
1069 790 1184 875 lingua
1212 807 1366 852 sermone
1395 785 1510 851 licenti

280 904 389 972 soluta
410 924 476 969 non
500 914 595 969 tacet.

786 1092 1000 1111 ω

371 1438 440 1505 Sed
462 1439 649 1503 omittamus
672 1438 822 1524 ingratos
847 1446 879 1499 et
899 1436 1008 1522 potius
1039 1434 1080 1498 de
1107 1436 1171 1521 piis
1199 1434 1382 1522 loquemur.
1434 1432 1507 1499 Ali·

282 1558 403 1635 qunnto
439 1546 525 1611 enim
562 1546 666 1611 satius
700 1556 751 1608 est
783 1541 957 1608 fauorabili
991 1562 1089 1629 quem
1106 1543 1251 1606 ‘inuisae
1288 1544 1338 1607 rei
1371 1560 1536 1607 necares

282 1652 401 1720 Venite
423 1655 524 1741 igitur
545 1654 579 1717 in
602 1674 720 1717 munus
745 1664 895 1725 nostrus,
918 1670 1079 1736 prospera
1100 1650 1284 1735 parentium
1311 1662 1404 1725 uota,
1432 1647 1507 1713 ieli-

285 1833 309 1888 i.
327 1836 427 1887 multae
439 1831 474 1885 ii.
487 1829 500 1899 ΙΙ
513 1848 545 1881 ec
557 1828 586 1883 F.
599 1830 612 1898 ΙΙ
623 1826 650 1881 i.
667 1832 869 1883 benefactorum
881 1827 914 1883 F.
926 1830 940 1898 ΙΙ
951 1831 1067 1881 athenas
1079 1826 1368 1897 inrepercussum]
1386 1830 1506 1881 omnium

282 1903 315 1957 Γ.
334 1906 529 1969 reprehensore
550 1900 627 1953 Torr.
645 1899 658 1969 ΙΙ
676 1902 775 1968 licenti]
802 1898 864 1954 add.
889 1902 915 1951 in
938 1902 1176 1966 reprehensionem
1200 1896 1304 1967 Γ.113.
1322 1904 1413 1951 tacent
1430 1896 1459 1951 D
1479 1907 1506 1951 et

283 1990 353 2028 corr.
371 1973 404 2027 A.
423 1970 485 2026 cdd.
505 1975 521 2024 l’
539 1988 592 2024 non
611 1980 703 2028 curent
720 1987 811 2039 marpc
828 1971 861 2024 A·
884 1976 977 2023 cerem
995 1970 1073 2023 Torr.
1087 1970 1100 2039 ΙΙ
1113 1969 1139 2024 i.
1157 1970 1223 2036 Sed}
1238 1970 1381 2038 premisit
1392 1969 1506 2038 inscrip-

283 2046 378 2098 ηοω»
395 2046 442 2096 ns
461 2046 610 2096 risurus
629 2046 664 2097 m
684 2044 866 2097 sensurus
881 2041 983 2111 romu
994 2044 1083 2109 posue
1101 2045 1135 2095 ae
1152 2041 1216 2109 pus]
1233 2046 1297 2107 pon
1314 2044 1348 2095 ue
1366 2044 1418 2093 uu
1437 2040 1494 2109 on

283 2114 309 2173 i.
327 2120 466 2185 pareutum
487 2114 654 2169 EFl‘Torr.

354 2286 390 2341 ot,
409 2278 570 2332 immemores
588 2272 768 2345 ienehciornm
780 2274 904 2333 Athenae,
923 2278 940 2339 τ
958 2273 1158 2347 reprehensione
1173 2272 1263 2341 linpsa
1279 2288 1397 2326 nemone
1413 2272 1505 2325 licenti

282 2351 368 2405 soluto
385 2366 436 2403 non
455 2354 543 2414 tacet.)
559 2348 655 2413 Liquet
673 2350 740 2399 inter
759 2364 791 2399 se
809 2348 935 2413 opposite
958 2361 1022 2397 csse
1045 2349 1130 2397 uerba
1149 2343 1249 2397 Tacent
1269 2347 1300 2411 (i.
1323 2362 1349 2401 e.
1371 2347 1425 2396 iem
1448 2360 1504 2398 uon

284 2426 413 2475 accusent
430 2422 564 2488 Athenas)
583 2425 669 2471 mutae
684 2418 787 2471 iliorum
805 2415 922 2472 umbrae,
942 2418 1024 2483 (quas
1042 2420 1179 2485 tamquam
1195 2419 1316 2483 publicos
1329 2420 1503 2491 accusatores

282 2498 440 2561 perorantes
459 2497 552 2543 auctor
570 2492 691 2553 iecerui,)
702 2488 762 2559 soti
779 2488 932 2542 necessitate
948 2487 1115 2545 mastrictoe,
1135 2494 1164 2539 ct
1181 2490 1266 2541 uerba
1283 2487 1372 2555 linpsn
1385 2502 1504 2540 sermone

283 2564 372 2616 Hcenti
388 2562 474 2617 soluto
492 2578 543 2614 non
560 2567 639 2619 tacet,
660 2564 772 2625 ideoque
790 2577 843 2613 uon
863 2577 922 2611 cum
940 2560 1079 2611 Perizouio
1101 2560 1218 2628 garruli,
1242 2576 1322 2627 quem
1345 2561 1415 2611 alias
1438 2560 1505 2609 dixit

283 2638 416 2693 Valerius,
436 2634 608 2685 Atheniensis
626 2634 725 2699 populi,
745 2633 793 2683 sed
813 2633 893 2682 eliam
913 2647 1106 2700 quemcumque
1118 2635 1145 2683 et
1162 2633 1188 2683 in
1201 2632 1293 2697 primis
1306 2632 1391 2697 ipsius
1403 2630 1504 2683 Valerii

282 2708 401 2774 linguam
419 2706 626 2773 intellegendam
645 2720 717 2764 esse,
735 2703 808 2756 nullu
826 2721 857 2756 rc
874 2705 1042 2768 impeditam,
1061 2706 1202 2766 quominus
1220 2704 1310 2756 licenti
1327 2718 1451 2755 sermone
1469 2719 1503 2754 ne

282 2779 366 2828 libere
385 2777 580 2844 perstringeret
603 2777 736 2844 ingratum
760 2775 961 2831 Atheniensium
984 2776 1110 2826 animum.
1155 2777 1231 2838 Quod
1258 2777 1284 2826 si
1305 2776 1344 2825 lta
1366 2769 1422 2834 est,
1448 2789 1503 2825 non

284 2853 338 2898 tam
358 2861 424 2897 uoce
433 2843 548 2898 Athenae
557 2848 686 2906 oiieudor,
705 2849 891 2914 quippequsm
905 2851 1039 2898 nonrecto
1058 2862 1124 2896 casu
1143 2849 1260 2912 positam
1275 2847 1423 2912 putauerim
1442 2860 1500 2896 cum

283 2919 478 2982 interpretibus,
498 2919 545 2967 sed
564 2919 696 2976 uocatiuo,
716 2920 818 2969 dicendi
837 2933 938 2986 genero
961 2919 988 2968 iu
1013 2919 1143 2968 eiusmodi
1168 2919 1364 2969 laudationibus
1383 2933 1416 2968 sc
1434 2919 1501 2968 uitu-

282 2989 465 3054 petitionibus
483 3003 570 3038 rerum
581 2992 719 3057 gestarum
729 2990 850 3040 relationi
861 2989 989 3039 subiectis
999 2990 1223 3051 frequentissimo,
1242 3005 1322 3056 quem
1335 3003 1402 3040 uoce
1413 3001 1502 3055 repre·

283 3057 419 3114 hensione,
451 3059 493 3109 cui
515 3061 542 3109 in
565 3061 616 3110 hoc
641 3059 830 3111 sententiarum
859 3075 929 3110 nexu
953 3062 1040 3111 iocum
1063 3076 1118 3110 nou
1141 3075 1206 3111 esse
1228 3061 1307 3111 facile
1330 3061 1500 3125 perspicitur.

283 3132 359 3182 Mitto
378 3132 495 3181 uirorum
514 3132 650 3181 doctorum
669 3133 844 3193 coniecturas,
863 3130 1021 3198 (Perizouii,
1044 3129 1160 3182 Athenae
1182 3129 1501 3199 reprehensionisque

282 3215 400 3254 sermone
417 3199 507 3252 licemi
522 3199 622 3252 mistae
638 3215 690 3252 non
707 3205 809 3260 tacent,-
826 3199 941 3253 Athenon
957 3200 1171 3270 reprehensiones
1189 3203 1239 3268 (sc.
1256 3203 1360 3254 iliorum
1373 3201 1499 3266 uirorum)

283 3271 373 3340 tinpso
390 3287 506 3325 sernum
527 3270 619 3323 licenti
634 3272 719 3324 soluto
742 3289 794 3324 non
817 3277 915 3328 rocus:
939 3270 1055 3325 Artem
1078 3271 1277 3342 reprehensione
1300 3271 1357 3325 is.
1375 3271 1392 3322 i.
1410 3287 1432 3323 s.
1450 3285 1499 3322 mn

282 3351 391 3404 nocent:
408 3343 523 3396 Athenae
540 3343 569 3394 in
586 3343 809 3414 reprehensionem
826 3344 843 3396 l.
862 3359 885 3395 s.
903 3342 921 3395 i.
938 3360 960 3397 s.
978 3359 1030 3395 non
1048 3350 1151 3403 tacent:
1170 3343 1286 3396 Athenae
1303 3341 1501 3412 reprehensione

283 3413 379 3483 dipnce
396 3415 486 3484 linpsu
502 3431 524 3467 r.
543 3413 560 3467 l
578 3431 600 3467 a.
617 3429 669 3466 non
687 3421 785 3468 tacent:
803 3416 933 3476 Torrcuii,
952 3414 1068 3467 Athenas
1079 3414 1287 3484 reprehensionis
1303 3413 1393 3482 tinpso
1410 3430 1431 3470 s.
1448 3412 1499 3466 ts.

192 3483 198 3492 '
282 3501 333 3540 non
351 3493 438 3552 tecet.)
455 3503 508 3538 nou
525 3489 719 3554 probabiliores
738 3503 819 3550 quam
843 3502 913 3554 quae
932 3487 1058 3556 Pighius,
1082 3489 1200 3538 codicem
1218 3489 1439 3538 Pulmauuiauum
1457 3497 1499 3536 se·

283 3562 368 3618 cutus,
387 3562 414 3610 in
432 3561 595 3611 recentiores
614 3561 743 3612 editiones
760 3560 913 3616 introduxit,
931 3555 1048 3609 Athenin
1070 3557 1257 3625 reprehensore
1274 3556 1364 3625 linqua
1384 3571 1500 3609 sermm

283 3629 373 3682 licenti
389 3629 474 3682 soluto
491 3645 543 3682 non
566 3635 670 3689 carent,
695 3645 764 3697 quae
789 3645 857 3681 seue
880 3631 993 3681 dicende
1016 3635 1093 3681 erent
1115 3645 1197 3698 nepse
1220 3635 1304 3681 tossen
1326 3659 1363 3668 -
1384 3627 1499 3682 Athenae

281 3700 467 3769 reprehensore
485 3729 520 3740 -
538 3707 636 3753 carent.
679 3702 740 3766 lpse
759 3703 903 3767 aliquando
921 3702 1076 3765 suspicatus
1094 3715 1168 3752 erem
1187 3703 1321 3752 excidisse
1339 3698 1419 3768 dipsa
1437 3701 1498 3750 sute

281 3770 378 3837 hapso,
398 3773 468 3834 quod
486 3776 596 3838 propter
614 3773 809 3823 similitudinem
828 3774 930 3824 turmae
949 3773 1029 3823 facile
1047 3774 1131 3823 omitti
1152 3775 1252 3837 potuit,
1278 3773 1497 3837 scribendumque

282 3855 347 3891 esse
365 3840 409 3895 Ar,
428 3841 590 3893 immemores
606 3840 787 3910 berniciorum
805 3841 935 3902 Athenae,
956 3841 1156 3910 reprehensione
1177 3840 1258 3910 dipsa
1275 3841 1365 3909 linpsu
1382 3855 1498 3894 serim

282 3907 371 3960 licenti
387 3910 473 3962 soluta
490 3925 542 3962 non
560 3917 635 3972 locet,
654 3915 725 3976 quod
744 3915 824 3964 etiem
847 3929 917 3964 nunc
939 3915 1043 3964 illorum
1069 3916 1209 3965 conatibus
1231 3916 1369 3980 praeiere,
1393 3914 1497 3965 etiamsi

282 3981 422 4044 displicent
439 3985 544 4032 incendi
562 3986 672 4034 uerbum
695 3985 721 4034 in
744 3985 797 4034 hec
821 3985 990 4050 oppositione
1008 3987 1093 4038 nitere
1112 3987 1171 4037 loco
1189 3987 1337 4045 transitiuo,
1356 3986 1442 4036 altero
1459 3986 1496 4034 in·

280 4051 419 4101 transitiuo
442 4053 592 4120 significatu
617 4055 741 4117 positum.
790 4055 844 4104 lern
870 4069 935 4105 uero
964 4057 1053 4125 megia
1078 4058 1187 4108 inclinet
1210 4059 1315 4110 animus
1333 4061 1368 4107 ut
1390 4059 1495 4107 credam

279 4117 479 4189 reprehensione
496 4137 530 4172 ex
547 4137 679 4187 peruersa
695 4126 912 4189 interpretatione
924 4129 1065 4177 uerborum
1083 4127 1174 4178 licenti
1188 4142 1306 4180 sermone
1317 4131 1403 4181 ortum
1415 4129 1496 4192 irrep·

279 4193 360 4245 sisse.
397 4196 454 4256 Quo
473 4194 575 4244 remoto
592 4195 695 4261 reliqua
712 4209 765 4245 non
783 4197 954 4260 habentque
972 4197 1117 4251 offendant.

350 4265 407 4317 liii.
421 4261 582 4332 parentium)
597 4265 628 4315 iu
645 4268 867 4330 praecedentibus
886 4269 965 4319 huius
984 4271 1075 4334 operis
1093 4271 1271 4322 uoluminibus
1289 4271 1423 4341 genitiuus
1441 4271 1496 4336 piu·

279 4337 344 4388 ralis
369 4353 394 4388 u.
414 4350 515 4404 parens
538 4335 565 4386 lu
588 4337 695 4400 optimis
718 4339 868 4407 quibusque
890 4341 1027 4390 codicibus
1057 4345 1212 4394 constanter
1240 4358 1295 4394 uua
1319 4344 1428 4410 syllaba
1453 4357 1496 4392 nst

279 4409 441 4468 terminatur,
459 4423 604 4470 numquam
626 4408 730 4459 duabus
752 4408 813 4464 ism.
854 4412 912 4462 lem
934 4425 1000 4463 uero
1022 4413 1084 4464 inde
1108 4417 1143 4464 eb
1166 4415 1218 4465 hoe
1242 4415 1303 4466 loco
1327 4415 1413 4466 eidem
1436 4413 1495 4464 libri

277 4480 442 4544 bisyliabem
460 4481 560 4530 tentum
580 4480 793 4532 terminationem
812 4484 948 4542 exhibent,
968 4484 1037 4534 adeo
1052 4487 1082 4534 ut
1093 4486 1237 4537 manifesto
1252 4489 1381 4537 mutatum
1398 4485 1496 4536 librarii

278 4552 416 4601 consilium
435 4553 614 4620 cognoscetur
631 4553 658 4602 et
682 4551 801 4616 inprimis
819 4556 846 4603 in
871 4555 963 4605 codice
986 4555 1130 4616 Beruensl,
1159 4570 1238 4621 quem
1260 4558 1312 4607 ‘bis
1330 4556 1417 4609 tarue’
1435 4571 1494 4607 eam

276 4619 390 4670 formem
408 4623 515 4673 tradere
532 4623 603 4675 falsu
621 4625 843 4675 nematColems.
879 4625 939 4676 Vno
950 4628 1052 4678 tentum
1065 4628 1124 4678 loco
1137 4629 1164 4678 iu
1177 4629 1361 4692 sequentibus,
1381 4627 1497 4680 sirecte

275 4689 312 4737 ibi
331 4693 392 4741 silet
410 4693 515 4743 collatio
533 4708 605 4755 mea,
617 4699 760 4761 parentans
778 4697 866 4757 extet,
885 4695 923 4755 V,
941 4693 973 4758 h,
992 4701 1045 4749 ent.
1069 4694 1100 4757 32
1126 4699 1174 4751 sed
1198 4701 1225 4750 iu
1252 4702 1348 4752 eodem
1372 4700 1496 4765 exemplo

276 4761 357 4821 paulu
379 4765 442 4826 post
457 4763 609 4830 porentism
632 4767 754 4822 occurrit.
801 4772 891 4832 Quare
915 4769 985 4820 huuc
1002 4769 1091 4821 iocum
1108 4772 1206 4824 ceteds
1224 4773 1496 4828 accommodsuimus.
