3409 5400
285 489 352 556 ω.
689 481 750 548 nn
772 480 852 549 uu
874 477 966 548 ivr
990 477 1109 546 onro.

283 643 365 708 curii
386 641 434 709 M.
459 641 626 708 Plaetorio
649 644 747 730 primi
769 643 826 728 pili
850 641 1033 708 centurioni
1057 638 1134 703 data
1163 647 1227 703 est
1257 633 1488 722 praeteritis
1511 654 1566 692 cer·

283 747 425 824 solibus,
449 750 569 836 Appio,
592 749 682 836 quod
705 749 886 814 obstitisset
913 768 977 833 quo
997 747 1109 812 minus
1132 745 1209 808 acri
1243 742 1394 808 alieno
1423 759 1491 804 suo
1515 759 1569 801 snr-

285 867 489 930 curreretur,
522 856 681 930 Seruilio,
715 854 803 940 quod
838 864 1028 938 susceptam
1062 873 1202 916 causam
1242 869 1381 914 suam
1424 844 1570 931 languis.¹

286 963 471 1046 patrocinio
486 963 692 1046 protexisset
731 960 846 1046 Negas
863 960 1033 1023 efficacem
1050 960 1143 1032 iram,
1168 959 1287 1020 cuius
1310 955 1480 1018 hortatu
1496 951 1575 1018 miss

288 1087 419 1130 summo
440 1069 578 1152 imperio
601 1067 767 1152 praelatus
792 1065 867 1130 est‘l

246 1169 279 1236 7.
378 1171 474 1252 Quae
503 1171 635 1257 quidem
665 1195 733 1237 non
759 1171 963 1258 proculcauit
994 1181 1118 1234 tanturn
1148 1170 1338 1253 imperia,
1388 1165 1469 1230 sed
1495 1167 1579 1227 elion

290 1280 396 1366 gessit
416 1280 610 1364 inpotenter.
662 1277 750 1342 Nam
780 1278 821 1358 Q.
844 1276 996 1341 Metellus
1025 1298 1099 1342 cum
1125 1286 1323 1360 utramque
1367 1271 1580 1358 Hispania:

290 1383 407 1448 consul
429 1387 533 1468 prius,
558 1384 678 1449 deinde
700 1406 760 1470 pro
784 1381 920 1448 consulo
943 1403 1050 1467 paene
1073 1389 1173 1444 totam
1198 1380 1467 1466 subegisset,
1500 1389 1582 1462 posi·

291 1509 391 1576 quam
413 1491 572 1576 cognouit
600 1489 643 1570 Q.
665 1488 859 1574 Pompeium
889 1487 1075 1560 consulem,
1106 1488 1282 1550 inimicum
1327 1507 1481 1558 suum,
1515 1505 1583 1544 suc·

291 1616 461 1659 cessorem
483 1594 548 1659 sibi
570 1596 666 1670 mitti,
690 1616 825 1669 omnes,
856 1595 911 1681 qui
938 1593 1037 1658 modo
1061 1591 1208 1656 militiam
1232 1612 1356 1654 suam
1390 1589 1595 1654 uoluerunt.

290 1700 388 1774 finiri,
410 1699 543 1773 dimisit,
566 1713 771 1764 commeatus
793 1699 979 1786 petentibus
996 1719 1102 1786 neque
1119 1697 1232 1762 causis
1249 1700 1451 1761 excussis
1473 1715 1580 1778 neque

290 1806 465 1870 constituto
489 1815 636 1887 tempore
667 1805 774 1878 dedit,
801 1802 924 1868 horrea
952 1806 1143 1870 custodibus
1172 1805 1316 1867 remotis
1362 1817 1577 1890 opportuna

288 1909 425 1992 rapinae
447 1909 611 1991 praebuit,
642 1930 741 1974 arcus
765 1913 972 1998 sagittasque
996 1911 1200 1974 Cretensium
1229 1910 1359 1996 frangi
1398 1923 1521 1996 atque
1546 1907 1575 1967 iu

289 2031 423 2076 amnem
445 2011 531 2075 abici
554 2013 662 2089 iussit,
687 2015 871 2101 elephantis
888 2018 1013 2082 cibaria
1028 2016 1098 2082 dari
1114 2017 1225 2081 uetuit.
1276 2015 1442 2098 Quibus
1471 2014 1570 2078 factis

289 2129 326 2182 ut
346 2116 518 2202 cupiditati
539 2140 622 2182 suae
645 2120 792 2196 indulsit,
814 2123 861 2186 ita
875 2125 1052 2210 magnifice
1069 2136 1238 2208 gestarum
1254 2119 1604 2213 rerum'gloriamr

291 2225 437 2307 corrupit
457 2225 675 2311 meritumque
697 2225 858 2292 honorem
883 2227 1048 2314 triumphi,
1070 2227 1214 2293 hostiurn
1240 2249 1348 2314 quam
1383 2229 1472 2291 irae
1499 2225 1563 2288 for·

292 2332 355 2395 tior
376 2332 493 2403 uictor,
516 2332 633 2397 amisit.

252 2425 284 2490 Β·
383 2434 472 2516 Quid
487 2436 590 2524 Sylla,
614 2437 693 2502 dum
714 2437 792 2501 huic
814 2442 894 2504 uitio
919 2440 1131 2526 obtemperet,
1156 2461 1266 2504 nonne
1289 2441 1410 2504 multo
1441 2438 1553 2502 alieno

295 2544 459 2628 sangmne
481 2543 618 2628 profuso
643 2543 686 2607 ad
708 2543 855 2609 ultimum
880 2560 910 2609 et
933 2569 1031 2611 sunm
1056 2545 1231 2634 erogauit‘.l
1265 2545 1434 2612 Puteolis
1464 2545 1552 2608 enim

296 2697 321 2752 1.
339 2700 468 2765 pieelorio
489 2699 518 2753 C.
536 2704 672 2766 praetorio
690 2702 761 2759 DE.
776 2703 828 2773 119.
847 2722 912 2758 uere
929 2704 1057 2759 AGDE.
1070 2704 1083 2773 ΙΙ
1096 2722 1145 2757 suo
1164 2722 1213 2761 om.
1232 2704 1268 2759 D.
1288 2706 1300 2777 ΙΙ
1322 2704 1352 2759 3.
1376 2712 1410 2759 ei
1432 2706 1544 2758 senrilio
1599 2689 1600 2715 ³

295 2784 365 2851 cerr.
376 2768 420 2850 ⁸1).
442 2768 620 2839 {succeptum
634 2788 681 2840 pr.
702 2774 732 2827 A.
751 2780 906 2840 suspectam
925 2774 961 2829 D.
973 2776 987 2844 ΙΙ
999 2775 1025 2831 l.
1044 2782 1126 2901 nezgat
1139 2793 1185 2845 pr.
1202 2774 1235 2831 A.
1257 2794 1333 2847 nege
1351 2776 1484 2830 macir
1501 2774 1544 2827 Pe

294 2854 420 2891 mm.
463 2841 612 2906 efficacem]
631 2840 695 2895 edd.
714 2860 779 2899 esse
797 2846 833 2901 Ε.
855 2848 866 2911 ΙΙ
886 2850 973 2897 orielll
990 2846 1054 2983 ΑΙΙΙ

304 2908 319 2974 ΙΙ
330 2905 356 2959 l.
374 2911 608 2973 nonnullatenus
626 2909 658 2963 A.
678 2929 794 2982 namque
813 2919 936 2969 metellus
958 2915 1018 2971 GE.
1039 2917 1080 2986 18.
1099 2918 1193 2985 lolam]
1208 2921 1264 2969 lum
1278 2934 1324 2987 pr.
1340 2916 1374 2971 A.
1397 2923 1459 2971 iam
1480 2912 1538 2969 DE

293 2980 320 3025 et
336 2990 407 3028 eon.
425 2976 457 3028 A.
468 2975 483 3041 ΙΙ
496 2974 538 3057 12..
557 2984 689 3043 oportuna
706 2982 738 3033 A.
753 2988 765 3051 ΙΙ
787 2984 828 3037 tl.
848 2989 1036 3052 elephantibus
1055 2986 1117 3051 1111
1134 2984 1175 3039 18.
1195 2991 1220 3053 s.
1239 2986 1257 3041 8
1275 3004 1325 3041 otu.
1344 2988 1375 3043 Γ.
1389 2988 1407 3059 ΙΙ
1419 2992 1483 3055 quil
1493 3000 1535 3055 pf·

292 3041 325 3096 A.
336 3044 351 3112 ΙΙ
364 3040 406 3097 lit.
422 3047 533 3110 profuso
544 3062 592 3114 pr.
609 3048 642 3103 A.

1121 2853 1196 2910 Quae
1215 2876 1249 2885 —
1268 2848 1319 2915 (l.)
1341 2848 1420 2901 Nam
1442 2842 1538 2899 ens·

297 3200 368 3269 iupus
387 3182 486 3238 Thebes
503 3192 649 3250 tenerem.
668 3190 706 3243 ud
722 3192 830 3247 eunden
848 3214 881 3249 ee
900 3199 983 3267 qruliu
1000 3200 1029 3251 ia
1047 3199 1192 3253 cubiculum
1211 3202 1318 3253 ueniens
1336 3206 1389 3255 ele.
1432 3205 1530 3255 Eodem

295 3259 425 3323 peruret.
446 3260 538 3343 al'pro
557 3262 671 3325 simplici
690 3266 901 3320 demonstratiuo
925 3268 995 3321 idem
1017 3274 1184 3323 abundanter
1208 3274 1331 3331 adicitur,
1357 3274 1529 3326 referendum

297 3330 333 3379 ad
351 3331 546 3381 snbstunbuum
566 3333 687 3383 eiusdem
705 3340 833 3389 enuntiati
847 3343 941 3391 eodem
956 3356 1020 3392 casu
1035 3344 1159 3407 positum,
1180 3344 1207 3393 in
1221 3359 1271 3408 quo
1284 3359 1388 3411 genere
1404 3346 1530 3397 Valerius

297 3401 449 3481 composuit
465 3401 487 3459 1.
507 3398 1019 3478 l.l‚su1pieiointersacnficundnm
1043 3428 1057 3463 e
1082 3413 1169 3481 cupite
1192 3428 1259 3479 opes
1276 3412 1430 3481 prolapsus
1450 3413 1528 3467 eide-

296 3467 473 3553 mesdeus·
491 3468 606 3552 abab&
644 3474 698 3525 Sed
717 3477 743 3525 id
757 3482 846 3545 ulique
865 3486 938 3533 recle
957 3484 1271 3552 contendit'itladuigius,
1290 3500 1443 3550 numquam
1465 3484 1528 3538 idea

297 3540 451 3606 significare
468 3540 512 3593 luc
529 3558 596 3610 epse.
617 3547 661 3611 qul
679 3560 747 3596 nunc
766 3552 872 3600 demum
892 3556 1051 3604 nominatur.
1088 3554 1289 3605 Substantiuum
1309 3556 1389 3614 cmm,
1415 3574 1474 3622 quo
1493 3574 1528 3608 re

297 3609 436 3695 ferendum
455 3618 490 3661 stt
507 3614 559 3662 boc
578 3630 733 3677 pronomen.
751 3620 778 3667 in
797 3622 921 3671 omnibus
935 3624 1014 3673 etlam
1029 3626 1181 3675 Valerianis
1194 3627 1334 3689 exemplis,
1348 3640 1422 3689 queo
1445 3631 1527 3679 attuli.

296 3683 442 3741 praeeedit.
477 3683 569 3747 ltaque
587 3688 743 3737 necessario
761 3689 813 3739 hoc
831 3692 890 3740 loco
911 3708 940 3743 eo
959 3699 1073 3760 ternpore
1092 3698 1260 3746 scribendum
1280 3699 1330 3746 est.
1372 3695 1526 3762 syllabam.

298 3762 379 3811 quam
397 3753 474 3801 uncis
493 3755 600 3832 seclusi,
620 3760 705 3807 ortem
724 3762 846 3823 suspicor
865 3776 880 3811 e
898 3764 1021 3825 proximu
1039 3768 1205 3827 insequentis
1224 3767 1354 3817 uocabuli.

369 3816 409 3869 M.
420 3820 567 3888 Plaetorio)
587 3826 662 3875 Liuio
675 3828 719 3878 hic
736 3832 813 3892 primi
826 3832 873 3894 pili
887 3836 1004 3885 centurio
1018 3837 1055 3889 M.
1066 3836 1210 3887 Laetorius
1226 3838 1376 3901 appellatur
1388 3846 1526 3907 negatque

298 3885 385 3965 reule.
410 3892 438 3937 ni
457 3892 548 3950 fallor,
568 3895 734 3955 Perizonius.
758 3900 918 3952 Plaetorium
941 3908 1051 3969 geniem
1076 3912 1131 3957 tam
1154 3908 1289 3970 antiquam
1308 3906 1396 3959 luisse
1412 3910 1526 3963 Romue.

296 3952 426 4035 Equidem
450 3960 477 4006 in
501 3976 531 4010 re
554 3967 623 4013 satis
647 3968 728 4019 dubia
751 3986 846 4022 tremor
870 3974 988 4023 codicum
1014 3978 1140 4029 deserere
1160 3979 1252 4037 iidem,
1279 3982 1440 4043 praesertim
1467 3999 1524 4033 cum

298 4024 456 4084 epitomelor
475 4028 553 4079 Paris
572 4035 655 4113 lolam
674 4039 725 4088 hoc
744 4044 894 4106 exemplum
914 4048 1088 4107 praeterierit.

369 4090 395 4145 ’1.
412 4098 549 4181 utrumque
565 4100 736 4173 Hispaniam)
761 4112 884 4163 Valerius
903 4128 959 4164 rem
978 4118 1004 4165 in
1024 4120 1111 4169 maius
1131 4121 1231 4171 extulit.
1267 4121 1334 4170 Nam
1354 4122 1441 4171 solam
1463 4127 1521 4173 cite·

298 4164 396 4215 riorcm
412 4169 576 4229 proulnclltm
596 4176 706 4227 obtinuit
724 4185 756 4240 Q.
776 4183 899 4235 Metellus
920 4187 1118 4239 Macedonicus.
1155 4192 1194 4242 Cf.
1212 4191 1270 4241 Liu.
1294 4193 1357 4255 epil.
1380 4193 1438 4246 libr.
1456 4194 1519 4246 Llil.

298 4234 370 4299 5¹⁰¹·-
388 4236 420 4296 Π.
440 4232 481 4294 Π.
503 4235 626 4323 11111181·
639 4245 672 4304 Π.
691 4246 717 4305 1.
741 4248 780 4304 10.
803 4255 849 4314 Ill,
867 4252 893 4315 2,
912 4253 955 4307 ul.
981 4258 1012 4317 V,
1034 4256 1057 4318 l,
1077 4256 1102 4312 5.
1131 4264 1162 4323 Q.
1179 4262 1322 4327 Pompeius
1341 4265 1443 4324 aulem,
1462 4280 1517 4315 stre·

298 4320 393 4357 ceasor
411 4311 442 4369 Q.
461 4309 570 4370 Metelli,
589 4317 683 4366 consul
701 4324 761 4369 erat
778 4339 803 4375 a
824 4341 848 4377 u.
869 4342 891 4377 c.
909 4323 971 4379 tili.

365 4392 452 4443 paene
475 4382 566 4445 tolum)
593 4383 634 4432 Ex
659 4390 799 4456 archetypi
823 4393 922 4449 uillosa
945 4402 1076 4465 scripture
1095 4418 1181 4470 paene
1205 4408 1257 4455 lum
1281 4419 1367 4470 aequo
1392 4408 1513 4471 probabili

297 4450 445 4499 mutatione
463 4452 532 4501 efflei
550 4457 640 4517 polest
654 4471 739 4524 paene
757 4466 838 4514 tolum
857 4470 884 4517 ot
900 4484 985 4537 paene
1003 4471 1065 4523 ium.
1102 4476 1178 4535 Quod
1197 4490 1247 4526 nos
1266 4476 1405 4539 posuimus
1418 4476 1510 4527 Paridis

299 4520 457 4581 compendio
476 4526 689 4587 commendatur,
708 4532 735 4580 in
755 4549 806 4596 quo
825 4537 924 4605 legitur
941 4538 1063 4594 Metellus
1081 4548 1135 4594 lein
1149 4560 1237 4613 paene
1256 4544 1387 4615 Hispania
1403 4544 1509 4598 subacta

369 4584 395 4641 8.
414 4590 453 4643 Ci.
472 4592 540 4644 Plut
558 4593 626 4679 Spu.
644 4593 688 4651 31.
707 4601 811 4669 Reliqui
828 4606 975 4671 scriptores
994 4628 1106 4665 causam
1124 4618 1217 4667 mortis
1229 4616 1323 4683 Syllae
1341 4618 1507 4683 pediculorum

299 4656 420 4709 morbum
439 4662 498 4712 siue
515 4665 676 4728 pblbrrinsln
694 4671 780 4724 inisse
796 4677 913 4730 tradunt.
940 4680 979 4733 cl.
999 4682 1065 4736 Plln.
1083 4686 1111 4738 lr.
1130 4700 1156 4739 u.
1175 4686 1237 4747 vu,
1258 4684 1306 4748 lu,
1325 4684 1360 4741 ll
1379 4690 1405 4740 et
1423 4688 1506 4745 xxvi.
