3409 5400
374 500 440 566 214
704 490 764 555 DE
788 482 1039 553 DISCIPLINA
1061 480 1267 549 MILITARI.

375 654 586 743 confugiendi
607 655 643 717 in
664 652 777 715 urbem
802 647 904 721 dedit,
931 647 985 709 ubi
1007 646 1129 707 frustra
1152 654 1287 707 senatus
1312 642 1463 707 auxilium
1480 646 1512 706 'iu

374 765 470 828 rauit.
514 760 624 825 Nihilo
646 760 756 821 minus
781 756 870 819 enim
889 752 1041 838 Papirius
1064 756 1099 819 in
1123 749 1287 837 exigenda
1309 770 1418 834 poena
1439 772 1512 834 pers

375 870 469 933 rauit.
513 865 627 951 Itaque
649 874 783 927 coactus
807 873 858 924 est
880 870 971 945 pater
994 862 1065 924 eius
1089 870 1165 945 post
1187 858 1379 921 dictaturam
1403 858 1512 921 tertiuu

376 971 581 1037 consulatum
608 991 678 1032 rem
701 969 744 1031 ad
766 966 923 1052 populum
952 966 1116 1031 deuocare
1145 964 1365 1049 auxiliumque
1397 964 1512 1027 tribune

290 1130 293 1135 .
375 1078 463 1165 plebi
490 1077 628 1162 supplex
654 1097 714 1160 pro
745 1074 810 1137 filio
840 1084 961 1157 petere.
1007 1072 1122 1157 Neque
1151 1071 1214 1135 hac
1243 1092 1278 1133 re
1303 1071 1460 1135 seueritas
1482 1070 1512 1133 P⁴

375 1184 535 1247 refrenari
563 1183 675 1267 potuit.
728 1180 896 1251 Ceterum,
932 1200 1006 1243 cnm
1034 1180 1075 1241 ab
1104 1178 1269 1242 uniuersis
1297 1176 1421 1241 ciuibus
1454 1188 1484 1245 et
1509 1178 1512 1241 ἔ

376 1289 513 1352 tribunis
536 1287 622 1372 plebi
637 1298 819 1372 rogaretur,
842 1294 981 1349 testatus
1006 1296 1056 1349 est
1079 1307 1115 1349 sc
1133 1304 1275 1369 poenam
1298 1282 1390 1345 illam
1411 1304 1476 1347 nou
1491 1284 1512 1347 p

377 1393 439 1458 sed
460 1392 580 1477 populo
605 1404 636 1453 et
658 1392 848 1455 tribuniciae
873 1392 1051 1455 concedere
1076 1390 1238 1475 potestati.

336 1505 367 1570 9,
465 1498 586 1562 Lucius
604 1519 733 1582 quoque
750 1497 946 1581 Calpurnius
963 1498 1042 1561 Piso
1063 1495 1188 1569 consul,
1213 1517 1286 1559 curn
1300 1496 1335 1559 iu
1352 1496 1461 1559 Sicilia
1475 1498 1512 1559 be

378 1606 540 1671 aduersus
563 1604 720 1689 fugitiuos
746 1614 874 1687 gereret
897 1614 929 1665 et
953 1603 985 1665 0.
1011 1602 1122 1675 Titius,
1148 1603 1292 1687 equitum
1314 1604 1507 1687 praefectus,

377 1712 564 1798 gitiuorum]
588 1708 790 1771 multitudine
813 1707 956 1771 hostium
974 1710 1215 1774 circumuentus
1238 1730 1329 1779 arma
1344 1710 1383 1772 iis
1400 1710 1512 1773 tradidi

376 1816 430 1881 his
458 1815 660 1899 praefectum
687 1814 889 1898 ignominiae
914 1814 1089 1899 generibus
1120 1815 1248 1879 adfecit.
1295 1812 1395 1879 lussit
1422 1838 1494 1881 eum

376 1920 504 1984 laciniis
528 1919 669 1982 abscisis
693 1919 846 1981 amictum
871 1918 1094 2005 discinctaque
1119 1921 1227 1984 tunica
1250 1920 1397 1985 indutum
1419 1923 1512 1985 nudis

316 2030 323 2037 ’
377 2024 472 2089 dibus
502 2048 522 2088 a
544 2045 641 2089 mane
668 2026 703 2087 in
732 2035 861 2087 noctem
885 2047 991 2110 usque
1015 2026 1058 2089 ad
1080 2028 1240 2110 principia
1263 2048 1320 2112 per
1344 2050 1438 2091 omne
1468 2040 1512 2091 teu

377 2130 508 2195 militiae
532 2130 661 2195 adesse.
699 2128 866 2193 Interdixit
881 2134 977 2195 ctiam
1002 2133 1033 2195 ei
1049 2134 1233 2195 conuictum
1249 2132 1418 2197 homiuum
1433 2156 1512 2198 usun

376 2236 586 2310 balnearum,
622 2248 810 2321 turmasque
845 2239 1005 2323 equitum,
1042 2238 1159 2323 quibus
1194 2241 1394 2323 praefuerat,
1434 2242 1512 2305 adeu

378 2376 403 2429 l.
421 2378 565 2441 inpetrauit
581 2375 616 2428 Ε.
633 2377 646 2443 ΙΙ
663 2376 688 2429 2.
708 2380 796 2429 Nihilo
815 2408 850 2417 —-
869 2384 1053 2445 perseuerauit
1071 2396 1119 2431 om.
1138 2394 1183 2447 pr.
1210 2378 1242 2433 B.
1260 2378 1273 2447 ΙΙ
1291 2378 1316 2431 i.
1336 2384 1512 2446 similiumque

377 2463 426 2499 um.
444 2447 472 2500 E
490 2453 517 2498 et
528 2463 574 2515 pr.
593 2447 631 2499 D.
642 2449 656 2517 ΙΙ
667 2446 692 2499 5.
710 2452 798 2513 plebis
818 2455 864 2501 est
881 2454 916 2516 pl.
938 2449 1140 2503 CDEI'Torr.
1152 2449 1165 2515 ΙΙ
1184 2449 1207 2503 I.
1228 2453 1317 2515 plebei
1335 2452 1366 2505 Γ.
1391 2456 1478 2519 plebis
1498 2470 1512 2505 a

378 2514 548 2569 CDETorr.
564 2516 575 2587 ll
591 2522 633 2570 est
650 2535 698 2570 om.
718 2518 749 2572 Γ.
770 2516 782 2589 Η
802 2537 855 2570 ηοη
874 2538 989 2585 pomum
1008 2524 1079 2572 illurn
1100 2537 1130 2570 sc
1152 2518 1227 2575 Torr.
1245 2521 1257 2587 ll
1275 2520 1299 2575 8.
1324 2524 1434 2590 populo]
1461 2522 1512 2574 add

376 2604 457 2639 meno
475 2588 511 2649 (Γ
512 2593 520 2649 i
529 2587 605 2643 Torr.
625 2592 637 2657 ΙΙ
656 2592 764 2641 tribun-
782 2590 841 2651 (eie)
864 2591 895 2643 A.
919 2594 1023 2643 tribune
1042 2592 1075 2644 B.
1099 2594 1261 2642 tribunorum
1283 2592 1407 2646 cDEP.
1422 2595 1434 2663 ΙΙ
1453 2592 1479 2648 ii.
1499 2600 1512 2644 b

377 2674 426 2712 om.
440 2674 486 2726 pr.
504 2658 536 2712 Β.
551 2662 563 2730 Η
580 2660 620 2715 10.
640 2663 783 2729 aduersus]
803 2666 874 2726 apud
892 2661 924 2715 Γ.
937 2664 949 2732 Η
962 2668 988 2715 et
1006 2667 1034 2716 C.
1046 2664 1142 2728 Titius]
1164 2666 1189 2714 et
1205 2666 1277 2715 titius
1297 2662 1454 2722 luctis.
1472 2670 1512 2718 itti

388 2727 401 2794 ΙΙ
420 2732 536 2794 equitum
560 2733 723 2799 praefectus]
752 2735 916 2798 praefectum
942 2737 1058 2800 equitum
1082 2736 1151 2798 quod
1174 2733 1205 2785 Γ.
1227 2736 1239 2802 ΙΙ
1260 2737 1444 2806 tugItiuorunr]
1468 2756 1512 2792 om.

375 2799 482 2865 punctis
498 2808 613 2853 acimum
631 2819 701 2855 coir.
720 2802 753 2854 A.
770 2803 828 2854 eine
844 2803 920 2855 uncis
940 2803 1016 2858 Torr.
1028 2805 1041 2871 ΙΙ
1056 2803 1095 2856 II.
1115 2807 1231 2856 hostiurn
1249 2823 1298 2857 om.
1317 2807 1349 2860 Γ.
1364 2805 1375 2876 ΙΙ
1391 2812 1512 2860 circumru

377 2866 439 2921 add.
458 2886 489 2922 se
513 2888 582 2924 corr.
601 2872 633 2925 A.
652 2874 664 2939 ΙΙ
682 2891 758 2924 erma
781 2876 825 2941 iis]
852 2879 963 2926 armatis
982 2875 1015 2928 A.
1040 2892 1116 2926 arms
1139 2878 1182 2926 bis
1202 2877 1256 2940 (uel
1272 2880 1336 2941 hiis)
1354 2879 1450 2934 BCD.
1475 2884 1509 2932 ho

377 2955 454 2991 erma
471 2940 582 3010 111112
601 2945 655 3010 his]
674 2947 698 2994 is
716 2943 750 2995 Β.
765 2943 776 3015 11
792 2940 956 3009 praefectum
975 2963 1024 2999 om.
1043 2945 1074 2997 Γ.
1086 2945 1099 3011 Η
1112 2948 1190 2996 adfici
1208 2947 1239 2999 A.
1259 2949 1329 3000 affici
1348 2950 1507 3004 BCDEF.

376 3010 448 3061 reeit
491 3012 496 3024 '
512 3013 535 3064 i.
547 3014 561 3080 Η
573 3031 632 3064 curn
648 3013 679 3064 Α.
691 3013 704 3080 Η
721 3011 759 3067 13.
773 3019 905 3068 abscissis
926 3016 979 3069 ΟΕ
987 3016 1063 3068 Turr.
1078 3017 1090 3079 ΙΙ
1105 3019 1278 3084 decincthue
1290 3017 1478 3074 tuebar.
1502 3021 1512 3073 I

377 3079 468 3220 theadi}
481 3082 521 3203 It..
540 3088 651 3206 rgtpsset
671 3084 722 3136 CI*
739 3093 764 3137 et
775 3103 821 3154 pr.
840 3087 901 3140 ΑΒ,
922 3091 1013 3140 eduxit
1025 3087 1062 3140 D.
1078 3086 1090 3159 ll
1109 3083 1146 3142 tu.
1166 3092 1321 3142 balneorum
1336 3091 1397 3146 ΟΒ.
1417 3097 1511 3146 buiner

419 3168 436 3201 a
455 3169 487 3217 ep
502 3170 526 3204 rs
600 3194 607 3207 .

448 3274 606 3328 tribuniciae
624 3278 764 3332 concedere
777 3283 914 3349 potestati)
933 3287 1079 3352 vulgatam
1098 3288 1167 3336 banc
1180 3289 1338 3352 scripturam
1351 3292 1512 3341 retinendam

379 3348 479 3405 censui,
499 3350 620 3409 quemuis
639 3353 758 3417 plerique
777 3356 852 3406 codd.
866 3357 974 3405 tradunt
991 3353 1162 3408 tribunorum.
1199 3359 1268 3409 Nam
1287 3375 1345 3410 cum
1359 3362 1468 3411 dubium
1488 3361 1512 3411 si

376 3416 522 3468 BernensIs
547 3420 725 3471 testimenium
749 3421 870 3481 (tribua-
896 3424 1037 3477 concedere
1057 3426 1214 3494 potestati),
1246 3435 1382 3494 proximus
1415 3436 1450 3481 ab
1477 3449 1509 3482 oo

378 3489 591 3538 vindobonensIs
615 3485 640 3537 Β
664 3490 786 3554 (tribune)
808 3498 926 3547 indicare
951 3500 1055 3550 uidetur
1080 3501 1215 3550 Valerium
1239 3503 1306 3551 Liuii
1331 3505 1415 3553 uerba
1439 3506 1512 3556 reddi

377 3562 448 3622 apud
467 3575 545 3624 quem
564 3560 644 3622 (VIII,
663 3555 710 3622 35)
728 3561 848 3624 Papirius
867 3569 904 3616 itu
923 3569 1051 3631 loquitur,
1075 3573 1196 3620 ‘dormtur
1214 3574 1313 3636 populo
1331 3575 1466 3633 Romano,
1488 3578 1512 3626 dt

375 3631 531 3679 tribuniciae
549 3631 693 3693 potestati·

447 3695 472 3751 9.
492 3701 531 3750 ef.
550 3701 639 3751 Front.
659 3702 733 3752 strat.
752 3703 809 3756 1111.
832 3704 853 3759 t,
871 3705 914 3760 26.
1381 3753 1384 3758 Α

449 3774 474 3816 et
492 3767 521 3819 C.
543 3767 637 3830 Titiae)
661 3772 845 3823 Praenominis
864 3783 968 3838 uotam,
988 3783 1104 3832 alionum
1123 3787 1158 3833 ab
1178 3787 1300 3836 omnibus
1319 3789 1472 3843 codicibus.
1498 3805 1512 3852 p

379 3839 512 3899 supplffllii
530 3839 641 3904 Pighius
665 3842 837 3899 0Ft'0ntln0.
869 3849 896 3894 ut
920 3854 1039 3912 equidem
1065 3856 1171 3917 opinor,
1201 3871 1217 3904 u
1243 3874 1293 3922 quo
1316 3860 1379 3908 item
1406 3861 1490 3908 tinius

378 3908 495 3956 uocetur.
532 3908 554 3954 Α
580 3907 687 3958 Valerio
716 3927 776 3962 eam
799 3917 915 3976 positam
947 3935 1008 3972 csse
1040 3925 1205 3975 demonstrat
1234 3928 1380 3979 Paridense
1405 3947 1512 3993 comper

376 3976 476 4025 interiit
488 3978 570 4056 Igitur
581 3979 608 4026 in
621 3981 679 4030 cod.
692 3984 841 4046 archetypo
852 3987 916 4036 illud
930 3991 1023 4040 eintcr
1035 3997 1103 4045 diras
1117 3997 1219 4046 litteras
1232 4000 1353 4049 eiusdem
1366 4002 1423 4050 tere
1438 4003 1512 4068 tigurr

440 4044 647 4130 ,lsfflfflml
667 4048 831 4102 mmmm
847 4053 968 4128 militm)
987 4064 1076 4126 Inepte
1093 4083 1205 4129 prorsus
1219 4070 1246 4117 in
1258 4071 1333 4121 codd.
1347 4085 1414 4122 mss.
1428 4073 1512 4138 fugitir

376 4117 536 4182 sigmticetro
561 4133 588 4165 in
613 4119 770 4170 denotandis
796 4125 918 4176 hostibus
948 4135 1086 4194 ropetitur,
1116 4154 1175 4188 cum
1200 4141 1278 4188 modo
1304 4147 1512 4192 commemoratu

374 4186 476 4236 bellum
494 4189 626 4238 aduersus
645 4191 771 4257 fugitiuos
795 4201 911 4262 gestum.
957 4207 1123 4267 erupropter
1139 4207 1332 4273 supitiuorum,
1363 4217 1434 4276 quod
1462 4216 1497 4262 sd

374 4260 533 4320 pretsndam
551 4275 576 4309 u.
595 4257 706 4310 bostium
725 4266 869 4328 ascriptum
889 4285 952 4320 csso
972 4289 1130 4335 persuasum
1150 4281 1246 4338 habeo,
1267 4284 1375 4342 seclusi,
1395 4301 1450 4334 nou
1471 4287 1512 4333 uili

373 4330 446 4377 intus
465 4329 569 4378 Paridis
589 4333 753 4391 auctoritato,
773 4338 817 4400 qui
836 4342 931 4390 eodem
950 4347 1080 4395 uoeubuio
1100 4351 1200 4400 onusso
1227 4353 1381 4416 simpliciter
1406 4358 1500 4418 posuit

375 4396 465 4480 tudine
482 4398 591 4450 boetium
610 4399 809 4461 circumuentus.
830 4412 900 4460 uude
918 4413 1019 4464 tactum
1037 4419 1119 4466 estut
1138 4424 1292 4474 emendator
1311 4426 1370 4474 libri
1382 4427 1512 4476 Denieiin

375 4467 546 4534 suffusorum
564 4476 668 4536 punctis
689 4481 835 4539 suppositis
862 4483 970 4534 deleret.
1012 4487 1106 4539 Laudo
1132 4491 1256 4558 Pighiurn
1284 4498 1345 4545 autc
1370 4512 1415 4548 me
1441 4499 1486 4548 tus
1511 4513 1512 4534 t

376 4541 522 4598 offensum
551 4559 603 4593 non
630 4549 715 4608 probo
746 4555 943 4619 expungentem
974 4561 1119 4609 secundum
1151 4563 1208 4612 cod.
1234 4563 1378 4616 Susianum
1403 4569 1512 4628 (Ceucb‘

377 4610 491 4659 debebat
509 4614 609 4677 dicere)
629 4617 741 4666 alterum
758 4624 918 4686 genitiuum.
944 4625 1067 4690 bostium,
1095 4634 1231 4701 tamquam
1252 4643 1276 4686 ‘e
1295 4639 1475 4707 ludimagistri
1496 4641 1512 4688 d

376 4682 515 4740 assutum,
535 4699 594 4732 cum
612 4685 636 4734 is
654 4688 713 4750 Ipse
732 4689 767 4739 sit
786 4693 951 4754 aptissimus.
