3409 5400
309 516 375 583 ms
605 478 609 484 ’
683 505 743 573 nn
767 502 991 572 censoru
1012 500 1142 569 Nora

308 676 416 740 uacui.
458 672 505 736 Ite
526 671 625 757 igitur
647 679 679 731 st
699 667 864 732 nodosam
887 664 1045 731 exsoluite
1062 664 1190 749 stipem,
1211 658 1323 725 utilem
1344 659 1525 743 posteritati

299 774 522 846 .numerosee.'

266 884 299 949 2.
394 883 519 949 Horum
541 883 749 947 seueritatem
764 880 810 943 M.
825 879 980 943 Valerius
997 878 1161 943 Maximus
1179 889 1210 940 et
1225 876 1261 939 G.
1276 874 1390 939 Iunius
1405 871 1522 936 Brutus

304 989 471 1057 Bubulcus
487 1010 643 1053 censores
658 986 821 1051 consimili
836 1005 957 1072 genere
981 984 1279 1047 animaduersionis
1302 980 1418 1045 imitati
1440 990 1523 1044 sunt.

304 1095 442 1162 Lucium
465 1098 553 1159 enim
567 1094 712 1158 Annium
734 1104 851 1157 senatu
871 1104 1051 1166 mouerunt,
1076 1091 1163 1179 quod
1187 1110 1285 1176 quam
1307 1088 1470 1173 uirginem
1492 1088 1549 1149 ins

306 1203 550 1267 matrimonium
564 1200 702 1265 duxerat
721 1198 938 1284 repudiasset,
962 1197 1049 1261 nullo
1066 1199 1245 1261 amicorum
1269 1193 1406 1259 consilio
1432 1190 1523 1257 edhi-

306 1408 333 1466 3.
350 1414 450 1467 Horum
469 1416 640 1466 seueritatem
658 1428 709 1464 ora.
726 1410 758 1463 Γ.
769 1412 783 1479 ΙΙ
800 1430 824 1461 c.
841 1414 929 1465 iunius
955 1414 1085 1464 bubulcus
1104 1424 1231 1461 censores
1249 1410 1276 1458 in
1300 1408 1418 1458 cousin
1435 1404 1464 1457 ἐι
1482 1420 1523 1457 ro·

305 1499 371 1536 raro
387 1483 420 1536 Α
431 1486 445 1554 ΙΙ
456 1486 557 1551 lunius]
577 1486 700 1535 uiminlus
709 1483 744 1535 Ε.
756 1484 770 1553 ΙΙ
779 1485 890 1551 Brutus]
905 1489 969 1553 post
986 1485 1120 1533 Bubulcus
1142 1479 1218 1533 Torr.
1236 1495 1285 1531 ota.
1303 1478 1366 1531 Por.
1385 1483 1412 1528 et
1428 1492 1523 1529 emero

305 1550 339 1606 A.
353 1554 366 1626 ΙΙ
379 1553 405 1608 l.
424 1556 563 1621 censores]
584 1552 647 1605 odd.
669 1558 698 1605 in
715 1568 812 1605 rma
829 1552 869 1609 A.
892 1552 1023 1615 (Effert.
1041 1554 1055 1622 lt
1072 1552 1200 1603 consimili
1219 1580 1254 1589 -
1272 1552 1365 1600 imitati
1383 1564 1433 1599 oct.
1452 1544 1510 1617 1111

306 1630 370 1677 sunt
393 1643 442 1678 oca.
466 1625 575 1679 l'i’orr.
586 1624 638 1694 115.
656 1628 726 1677 enirn
744 1640 796 1675 oar.
819 1623 928 1677 l'i'orr.
947 1624 961 1691 ΙΙ
978 1627 1114 1675 antonium
1131 1619 1393 1675 assuerum.
1412 1620 1425 1689 u
1446 1616 1473 1674 o.
1496 1622 1522 1670 in

306 1700 418 1751 consilio
435 1696 519 1751 ΒΕΓ
535 1703 562 1749 et
573 1712 620 1765 pr.
638 1695 669 1751 A.
687 1698 714 1748 iu
732 1698 873 1747 consilium
891 1694 918 1749 Ε
937 1700 963 1747 ct
979 1710 1049 1747 corr.
1067 1694 1101 1749 A.
1124 1692 1200 1747 Torr.

377 1888 504 1945 nodosam
528 1888 652 1946 eahta
673 1890 776 1959 stipent)
807 1891 957 1956 Ancipitem
981 1895 1061 1958 etque
1083 1892 1236 1956 impeditam
1259 1890 1418 1939 sententiam
1442 1886 1523 1938 uariis

307 1966 538 2015 emendationibus
551 1966 668 2013 enodare
680 1965 836 2013 studuerunt
852 1964 972 2027 Lipsius.
992 1964 1154 2019 Perizonius,
1167 1960 1320 2017 Torrenius,
1338 1975 1387 2022 pro
1398 1955 1524 2009 wdocun

307 2038 469 2087 conicientes
486 2036 656 2085 sen'bendltm
674 2049 738 2085 esse
755 2049 934 2089 succesum.
949 2032 1119 2102 probrosum.
1138 2030 1266 2084 odiosae.
1285 2028 1442 2097 wuito.
1462 2044 1524 2080 seo·

306 2105 389 2160 riost.
415 2123 528 2168 quorum
545 2120 679 2155 nonnum
697 2108 801 2169 quidem
825 2107 914 2171 aliquo
935 2121 1046 2155 numero
1065 2105 1204 2154 satisfacit.
1250 2103 1341 2167 Neque
1359 2116 1423 2151 uero
1443 2102 1524 2149 etiam

305 2175 385 2227 Beier
408 2179 442 2227 ad
461 2178 515 2227 Cic.
534 2178 568 2225 de
586 2176 630 2225 off.
650 2176 670 2232 l,
689 2190 715 2238 p.
733 2172 769 2227 99
786 2178 913 2226 traditam
936 2178 1094 2241 scripturam
1116 2176 1188 2225 recte
1206 2173 1335 2229 defendit.
1361 2173 1459 2235 stipem
1477 2187 1524 2221 nu-

306 2248 402 2298 dosam
419 2249 512 2297 uocari
528 2248 636 2310 putans,
655 2261 734 2310 quem
752 2249 909 2309 persoluere
927 2249 964 2297 illi
976 2248 1066 2297 multis
1079 2246 1287 2314 obligationibus
1305 2245 1332 2293 et
1350 2244 1429 2308 quasi
1446 2244 1524 2292 nodis

304 2320 466 2374 tenerentur.
487 2318 556 2383 quod
572 2330 656 2379 supra
668 2318 823 2381 scripsisset
840 2320 935 2369 auctor
952 2323 1080 2385 parentes
1096 2332 1145 2367 sos
1162 2312 1254 2366 ciendo
1272 2318 1392 2381 acpotua
1408 2312 1524 2363 aalma·

305 2386 399 2440 dorcn
421 2386 509 2440 dedito
532 2385 713 2452 aflipm
758 2386 886 2439 Nodosae
910 2392 998 2439 autem
1022 2389 1152 2439 translate
1176 2388 1343 2451 appellentur
1365 2398 1411 2435 res
1435 2384 1523 2434 solutu

306 2462 442 2518 difficiles,
473 2473 543 2524 quae
572 2458 763 2508 dubitationem
784 2476 941 2525 moramque
968 2462 1046 2510 nobis
1069 2460 1206 2523 imponunt
1226 2459 1339 2517 ideoque
1363 2470 1464 2524 graues
1490 2471 1523 2504 ac

305 2532 526 2582 molestassent.
561 2530 600 2579 Cf.
619 2530 739 2578 Macrob.
758 2530 807 2579 v11
824 2530 881 2581 Sat.
903 2528 925 2589 l.
944 2528 1059 2581 nodosae
1076 2528 1251 2595 quaestiones,
1275 2529 1421 2591 eodemque
1441 2528 1525 2593 signi·

305 2602 385 2650 iicatu
409 2618 428 2651 a
446 2601 527 2650 Floro
544 2600 606 2656 1111.
629 2593 660 2657 9.
686 2596 698 2649 l
723 2600 866 2650 Antonium
889 2604 987 2651 nodum
1010 2604 1038 2651 et
1061 2600 1163 2651 moram
1182 2600 1304 2663 publicae
1322 2598 1483 2654 martulis,
1505 2612 1524 2645 a

306 2672 432 2722 cicerone
450 2672 485 2720 ad
503 2672 576 2720 Brut.
593 2670 615 2728 l,
635 2666 677 2726 te.
695 2665 713 2719 5
729 2672 847 2734 inopiam
867 2674 905 2722 rei
927 2674 1097 2736 pecuniariae
1115 2672 1260 2722 maximnm
1277 2670 1304 2720 in
1322 2669 1460 2732 republica
1475 2682 1523 2718 no·

306 2742 369 2791 dum
387 2743 479 2793 uocari
495 2743 569 2791 recte
587 2741 725 2789 aduolauit
742 2741 874 2791 vorstius.
919 2745 1021 2802 Quibus
1045 2743 1170 2793 adhibitis
1188 2743 1282 2792 horum
1301 2743 1442 2790 uerborum
1462 2753 1523 2788 sen·

305 2813 416 2861 testim
434 2825 498 2862 esse
516 2815 589 2874 puto,
615 2811 761 2861 ‘Exsoluite
778 2812 852 2862 illam
871 2815 967 2876 stipem
991 2816 1068 2864 uobis
1093 2815 1198 2879 quidem
1220 2812 1362 2861 admodum
1380 2811 1522 2860 molestam

306 2885 386 2947 atque
414 2884 609 2932 incommodam
637 2883 686 2932 sed
714 2883 805 2933 utilem
833 2887 985 2946 posteritati
1013 2897 1182 2934 numerosae.
1227 2884 1303 2942 Quod
1328 2883 1352 2930 si
1377 2883 1419 2931 cui
1441 2882 1524 2930 nimis

304 2954 449 3016 improprie
471 2959 499 3002 ct
520 2953 666 3002 insolenter
688 2954 786 3003 dictum
808 2955 941 3014 uideatur,
966 2971 1063 3006 reuoco
1086 2955 1112 3004 in
1135 2955 1251 3004 mentem
1275 2953 1410 3003 Valerium
1434 2953 1524 3016 ipsum

305 3025 496 3087 exquisitarum
514 3025 542 3072 et
558 3024 749 3073 arcessitamm
761 3027 920 3077 locutionum
939 3028 1108 3078 affematione
1126 3029 1153 3076 et
1164 3026 1246 3075 nimia
1257 3026 1283 3075 in
1302 3024 1524 3074 translationibus

306 3094 421 3142 audacia
438 3095 544 3143 omnino
562 3097 726 3144 obscurasse
744 3097 840 3146 stilum.

376 3161 402 3214 2.
423 3161 452 3214 0.
471 3160 562 3214 leatus
578 3161 679 3214 Brutus
695 3163 837 3226 Bubulcus)
852 3169 927 3218 Bruti
945 3185 1042 3220 nomen
1061 3169 1152 3218 nescio
1171 3183 1206 3216 an
1223 3169 1300 3216 docto
1319 3169 1424 3216 cuidam
1443 3166 1524 3216 inter·

303 3235 419 3298 polatori
435 3236 525 3299 potius
543 3251 623 3300 quam
641 3236 693 3298 hisi
711 3238 858 3287 debeamus
871 3240 988 3296 Valerio,
1007 3241 1132 3306 quoniam
1143 3241 1227 3288 tribus
1249 3240 1352 3287 tantum
1365 3239 1524 3302 plerumque

302 3306 349 3356 ille
365 3307 489 3374 insigniri
506 3308 577 3356 solet
593 3308 622 3355 C.
640 3307 730 3356 lunius
747 3308 882 3359 Bubulcus
901 3312 946 3374 (ci.
964 3311 1083 3366 Liu.1X.
1101 3306 1146 3366 20,
1164 3305 1208 3366 dl,
1226 3305 1271 3366 28,
1288 3303 1333 3364 29,
1352 3304 1396 3366 30,
1415 3301 1458 3364 38,
1477 3301 1522 3364 43,

303 3375 344 3434 X·
366 3373 395 3435 l·
414 3377 530 3434 XXVII.
549 3371 575 3428 ll.
600 3377 660 3427 Val.
679 3377 750 3436 vul.
778 3374 825 3446 lt,
843 3374 898 3442 lit:
922 3383 949 3431 iu
972 3383 1052 3431 tastis
1076 3381 1231 3444 Capitolinis
1256 3381 1309 3430 alio
1333 3381 1523 3448 cognominum

304 3449 395 3498 ordine
413 3449 508 3497 dicitur
529 3449 557 3498 t).
579 3447 672 3496 Iunius
693 3449 829 3499 Bubulcus
850 3453 957 3503 Brutus.
1002 3453 1111 3502 Accedit
1133 3451 1204 3512 quod
1227 3452 1309 3500 etiam
1330 3453 1359 3500 in
1382 3449 1524 3500 Peridensi

304 3520 460 3581 compendio
478 3519 591 3568 alterum
609 3519 661 3567 hoc
679 3535 829 3587 cognomen
845 3525 978 3573 reticetur.

373 3586 486 3638 Mena
503 3588 571 3638 ear'sa
587 3587 711 3650 Ansium
731 3593 813 3642 Codd.
832 3597 861 3642 et
878 3595 937 3646 edd.
956 3609 1050 3644 omnes
1069 3595 1138 3642 huuc
1157 3594 1310 3643 senatorem
1328 3593 1359 3644 Ιι.
1379 3591 1524 3643 Antonium

303 3659 454 3720 appellent.
473 3660 551 3709 Paris
569 3660 600 3708 1..
619 3659 742 3710 Annium.
782 3663 814 3711 In
838 3681 890 3728 quo
908 3666 1015 3714 nomine
1034 3665 1183 3723 scribendo,
1209 3680 1269 3714 eum
1290 3677 1380 3730 neque
1405 3664 1524 3713 hominis

302 3743 354 3776 nec
371 3730 412 3810 rei
429 3731 499 3792 apud
518 3731 586 3779 alios
605 3734 730 3782 auctores
747 3736 847 3783 mentio
866 3737 901 3783 sit
918 3737 999 3788 iacta.
1019 3737 1079 3799 pari
1096 3735 1148 3784 lide
1167 3735 1256 3803 dignis
1273 3736 1435 3785 testimoniis
1452 3735 1525 3784 inter

304 3809 336 3844 se
355 3797 576 3879 discrepantibus,
593 3802 669 3852 illum
685 3804 786 3853 fontem
803 3819 949 3867 sequamur
961 3809 1072 3870 oportet.
1091 3807 1118 3854 in
1138 3821 1189 3872 quo
1208 3809 1317 3856 nomina
1333 3808 1443 3871 propriu
1461 3821 1525 3855 cum

302 3879 420 3916 manure
437 3871 535 3950 rectius
553 3871 709 3938 plerumque
727 3879 838 3925 seruate
862 3881 924 3926 sunt
948 3891 1027 3941 quam
1051 3877 1150 3926 iactum
1176 3879 1219 3926 est
1240 3879 1268 3926 in
1287 3879 1436 3942 archetypo
1454 3875 1524 3926 inte·

301 3949 411 4018 grorurn
429 3939 549 3987 codicum
566 3941 641 4000 libro,
661 3959 739 4007 quem
756 3947 784 3995 in
801 3948 897 3997 eodem
908 3949 1014 3997 nomine
1030 3949 1124 3998 eodem
1142 3949 1222 3997 modo
1240 3949 1416 4013 deprauatum
1435 3947 1525 3997 irrisse

302 4005 457 4086 ‘mlitmflss
470 4009 539 4087 illlis
557 4006 583 4065 ii.
602 4008 627 4062 2.
665 4014 749 4064 Paulo
766 4020 830 4080 post
850 4033 910 4066 cum
930 4019 991 4068 boni
1011 4019 1070 4067 libri
1087 4020 1224 4068 traderent
1241 4017 1312 4070 sallo
1331 4018 1475 4069 micorum
1493 4017 1524 4068 in

301 4073 411 4156 musque
429 4075 561 4132 auum.
587 4083 703 4134 editores
729 4102 788 4138 cum
812 4091 984 4139 emendatore
1008 4091 1066 4138 libri
1084 4090 1217 4140 Danielini
1241 4091 1312 4140 male
1336 4091 1524 4140 accusatiuum

299 4143 436 4230 mendam
453 4151 656 4234 substitueruntr
675 4170 763 4217 neque
780 4161 852 4208 enim
869 4161 984 4225 aliquem
1004 4175 1037 4210 ex
1056 4161 1149 4210 amicis
1168 4161 1207 4225 (et
1224 4163 1393 4227 propinquis)
1412 4163 1439 4212 in
1458 4175 1523 4210 con·

299 4217 388 4302 ⁸J¹¹¹f¹¹¹
411 4221 569 4304 adhssiqrsse
592 4225 753 4279 suffecisset.
793 4230 942 4280 Delendam
966 4233 1051 4282 luisse
1073 4233 1301 4298 praepositionem
1325 4230 1369 4286 ia.
1396 4233 1524 4297 trequen-

297 4290 403 4340 hssrmo
420 4292 588 4342 bbranorum
605 4309 695 4346 errore
718 4301 922 4362 epraeeedenti
946 4303 1033 4352 littera
1050 4318 1075 4353 m
1098 4305 1198 4359 ortam,
1222 4303 1379 4354 Paridensis
1404 4305 1524 4366 epitome

298 4360 472 4415 ‘¹0ffi0118lffli·
500 4365 539 4413 cf·
554 4365 586 4422 V,
604 4361 630 4421 8,
648 4363 675 4419 i.
702 4371 825 4420 Ceterum
843 4372 943 4421 tactum
961 4379 1004 4422 est
1021 4375 1072 4423 hoc
1091 4376 1231 4424 diuortium
1249 4391 1304 4426 non
1322 4389 1392 4424 anno
1410 4368 1472 4430 646,
1493 4376 1525 4422 ut

297 4429 410 4498 Pighius
428 4435 456 4483 in
473 4435 597 4502 margine
613 4441 730 4502 exempli
747 4443 791 4490 sui
807 4443 958 4499 adnotauit,
982 4445 1009 4492 ni
1027 4447 1192 4512 typographi
1211 4461 1286 4498 error
1303 4449 1346 4496 est
1364 4447 1425 4510 (pro
1443 4439 1522 4510 tlt),

298 4517 377 4586 quem
393 4507 485 4555 tamen
502 4508 587 4555 secuti
605 4512 667 4557 sunt
684 4512 777 4573 reliqui
795 4514 921 4570 editores.
940 4527 1026 4578 neque
1045 4531 1115 4565 anno
1130 4511 1191 4572 idi).
1211 4520 1240 4566 ut
1251 4519 1335 4568 uoluit
1347 4517 1413 4567 iteiu
1430 4515 1524 4579 (uem.

296 4577 460 4656 Pmfflhl
475 4592 502 4639 P·
521 4571 603 4636 Mi·
621 4581 670 4629 sed
687 4577 754 4641 448,
777 4585 807 4634 Ρ.
826 4585 949 4634 Cornelio
968 4585 1079 4644 Aruina,
1106 4589 1137 4646 Q.
1157 4588 1259 4638 biarcio
1278 4589 1404 4639 Tremulo
1422 4603 1524 4638 consu-

296 4643 367 4724 ¹¹P⁰⁸
382 4646 427 4726 ter.
437 4647 552 4706 1⁴5⁰·1X2
565 4642 609 4707 *θ’
621 4645 692 4716 tibh
710 4655 906 4720 itaquequinqu
973 4658 1124 4722 teamplius
1138 4659 1217 4708 annis
1230 4661 1293 4710 ante
1305 4675 1386 4725 quam
1403 4661 1524 4724 primum

298 4711 438 4765 daonium
453 4718 556 4770 Romae
573 4722 706 4775 accidisse
723 4727 853 4776 retulerat
870 4669 992 4786 magun&
1015 4729 1059 4778 ubi
1077 4729 1130 4780 uid
1149 4744 1219 4795 quse
1237 4731 1434 4784 maurusius.
