3409 5400
285 482 352 549 ate
705 486 707 493 ⁴
731 478 797 551 DE.
814 478 1059 553 Phameris.

285 643 469 729 sperauerit
490 654 522 707 et
543 654 682 731 tyranno
705 654 736 707 et
757 642 892 710 Phalari
914 648 1226 713 uaesanaementis
1239 647 1402 739 feritatem
1425 670 1447 713 a
1468 668 1506 714 se

285 751 388 836 deripi
410 770 522 835 posse.
550 752 748 838 ‘Postquam
772 748 890 815 deiude
914 751 1002 838 apud
1023 753 1115 817 illum
1136 753 1506 839 plus-censuemdinem

286 856 517 922 dominationis
542 880 641 945 quam
664 856 792 922 consilii
817 857 1039 923 salubritatem
1053 860 1163 923 ualere
1187 862 1424 935 animaduertit,
1447 876 1507 925 no·

284 963 462 1029 bilissimos
487 965 557 1029 eius
580 966 721 1035 ciuitatis
739 963 967 1029 adulescentes
984 966 1159 1049 eupiditate
1173 959 1365 1031 liberandae
1379 968 1506 1052 patriae
1574 1002 1576 1006 ·

284 1069 507 1137 inflammauit.
561 1072 661 1135 Ouios
689 1073 736 1134 rei
767 1092 842 1135 cum
870 1070 1025 1136 indicium
1055 1073 1098 1137 ad
1128 1084 1304 1158 tyrannum
1325 1084 1530 1147 manasseto

285 1189 466 1241 conuocato
489 1179 523 1241 iu
543 1178 653 1245 forum
675 1178 797 1262 populo
811 1190 962 1264 torquere
985 1200 1059 1243 eum
1082 1181 1177 1244 uario
1197 1179 1359 1245 cruciatus
1383 1199 1504 1266 genere

285 1284 400 1367 coepit,
436 1284 574 1349 subinde
610 1306 771 1369 quaerens
808 1305 972 1370 quosnam
1000 1285 1129 1351 consilii
1155 1286 1330 1371 participes
1360 1285 1503 1351 haberet.

283 1388 328 1453 At
348 1388 522 1475 illoneque
538 1412 651 1454 eorum
676 1392 863 1476 quempiam
887 1392 1070 1456 nominauit
1084 1403 1116 1454 et
1134 1395 1317 1477 proximum
1341 1412 1504 1478 quemque

285 1520 324 1561 ac
347 1497 542 1563 fidissimum
565 1508 703 1583 tyranno
727 1507 917 1580 suspectum
940 1498 1094 1574 reddidit,
1108 1497 1383 1586 'increpitansque‘
1405 1499 1505 1586 Agri·

284 1604 426 1690 gentinis
449 1604 617 1690 ignauiam
642 1626 680 1667 ac
703 1602 904 1667 timiditatem
927 1602 1036 1670 effecit
1057 1617 1093 1669 ut
1114 1606 1222 1671 subito
1237 1609 1355 1672 mentis
1369 1604 1544 1691 inpulsum

283 1711 435 1775 concitati
464 1708 631 1775 Phalarim
658 1706 823 1793 lapidibus
852 1721 1105 1793 prosternerent.
1159 1715 1257 1778 Senis
1292 1702 1372 1802 ergo
1405 1715 1503 1778 unius

284 1817 395 1881 eculeo
424 1818 557 1900 inpositi
591 1838 656 1879 uon
692 1815 830 1900 supplex
857 1837 925 1880 uox
957 1837 1018 1881 nec
1048 1820 1244 1885 miserabilis
1276 1821 1414 1886 eiulatus
1444 1821 1505 1885 sed

281 1924 374 1987 fortis
399 1920 578 1986 cohortatio
595 1924 700 1985 vtotius
723 1922 813 1985 urbis
837 1923 983 1987 animum
1004 1924 1234 2014 fortunamque
1257 1929 1403 1994 mutauit.

241 2026 274 2093 3.
370 2028 528 2093 Eiusdem
551 2030 693 2093 nominis
716 2026 945 2115 philosophus,
969 2052 1043 2094 cum
1066 2054 1088 2097 a
1109 2033 1270 2098 Nearcho*
1285 2046 1434 2120 tyranno,
1461 2034 1503 2097 de

283 2138 375 2201 cuius
399 2156 479 2199 nece
503 2134 675 2201 consilium
698 2136 830 2209 inierat,
862 2147 1066 2222 torqueretur
1089 2140 1240 2225 supplicii
1263 2142 1383 2224 pariter
1406 2151 1542 2225 atquem

280 2240 529 2307 indicandorum
553 2243 658 2329 gratia
682 2243 905 2317 consciorum,
933 2242 1057 2308 doloris
1080 2247 1184 2309 uictor
1207 2246 1268 2310 sed
1291 2247 1422 2310 ultionis
1447 2268 1503 2309 cu·

281 2350 394 2434 pidus.
420 2370 495 2415 osse
519 2348 598 2411 dixit
626 2348 714 2435 quod
738 2361 865 2413 secreto
890 2348 1002 2413 audire
1027 2373 1102 2416 omn
1125 2351 1302 2417 admodum
1326 2352 1502 2438 expediret,

280 2456 452 2544 laxatoque
482 2454 609 2529 aculon,
646 2466 819 2541 postquam
852 2454 998 2525 insidiis,
1015 2470 1235 2544 opportunum
1262 2459 1502 2535 animaduertit,

784 2580 996 2593 *ἡ

283 2632 305 2686 l.
325 2636 352 2683 et
368 2640 483 2701 tyranno
502 2635 538 2702 et]
559 2650 607 2687 om.
624 2632 660 2687 D.
680 2636 706 2683 et
724 2634 839 2697 tyranno
858 2661 870 2687 a
885 2633 912 2688 0.
923 2636 938 2706 ΙΙ
949 2636 1071 2702 phalaris
1089 2632 1126 2688 D.
1137 2635 1151 2705 ΙΙ
1161 2652 1282 2689 uesanos
1301 2636 1333 2688 Α.
1344 2634 1395 2706 112
1414 2639 1502 2704 decipi

283 2705 310 2758 C.
332 2707 408 2770 diripi
425 2703 569 2757 Dl'Torr.
592 2704 650 2757 Vid.
671 2703 707 2756 uel
723 2701 761 2758 ll,
782 2701 808 2762 9,
827 2703 853 2757 8.
865 2705 878 2772 ΙΙ
891 2705 915 2759 l.
934 2711 1067 2770 quodnam
1079 2707 1111 2762 A.
1131 2712 1259 2772 quotuem
1276 2708 1302 2761 Β
1309 2709 1370 2761 ΟΕ.
1382 2708 1396 2775 ΙΙ
1406 2705 1432 2763 8.
1450 2726 1501 2762 nec

283 2775 361 2829 Torr.
382 2777 563 2844 {quempiam}
589 2795 638 2830 om.
658 2792 704 2844 pr.
728 2773 759 2830 A.
785 2791 945 2843 quemquam
968 2777 1002 2839 -I's
1025 2779 1096 2846 quod
1107 2779 1238 2848 probauit
1251 2780 1414 2837 Perizonius.
1449 2778 1503 2832 Sed

280 2844 335 2904 uid.
344 2776 382 2899 od
390 2845 412 2906 J,
422 2843 448 2907 5,
458 2843 483 2899 4.
499 2845 510 2917 ΙΙ
526 2848 562 2914 et]
574 2852 623 2899 sed
635 2847 711 2900 Your.
727 2847 738 2917 Η
753 2842 778 2896 9.
788 2849 949 2911 increpitans
959 2847 994 2900 E.
1006 2850 1020 2918 ΙΙ
1035 2847 1073 2902 14.
1084 2868 1144 2902 eum
1160 2868 1177 2901 a
1188 2850 1321 2916 Nearcho]
1332 2849 1500 2903 iarusuroA.

280 2934 340 2968 eum
351 2921 384 2968 de
392 2916 493 2971 ercoB.
506 2935 564 2970 cum
576 2922 663 2970 leurco
672 2935 714 2988 pr.
724 2918 752 2971 0.
764 2934 823 2967 cum
833 2937 850 2968 a
860 2921 949 2970 learco
960 2934 1030 2974 corr.
1042 2919 1070 2973 C.
1082 2939 1142 2973 eum
1151 2921 1411 2974 adeurcoDl'.cum
1421 2941 1438 2972 u
1448 2925 1500 2972 cle·

280 2991 362 3040 archo
380 2988 414 3040 E.
438 2987 473 3040 Vt
489 3003 537 3042 eos
553 2985 615 3043 Pur.
628 2989 641 3056 Η
655 2987 695 3041 lt.
713 2991 914 3040 iudicandorum
931 2988 997 3114 Dql
1017 2996 1184 3046 consciorum
1201 2995 1290 3117 qratia
1306 2991 1332 3044 Γ
1338 2992 1414 3046 'lbra
1426 2992 1440 3060 ΙΙ
1459 2990 1500 3046 Π.

280 3061 345 3110 dixit
363 3075 427 3112 esso
445 3057 477 3112 Γ.
489 3059 502 3126 ΙΙ
514 3077 574 3112 eum
593 3063 697 3112 secreto
724 3063 815 3112 audire
836 3058 917 3123 Torr.
930 3061 943 3129 ΙΙ
965 3060 974 3112 l
997 3101 1004 3116 .
1022 3065 1184 3127 laxatusque
1224 3079 1263 3116 ur.
1280 3064 1295 3131 ΙΙ
1312 3065 1498 3130 opportunum]

279 3133 401 3195 oportum
418 3133 505 3184 locum
523 3129 556 3186 Γ.
574 3133 731 3197 oportunum
749 3135 855 3196 tempus
876 3129 953 3184 Tora.
969 3131 983 3199 ΙΙ
1001 3137 1198 3202 animaduertit]
1221 3132 1283 3188 odd.
1300 3138 1407 3200 tempus
1424 3133 1463 3188 D.

278 3291 325 3342 Lll
347 3293 473 3356 posuisse
497 3293 602 3344 uidetur
620 3291 742 3359 Scaliger
768 3295 802 3341 ed
821 3294 921 3343 Iiuseb.
946 3294 991 3356 (cl.
1011 3295 1123 3347 Clinton.
1147 3296 1211 3347 t'est.
1235 3295 1338 3346 Hellen.
1358 3311 1383 3349 a.
1401 3291 1456 3345 ete
1473 3295 1500 3344 et

278 3359 361 3428 Md),
383 3377 417 3413 ne
436 3365 557 3427 aequalis
577 3365 683 3424 quidem
702 3366 760 3412 erat
777 3361 859 3423 Zeno',
879 3366 930 3429 qui*
941 3366 1062 3433 Diogene
1081 3369 1108 3415 et
1123 3365 1206 3416 Solda
1224 3368 1376 3419 eruentus
1395 3367 1500 3416 circiter

278 3435 431 3500 olympiad.
449 3434 585 3484 LXXVlll
603 3437 631 3484 et
648 3435 866 3484 LXXleioruit.
885 3436 936 3499 (Oi.
956 3438 1069 3486 clinton.
1090 3437 1106 3487 l.
1126 3453 1149 3485 e.
1168 3453 1193 3497 a.
1211 3433 1296 3500 464.)
1319 3439 1396 3487 Certe
1415 3451 1500 3487 senex

278 3507 311 3555 ad
331 3505 538 3556 interficiendum
558 3505 729 3554 Phalaridem
741 3503 932 3572 Agrigentinos
944 3509 1055 3558 incitare
1068 3510 1224 3571 nonpotuit.
1260 3507 1408 3558 Transtulit
1419 3509 1500 3576 igitur

278 3577 410 3635 Valerius,
428 3579 456 3626 in
475 3577 598 3626 omnibus
612 3575 659 3624 his
678 3591 747 3642 quae
766 3579 799 3626 de
816 3579 1036 3641 philosophorum
1054 3581 1184 3640 patientia
1200 3580 1319 3630 narrauit
1335 3581 1402 3630 mire
1415 3581 1500 3629 hallu·

278 3649 391 3706 cinctus.
411 3642 445 3696 ad
464 3648 635 3697 Phalaridem
654 3650 681 3695 et
698 3647 875 3714 Agrigentum
899 3664 971 3712 quae
990 3651 1073 3699 Eleae
1096 3654 1124 3700 et
1147 3651 1271 3700 Nearcho
1295 3652 1411 3714 tyranno
1430 3652 1500 3700 ecci·

279 3720 381 3774 derant,
401 3720 485 3783 atque
499 3719 542 3768 his
562 3718 616 3768 alie
633 3719 726 3767 nescio
745 3721 814 3768 unde
832 3721 917 3782 petite
935 3721 1084 3776 admiscuit,
1142 3744 1144 3747 ·

343 3787 493 3854 proximum
511 3803 632 3857 quemue
651 3802 682 3840 oe
692 3785 852 3854 fidissimum
872 3792 934 3856 ete.)
959 3793 1031 3842 idem
1050 3793 1258 3860 Aristogitonem
1276 3795 1312 3842 ab
1330 3793 1428 3856 Hippia
1444 3794 1499 3842 tor·

277 3860 332 3908 tum
351 3859 451 3908 fecisse
469 3863 582 3908 narrant
598 3859 692 3910 Senes.
712 3861 746 3909 de
764 3861 804 3909 ira
822 3861 855 3919 ll,
874 3857 917 3913 23.
936 3863 1012 3914 Diod.
1023 3863 1075 3914 Sto.
1096 3879 1153 3913 exc.
1173 3866 1206 3914 de
1219 3866 1277 3916 uirt.
1295 3866 1324 3914 et
1335 3865 1382 3916 uit.
1397 3881 1424 3927 p.
1436 3859 1499 3914 557.

278 3945 321 3993 ep.
340 3929 417 3980 Dind.
436 3929 467 3986 ΙΙ,
487 3929 516 3979 Ρ.
535 3928 560 3988 2,
580 3947 606 3994 p.
624 3928 667 3982 88.
1489 3938 1492 3944 “

313 4019 317 4023 ·
348 3993 373 4050 ³.
394 4000 431 4050 Cl.
452 4001 504 4049 Cic.
524 4002 556 4048 de
575 4003 721 4062 nahdeor.
741 4003 784 4061 111,
803 3997 846 4062 33,
867 3999 914 4054 82·
928 4006 1003 4056 Diod.
1023 4005 1076 4057 Sic.
1089 4021 1147 4055 exc.
1160 4007 1244 4059 vatic.
1263 4001 1307 4056 42.
1326 4021 1352 4070 p.
1371 3999 1414 4058 34.
1434 4007 1498 4063 Mai.

277 4070 307 4120 T.
327 4070 372 4126 lll,
391 4087 418 4133 p.
437 4061 472 4120 ³6
490 4071 567 4122 Dind.
587 4073 662 4140 Diog.
682 4075 772 4125 Locri.
792 4075 839 4130 1x,
858 4069 901 4124 26.
920 4074 994 4124 Suis.
1012 4090 1038 4123 u.
1056 4072 1159 4140 Ζῆνων.
1179 4078 1232 4128 eiii.
1460 4079 1462 4084 '

346 4137 473 4191 Eiusdem
491 4139 612 4203 numiam)
627 4147 695 4210 Cum
714 4147 771 4195 octo
785 4147 890 4195 omnino
909 4147 1006 4195 fuerint
1014 4148 1139 4196 Zenones
1157 4148 1247 4215 (Diog.
1261 4149 1350 4199 laert.
1363 4149 1419 4205 vn.
1433 4143 1497 4213 ἔξω,

276 4212 400 4263 Valerius
411 4215 462 4262 hoc
472 4213 529 4262 loeo
539 4215 733 4274 nobilissimum
743 4221 850 4280 praeter
858 4216 969 4266 Eleatcn
979 4217 1051 4267 illum
1062 4219 1182 4276 Citieum‚
1199 4221 1301 4269 stoicae
1311 4217 1498 4283 philosophiae

277 4285 438 4335 conditorem
448 4285 474 4350 in
485 4285 572 4334 mente
582 4285 711 4337 habuisse
721 4290 831 4338 uidetur.
853 4287 905 4337 Sed
917 4302 1037 4337 summus
1048 4289 1208 4352 reliquorum
1218 4292 1376 4353 scriptorum
1386 4303 1498 4339 eonsen-

277 4369 324 4404 sus
334 4357 385 4410 hoo
395 4357 493 4406 factum
504 4357 591 4406 eidem
601 4358 712 4408 Eleatae
722 4359 818 4414 tribuit.
834 4361 868 4408 de
878 4375 930 4424 quo
941 4361 1112 4423 praecedenti
1122 4363 1246 4424 exemplo
1256 4363 1368 4411 relatum
1379 4363 1445 4417 erat,
1459 4362 1498 4410 its

276 4427 305 4474 ut
324 4427 438 4477 dubitari
456 4431 571 4492 nequeat
590 4429 652 4493 quin
672 4431 794 4480 Valerius
812 4431 927 4484 nominis
947 4433 1131 4480 communione
1147 4433 1278 4494 deceptus
1301 4435 1373 4482 mele
1392 4433 1496 4480 duobus

277 4499 391 4547 diuersis
405 4500 466 4554 assi
488 4499 593 4548 uenerit
611 4499 762 4550 Zenonibus
783 4514 851 4565 quae
870 4502 947 4550 unius
967 4505 1050 4553 erant.

348 4583 364 4616 u
383 4515 512 4624 Neurode)
529 4571 672 4634 Demylum
691 4571 760 4620 hunc
775 4575 918 4636 tyrannum
938 4574 1074 4635 appellent
1087 4573 1154 4626 Plut.
1174 4577 1208 4624 de
1226 4577 1370 4624 stoicorum
1383 4585 1448 4638 repo
1490 4604 1497 4621 .

277 4630 320 4694 37,
338 4653 365 4700 p.
384 4635 450 4688 1051
471 4641 499 4690 C.
518 4641 554 4689 id.
573 4641 633 4688 adu.
653 4641 738 4690 Colot.
755 4635 797 4698 ³2.
818 4659 844 4704 p.
867 4637 934 4692 nati
952 4644 984 4694 Ι).
1004 4646 1126 4696 Clemens
1145 4645 1220 4697 Alex.
1234 4647 1280 4695 llll
1293 4648 1385 4695 strom
1404 4661 1430 4708 p.
1465 4641 1497 4697 13

278 4704 369 4772 sylus
388 4708 546 4778 Dionysium
565 4711 644 4760 uocat
661 4709 840 4761 TertullIsnus
859 4714 887 4761 in
904 4714 957 4764 flne
976 4716 1083 4786 apolog.
