3409 5400
326 513 348 576 s

331 683 423 742 satus
455 670 679 738 imminentem
711 669 957 735 damnationem
987 669 1172 739 uoluntaria
1197 681 1415 759 praeuenerat
1439 682 1544 736 morte.

333 778 496 864 (Taellll
519 800 596 844 ann.
618 779 683 859 19.)
731 779 808 843 Sex.
826 776 1006 864 Pompeius
1028 781 1175 864 profecto
1192 801 1254 847 neo
1276 779 1341 846 hoe
1364 781 1543 860 aunoliid)

330 892 434 956 Asiae
458 898 581 954 sortem
604 887 740 951 obtinuit
749 885 771 966 ¹)
795 909 901 975 neque
924 889 1110 974 insequenti
1134 890 1217 963 779,
1241 912 1305 976 quo
1328 888 1374 952 M.
1398 887 1546 973 lapidum

332 1021 406 1065 eam
435 997 642 1085 prouinciam
672 995 923 1060 administrasse
963 1007 1075 1060 auctor
1114 1007 1164 1061 est
1194 994 1272 1061 Tac.
1302 995 1363 1062 1111
1394 1019 1465 1063 aun.
1498 996 1547 1061 tlt.

330 1106 393 1174 Hic
416 1105 462 1171 M.
486 1104 631 1190 Lepidus
656 1103 744 1168 idem
769 1124 844 1170 esse
867 1104 995 1168 uidetur
1020 1105 1075 1191 qui
1105 1105 1173 1168 iam
1196 1126 1227 1168 a.
1253 1105 1316 1170 774
1345 1103 1453 1171 oblata
1477 1126 1548 1190 pro-

330 1216 442 1280 uincia
461 1211 575 1276 Africa
592 1213 746 1278 intentius
773 1233 808 1278 se
830 1211 1445 1299 excusauerat‚ualitudinemcorporis,
1467 1225 1550 1277 acta·

331 1336 395 1389 tem
408 1321 556 1396 liberum,
573 1319 715 1384 nubilem
729 1319 829 1386 filiam
844 1319 1037 1394 obtendens,
1052 1342 1088 1384 re
1103 1342 1183 1385 uera
1196 1332 1232 1384 ut
1243 1318 1336 1385 lunio
1347 1321 1466 1387 Blaeso
1480 1343 1550 1386 eum

330 1431 439 1496 locum
453 1429 592 1502 cederet,
606 1429 720 1493 Seiani
733 1427 894 1493 auunculo
904 1427 995 1508 (Tac.
1007 1426 1053 1492 lII
1065 1450 1141 1494 ann.
1152 1429 1218 1508 35),
1231 1441 1427 1515 quapropter
1437 1431 1550 1495 miran-

335 1539 413 1602 dum
429 1559 496 1602 non
513 1548 562 1601 est
579 1537 666 1624 quod
680 1537 839 1602 uicesimo
857 1536 988 1602 demum
1003 1548 1079 1622 post
1095 1536 1299 1602 consulatum
1313 1538 1405 1615 (759)
1419 1559 1503 1602 anno
1527 1538 1550 1600 ei

333 1648 512 1712 obuenerat
534 1644 769 1730 proconsulare
793 1645 967 1730 imperium
990 1644 1093 1710 semel
1114 1655 1312 1708 recusatum.
1356 1644 1398 1708 Ili
1420 1643 1550 1730 denique

333 1753 533 1820 uerisimile
559 1763 608 1816 est
635 1754 669 1816 in
701 1750 818 1816 eadem
849 1751 1007 1838 dignitate
1038 1753 1244 1817 successisse
1267 1751 1346 1816 Sex.
1369 1750 1550 1836 Pompeium

335 1885 422 1926 anno
451 1862 532 1935 780,
568 1861 623 1946 qui
655 1871 705 1924 cst
729 1870 863 1945 quartus
887 1858 1034 1924 decimus
1063 1858 1105 1923 ab
1136 1861 1207 1926 eius
1240 1859 1421 1925 consulatu.
1466 1859 1550 1922 Certi

334 1981 508 2034 antaeum
532 1987 652 2032 annum
685 1969 890 2053 prouinciam
920 1968 1101 2032 obtinuisse
1132 1969 1253 2054 nequit.
1312 1965 1406 2048 Quae
1433 1965 1550 2053 plenius

336 2087 367 2142 et
391 2077 575 2140 accuratius
600 2073 697 2161 paulo
723 2074 919 2161 exponenda
940 2074 1153 2150 uidebantur,
1177 2076 1255 2162 quia
1277 2077 1312 2140 in
1335 2074 1549 2140 constituenti<

337 2195 492 2269 ternpore,
521 2203 585 2270 quo
610 2183 827 2268 compositum
851 2183 895 2246 sit
916 2205 1001 2268 opus
1026 2183 1114 2269 quod
1136 2193 1326 2259 tractamus,
1349 2183 1439 2250 haud
1469 2206 1550 2270 paru

334 2304 411 2360 sunt
432 2293 600 2358 momenti.

426 2399 507 2464 Omn
530 2396 593 2463 hoe
617 2400 716 2485 igitur
739 2397 816 2462 Sex.
835 2395 995 2485 Pompeio
1020 2402 1186 2465 artissimo
1208 2402 1312 2466 mutui
1335 2400 1458 2466 arnonis
1482 2398 1549 2463 ami

337 2509 496 2595 citiaeque
521 2505 652 2570 uinculo
682 2505 874 2571 coniunctus
906 2517 977 2570 erat
1006 2505 1162 2576 Valerius
1185 2507 1361 2576 Maximus.
1417 2505 1456 2571 ln
1494 2507 1547 2570 eiu

337 2615 447 2680 animo
478 2613 566 2678 uelut
602 2613 638 2678 in
676 2615 861 2701 parentium
892 2616 1196 2682 amantissimorum
1234 2629 1366 2705 pectore
1395 2615 1550 2682 laetiorcn

337 2725 423 2789 uitae
448 2743 529 2788 suae
562 2731 681 2787 statum
712 2723 880 2809 uiguisse,
915 2724 1091 2787 tristiorem
1120 2724 1352 2810 adquieuisse,
1384 2724 1426 2791 ab
1458 2746 1498 2787 eo
1530 2745 1547 2786 s

337 2833 483 2897 omnium
522 2830 770 2895 commodorum
807 2832 1011 2896 incrementa
1047 2829 1130 2896 ultro
1169 2830 1280 2897 oblata
1310 2832 1460 2917 cepisse,
1496 2831 1549 2893 eiu

337 2941 434 3004 ductu
458 2948 489 3003 et
512 2938 669 3023 auspiciis
693 2936 803 3003 studia
825 2960 888 3003 sua
910 2938 1071 3005 lucidiora
1093 2950 1124 3003 et
1145 2938 1308 3004 alacriora
1320 2937 1450 3003 reddita
1471 2958 1550 3022 prae

337 3048 434 3121 dieat,
459 3056 692 3132 comparatque
708 3048 791 3131 ipse,
816 3068 916 3133 quam
932 3048 1164 3113 conuenienter
1176 3068 1243 3110 non
1266 3046 1465 3132 perquiram,
1491 3067 1550 3109 con

338 3154 544 3219 suetudinem
574 3152 664 3217 illam
696 3174 770 3218 cum
792 3152 972 3219 Alexandri
1000 3166 1031 3219 et
1057 3153 1315 3241 Hephaestionis
1346 3152 1550 3217 familiaritat

338 3284 378 3327 ae
413 3272 570 3350 tanquam
604 3263 685 3328 alter
719 3259 921 3347 Hephaestio
957 3260 1151 3347 Pompeium
1194 3261 1258 3327 sibi
1292 3280 1389 3327 suum
1422 3259 1550 3323 uindice

339 3369 573 3435 Alexandrum.
633 3370 890 3458 Qualiscumque
924 3381 1033 3435 autem
1067 3381 1138 3435 erat
1171 3371 1306 3444 fructus
1338 3390 1438 3455 quem
1461 3390 1502 3431 ex
1533 3390 1550 3428 e

338 3477 581 3543 necessitudine
610 3480 771 3565 percepit,
803 3500 871 3543 non
894 3477 1028 3542 carebat
1058 3478 1184 3543 inuidia
1215 3476 1433 3564 quorundam,
1465 3476 1523 3561 qui

340 3586 516 3651 clarissimi
539 3585 800 3673 amplissimique
831 3586 894 3650 uiri
925 3586 1033 3673 gratia
1060 3610 1084 3652 a
1111 3584 1247 3653 Valerio
1272 3583 1429 3671 depulsos
1455 3605 1495 3646 se
1521 3605 1550 3647 ar

341 3692 491 3758 exclusos
505 3696 729 3759 existimantes
742 3695 874 3759 nonnisi
885 3704 962 3779 post
980 3705 1118 3760 mortem
1134 3693 1286 3779 Pompeii
1307 3712 1443 3777 carpere
1469 3702 1502 3755 et
1527 3692 1550 3755 ir

341 3801 459 3863 sectari
484 3822 558 3865 eum
586 3801 762 3876 desierunt,
789 3824 971 3889 parumque
993 3802 1119 3867 occulte
1143 3800 1302 3889 gaudium
1332 3820 1372 3861 ex
1402 3796 1469 3861 hac
1503 3798 1550 3859 eii

339 3908 466 3971 iactura
486 3918 615 3993 partum
638 3930 717 3994 prae
741 3931 778 3973 se
802 3908 916 3973 tulisse
939 3906 1173 3989 incusantur²).

430 4012 542 4080 Vnum
565 4014 653 4102 quod
676 4014 771 4079 nobis
800 4026 951 4101 superest
980 4016 1077 4084 huius
1110 4016 1278 4101 scriptoris
1309 4035 1393 4099 opus
1418 4012 1549 4100 quodqi

341 4121 473 4187 unicum
498 4122 643 4188 edidisse
666 4122 811 4198 uidetur,
842 4143 962 4189 nouem
984 4124 1146 4189 factorum
1170 4134 1201 4186 et
1223 4122 1383 4187 dictorum
1405 4141 1550 4187 mernor:

407 4359 432 4425 ¹)
452 4361 527 4421 Quod
546 4374 580 4411 ne
597 4360 637 4411 ita
649 4358 755 4425 quidem
774 4359 963 4418 concesserim,
983 4360 1008 4409 si
1019 4359 1215 4426 Maluginensis
1233 4358 1281 4409 ilia
1296 4357 1405 4409 ambitio
1416 4356 1548 4420 pertinue

342 4435 376 4485 ad
397 4448 495 4484 annum
512 4427 572 4489 775,
592 4433 705 4497 ideoque
725 4430 870 4495 sequentes
888 4432 1065 4494 proconsules
1083 4446 1137 4481 uuo
1155 4446 1226 4481 anno
1245 4430 1307 4481 ante
1326 4444 1406 4496 quam
1425 4427 1515 4477 statui
1535 4444 1550 4475 o

341 4506 467 4558 tinuerint
484 4504 655 4569 prouinciam.
692 4504 837 4555 Restarent
848 4502 919 4552 enim
931 4504 984 4552 duo
995 4503 1134 4553 minum
1145 4502 1303 4553 consulares
1313 4500 1453 4551 inserendi
1468 4500 1550 4548 biens

340 4579 386 4628 illi.
425 4580 482 4638 Quo
502 4576 604 4625 accedit
630 4577 698 4641 quod
723 4573 897 4640 praecedenti
921 4574 1027 4624 demum
1053 4588 1122 4623 anno
1148 4570 1199 4623 777
1222 4572 1342 4624 Africam
1364 4572 1530 4637 procus-anit

345 4650 484 4700 Cornelius
508 4646 650 4697 Dolabella
674 4648 729 4698 iam
754 4646 926 4711 quadriennio
951 4648 1013 4697 ante
1036 4644 1099 4697 Sex.
1119 4644 1276 4709 Pompeium
1294 4644 1438 4695 sensuam
1460 4644 1550 4694 functi

345 4720 383 4770 Cf.
402 4719 466 4771 Tae.
486 4720 532 4771 llll
552 4734 612 4769 aun.
631 4713 674 4771 23.

407 4788 434 4855 ²)
454 4792 492 4842 cf.
510 4792 567 4853 ΗΠ,
587 4788 612 4852 7,
632 4792 684 4843 ext.
703 4787 727 4845 2.
