3409 5400
289 462 354 531 ere
573 530 575 534 ,
657 449 766 549 „ea
788 450 1095 523 roanrvonra.

290 623 406 703 [enim]
430 626 636 705 tempestate,
665 625 751 681 certe
780 614 942 697 aduersus
966 614 1107 679 eundem
1130 612 1260 679 hostem
1283 615 1370 677 etin
1399 615 1519 681 eodem

292 729 400 793 Tiberi
421 727 566 791 inolitum
590 747 675 789 ausa
697 724 835 787 facinus
875 720 961 787 Inter
984 731 1110 789 ceteras
1133 721 1222 784 enim
1245 722 1392 803 uirgines
1417 722 1518 787 obses

291 834 484 899 Porsennae
515 832 593 897 data
629 830 759 909 [hosti],
789 840 950 893 nocturno
987 838 1131 913 tempore
1167 827 1349 893 custodiam
1378 850 1521 916 egressa

292 962 412 1027 equum
427 939 629 1012 conscendit,
653 937 814 1022 celerique
830 937 966 1001 traiectu
982 935 1123 999 flmninis
1140 957 1207 1001 non
1223 934 1330 1001 solum
1346 938 1519 1003 obsidione

290 1046 353 1113 sed
375 1049 473 1113 etiam
496 1058 584 1112 metu
605 1045 746 1129 patriam
768 1042 878 1119 soluit,
905 1043 983 1107 uiris
1007 1040 1117 1127 puella
1137 1040 1248 1109 lumen
1265 1042 1397 1109 ,uirtutis
1422 1064 1549 1130 prae-s

246 1191 255 1213 .
290 1153 438 1220 ferendo.
765 1161 768 1169 '

251 1256 282 1322 3.
382 1260 497 1326 Redeo
526 1281 612 1323 nunc
644 1258 688 1323 ad
714 1256 907 1331 Romulum,
939 1258 994 1342 qui
1018 1257 1060 1321 ab
1088 1253 1229 1331 Acrone,
1262 1254 1517 1321 Caeninensium

293 1388 385 1454 rege,
408 1368 452 1431 ad
474 1366 697 1457 dimicandum
712 1375 922 1449 prouocatus,
946 1383 1145 1449 quamquam
1169 1372 1200 1423 ct
1223 1382 1358 1426 numero
1382 1376 1413 1427 et
1428 1364 1518 1429 sorti·

295 1474 407 1539 tudine
429 1473 564 1537 militum
589 1473 791 1556 superiorem
810 1492 852 1535 se
882 1469 1044 1543 crederet,
1068 1469 1232 1554 tutiusque
1249 1479 1326 1532 erat
1354 1479 1421 1533 tote
1444 1493 1519 1535 cum

296 1579 438 1643 exercitu
461 1600 559 1663 quam
576 1578 683 1645 solum
698 1579 732 1640 in
749 1579 851 1640 aciem
870 1576 1082 1650 descendere,
1106 1597 1167 1641 sua
1182 1576 1391 1659 potissimum
1407 1577 1520 1641 dextra
1533 1598 1561 1639 ro

295 1706 394 1750 omen
416 1686 572 1752 uictoriae
597 1684 761 1767 corripuit.
807 1681 876 1745 Neo
899 1684 1028 1765 incepto
1053 1682 1124 1745 eius
1148 1682 1278 1745 fortuna
1302 1681 1412 1745 deluit.
1454 1682 1519 1749 Oo-

295 1793 365 1854 ciso
394 1793 481 1855 enirn
509 1789 639 1855 Acrone
652 1766 817 1873 ‘fusisque
845 1786 995 1851 hostibus
1031 1788 1140 1871 opima
1174 1787 1214 1849 de
1244 1808 1283 1850 eo
1312 1788 1419 1872 spolia
1448 1787 1520 1853 Ioui

294 1895 439 1959 Feretrio
453 1896 569 1961 retulit.
608 1894 775 1960 Hactenus
791 1894 891 1967 istud,
915 1895 992 1978 quia
1007 1892 1138 1978 publica
1152 1892 1310 1979 religione
1327 1906 1521 1965 consecrata

294 2003 397 2067 uirtus
420 2002 508 2067 nulla
529 2005 660 2089 priuata
681 1999 868 2065 laudatione
891 2000 1025 2085 indiget.
1070 2054 1071 2059 ,

253 2109 295 2178 4.
385 2107 439 2174 Ab
466 2108 607 2176 Romulo
636 2108 802 2194 proximus
832 2104 1003 2177 Cornelius
1017 2178 1020 2183 ¹
1034 2105 1159 2171 Cossus
1189 2104 1295 2171 eidem
1324 2106 1385 2169 deo
1414 2107 1560 2192 spoliato

302 2335 325 2388 l.
351 2338 432 2404 enim]
449 2336 509 2390 otae
518 2338 594 2391 anch
620 2336 696 2390 Torr.
714 2334 769 2406 112
790 2338 869 2405 arasa]
896 2336 958 2389 odd.
982 2342 1026 2387 est
1049 2334 1075 2387 Ε
1099 2341 1124 2387 et
1147 2350 1215 2387 corr.
1234 2334 1271 2390 D.
1291 2340 1303 2401 ΙΙ
1323 2333 1349 2389 3.
1367 2339 1441 2388 hosti
1457 2337 1521 2389 Por·

299 2422 383 2458 senae
402 2411 466 2459 data
486 2406 563 2461 Torr.
574 2409 588 2478 ΙΙ
600 2411 721 2459 custodia
739 2408 802 2460 Por.
820 2415 845 2459 ct
864 2424 933 2460 corr.
951 2405 982 2458 A.
994 2406 1007 2475 11
1025 2404 1050 2458 5.
1076 2410 1124 2457 sed
1144 2422 1192 2459 em.
1212 2404 1239 2457 C.
1258 2406 1271 2473 ll
1288 2408 1380 2474 otiam]
1404 2410 1430 2458 et
1447 2405 1483 2457 D.
1495 2404 1510 2485 ΙΙ

299 2482 372 2528 metu
390 2506 425 2516 —
443 2478 493 2543 tl.)
517 2480 731 2546 Caeninensium]
757 2478 785 2530 ia
808 2494 906 2531 rorare
929 2477 960 2532 A.
980 2478 993 2538 ll
1012 2476 1136 2543 petriam]
1163 2482 1222 2527 onte
1246 2480 1317 2527 metu
1341 2476 1378 2529 D.
1399 2475 1411 2547 ll
1430 2480 1522 2541 puelia

299 2550 388 2607 soluit.
408 2552 472 2601 uiris
492 2549 569 2602 Torr.
584 2549 595 2618 ΙΙ
609 2553 708 2601 lumine
725 2564 823 2601 recuro
835 2549 866 2602 A.
881 2548 894 2616 ΙΙ
909 2550 1011 2601 uirtutis
1030 2564 1079 2599 om.
1094 2562 1139 2615 pr.
1157 2548 1191 2600 F..
1205 2548 1407 2671 ltprueterenda
1423 2564 1523 2599 rasura

300 2616 326 2670 A
342 2624 368 2671 et
385 2634 453 2671 corr.
474 2619 564 2687 (1117.
584 2624 610 2685 S.
628 2618 654 2673 3.
673 2637 721 2674 om.
740 2618 772 2671 Γ.
784 2619 797 2686 Η
814 2638 940 2673 macrone
959 2618 995 2671 D.
1007 2618 1019 2687 ll
1039 2621 1203 2669 eeniensium
1245 2656 1251 2670 .
1276 2622 1465 2670 senonensium
1482 2618 1519 2671 D.

313 2688 326 2751 ΙΙ
343 2686 384 2742 11.
403 2693 538 2759 corripuit]
558 2694 653 2758 rapuit.
665 2691 740 2744 Torr.
755 2688 768 2761 ΙΙ
784 2689 826 2743 ld.
844 2707 970 2746 macrone
989 2688 1026 2744 D.
1042 2689 1053 2761 ΙΙ
1069 2693 1101 2743 de
1121 2690 1164 2756 eo]
1185 2692 1236 2742 deo
1254 2687 1380 2746 ABGD.
1401 2690 1414 2760 ll
1434 2686 1474 2742 15.
1494 2692 1520 2754 s.

301 2757 327 2814 4.
345 2776 395 2814 cta.
413 2759 445 2816 Γ.
457 2762 505 2832 ΙΙΛ
523 2766 634 2819 Romulo
653 2762 784 2826 (Effert.
1249 2781 1252 2787 ·

302 2978 434 3040 exemplo.
471 2978 546 3028 Nunc
565 2980 678 3028 alterum
696 2979 778 3028 etiam
795 2979 890 3028 inserit
909 2977 1034 3028 Cloeliae.
1081 2977 1137 3025 lom
1156 2989 1220 3025 uero
1239 2977 1300 3031 boni
1319 2978 1379 3027 libri
1397 2978 1522 3027 exhibent

299 3046 370 3108 fecit
381 3062 477 3115 pocae,
497 3051 567 3098 unde
585 3050 728 3098 manifesto
752 3051 856 3098 mutata
880 3049 1048 3098 distinctione
1068 3047 1236 3096 scribendum
1262 3049 1304 3096 est
1325 3061 1409 3114 pocae
1432 3045 1521 3098 cedern

302 3145 336 3155 ·—
355 3122 512 3184 tempestate.
541 3118 610 3168 Nom
627 3133 739 3182 prorsus
758 3123 852 3170 eodem
871 3121 990 3182 tompore
1009 3120 1034 3166 id
1054 3132 1141 3179 noque
1160 3118 1258 3166 factum
1282 3121 1340 3186 erat
1366 3134 1450 3183 noque
1469 3119 1520 3168 Va·

300 3189 383 3238 lerino
406 3190 506 3239 foetum
530 3203 593 3240 esse
618 3191 795 3249 existimauit,
819 3193 848 3240 ut
872 3189 1054 3240 demonstrant
1079 3205 1121 3240 uu.
1147 3192 1236 3238 ccrtc
1265 3185 1392 3240 aduersus
1416 3185 1521 3240 moden

301 3257 406 3313 metm,
427 3275 505 3321 quae,
524 3261 576 3308 nisi
595 3259 735 3310 discrimen
754 3264 860 3327 aliquod
885 3261 1013 3324 temporis
1043 3261 1199 3317 statuisset,
1224 3260 1336 3323 dicenda
1360 3261 1473 3310 fuissent
1497 3265 1522 3310 et

301 3327 429 3380 adamata
452 3327 527 3382 eund.
552 3329 616 3380 boot.
664 3331 746 3382 Recte
776 3334 855 3399 igitur
880 3333 1044 3395 Nepotianus
1067 3331 1094 3380 in
1119 3332 1274 3393 compendio
1298 3332 1377 3380 huius
1407 3332 1520 3393 exempli

302 3401 410 3463 scripsit
421 3398 495 3451 Haeo
502 3405 567 3466 port
577 3399 695 3466 ameum
707 3401 830 3468 torporis
839 3400 1005 3454 interuallum
1014 3398 1180 3468 precandam
1191 3399 1291 3450 utacum
1301 3404 1351 3454 etc.
1369 3403 1411 3451 De
1421 3403 1521 3452 causali

303 3485 372 3536 quae
390 3474 552 3536 sequebatur
567 3473 698 3536 particula
710 3471 777 3522 enim
789 3475 889 3536 optimo
902 3476 957 3523 iure
970 3474 1023 3522 iam
1036 3473 1188 3521 dubitarunt
1198 3471 1305 3536 Lipsius
1319 3473 1345 3522 et
1358 3473 1520 3531 Perizonius

303 3557 364 3591 cum
373 3544 400 3592 et
412 3544 564 3606 paulopost
578 3545 674 3593 eadem
688 3547 823 3606 repetatur
840 3543 920 3603 (inter
935 3548 1036 3593 ceteras
1051 3540 1118 3594 enim
1133 3540 1259 3607 hirpinos)
1277 3545 1304 3593 et
1319 3559 1353 3592 ex
1370 3547 1428 3594 tota
1442 3559 1521 3594 cnun-

302 3614 361 3662 tiati
379 3614 467 3663 indole
486 3618 618 3676 appareat
635 3628 701 3664 osso
724 3630 777 3664 non
801 3615 903 3664 finitum
929 3617 1039 3664 uerbum
1063 3615 1112 3663 sed
1136 3611 1302 3677 participium
1327 3628 1399 3665 esso.
1436 3615 1522 3664 Nolim

302 3684 394 3732 tomen
412 3699 472 3732 eum
490 3685 628 3734 Perizonio
647 3685 801 3748 Lipsianam
821 3687 943 3749 accipere
968 3686 1180 3735 emendationem
1204 3681 1292 3735 eadem
1316 3699 1347 3734 co
1366 3689 1520 3750 tenpestate,

303 3755 333 3800 ut
351 3767 382 3801 co
400 3754 531 3805 referatur
549 3757 584 3804 ad
602 3756 736 3806 Cloeliam.
774 3757 843 3805 Nam
863 3757 987 3806 facillime
1006 3753 1074 3807 enim
1097 3756 1159 3815 (etri)
1180 3755 1241 3805 oriri
1265 3755 1349 3817 potuit
1373 3771 1389 3805 e
1414 3770 1521 3819 praece·

306 3823 428 3870 dentibus
446 3825 540 3874 litteris
560 3840 606 3874 cm.
643 3828 702 3884 Qua
719 3828 811 3889 spuria
829 3828 959 3890 particula
983 3827 1072 3876 deleta
1090 3827 1188 3889 optimo
1207 3826 1334 3877 cohaeret
1352 3827 1522 3889 proceditque

306 3892 398 3942 oratio.
435 3892 504 3942 Nam
523 3896 574 3943 hoc
592 3909 659 3945 sane
677 3897 751 3945 nihili
770 3900 820 3955 ost,
840 3901 910 3959 quod
929 3898 1051 3961 opinatur
1063 3898 1192 3959 Kappius,
1211 3897 1368 3959 particulam
1386 3895 1452 3948 enim
1471 3913 1522 3948 non

306 3963 445 4011 causalem
463 3964 489 4014 h.
509 3965 526 4014 t.
543 3965 677 4016 notionem
695 3968 796 4017 habere
815 3971 864 4018 sed
882 3968 1011 4019 inseruire
1028 3967 1187 4017 transitioni.
1440 4007 1444 4010 .

378 4029 527 4084 Porsennae
545 4031 608 4084 doto
628 4034 733 4101 [tostrv
761 4039 885 4089 Vltimum
910 4039 1069 4090 uocabulum
1092 4053 1145 4088 non
1169 4039 1248 4088 modo
1267 4051 1463 4102 superuacuum
1481 4043 1523 4090 ast

307 4104 356 4152 sed
375 4103 427 4152 hoc
445 4105 504 4154 loco
522 4105 638 4168 positum
657 4108 736 4156 ualde
755 4111 834 4159 etiam
860 4111 1067 4167 incommodum,
1091 4109 1250 4172 praesertim
1274 4124 1332 4158 curn
1358 4111 1439 4174 paulo
1462 4113 1523 4162 ante

305 4176 488 4237 praecesserit
506 4172 633 4226 aduersas
650 4174 757 4228 eandem
773 4179 878 4231 boetem.
914 4183 1080 4246 Quapropter
1098 4180 1125 4228 id
1144 4179 1285 4230 delendum
1302 4194 1365 4231 esse
1385 4185 1524 4232 censuerat

304 4245 460 4297 Perizonius
478 4248 660 4299 consentiente
677 4249 814 4308 Torronio,
833 4253 975 4318 quibuset
991 4253 1051 4315 ipse
1070 4253 1179 4308 accedo,
1199 4251 1389 4318 grauissimam
1408 4251 1523 4302 affererm

305 4316 469 4380 suspicionis
494 4319 721 4370 confirmationem
745 4335 760 4370 e
784 4322 832 4373 lul.
858 4323 961 4372 Paridis
985 4323 1115 4385 epitoma,
1145 4324 1171 4372 iu
1200 4337 1253 4386 que
1278 4323 1393 4372 seruatis
1417 4323 1523 4388 reliquis

307 4388 460 4438 Valerianis
479 4389 530 4439 hoo
548 4393 659 4440 uerbum
676 4407 730 4440 non
749 4395 830 4440 extat.
866 4393 979 4460 Legitur
1000 4395 1037 4442 ibi
1063 4389 1161 4444 Cloelio
1179 4391 1248 4444 inter
1266 4397 1367 4446 oetwus
1383 4391 1451 4460 airy.
1466 4391 1523 4445 otc.

306 4456 439 4510 Porsenae
457 4456 521 4512 doto
537 4464 604 4511 sort.
622 4449 699 4529 temp
717 4459 837 4513 cutodio
855 4477 959 4527 eyrerro
977 4465 1026 4514 eto.
1433 4499 1436 4504 η

377 4521 403 4577 3.
423 4529 462 4578 ct.
480 4529 539 4582 hio.
557 4532 578 4588 1,
600 4528 640 4582 10.
667 4533 733 4583 Plut.
753 4532 827 4583 Rom.
852 4529 893 4585 itt.
920 4535 996 4585 Dion.
1021 4535 1081 4586 Hal.
1100 4535 1138 4592 ll,
1156 4529 1193 4586 33
1211 4549 1270 4601 sqq.
1299 4534 1369 4587 Flor.
1393 4535 1412 4596 1,
1440 4531 1463 4596 l,
1484 4533 1524 4588 ll.

309 4594 385 4652 Auci·
404 4600 438 4648 do
456 4599 505 4648 uir.
521 4600 559 4650 ill.
578 4597 604 4651 2.
622 4602 696 4652 sest
715 4618 741 4650 u.
760 4605 850 4666 opima
868 4605 955 4668 spolia
972 4621 998 4667 p.
1021 4599 1070 4655 1811
1089 4604 1162 4656 Mill.

380 4661 406 4721 4.
425 4668 540 4723 osuiu.
558 4670 614 4730 1111,
636 4667 675 4724 tt.
694 4672 856 4729 mutuom
878 4670 917 4728 lt.
936 4674 1058 4729 duetdo
1077 4675 1176 4730 uinill.
1196 4670 1241 4738 28,
1260 4677 1312 4731 out
1414 4707 1417 4714 »
1458 4704 1461 4712 =
