3409 5400
430 542 432 548 ’
511 524 594 596 LIB.
617 524 673 607 lll,
697 528 734 595 Ο.
758 528 790 607 b,
813 538 842 607 ς.
868 526 1063 597 2-7.-c.
1090 532 1119 599 7.
1361 531 1427 615 286,

201 698 269 765 est,
297 689 464 777 insignem
490 689 628 756 bellicae
655 692 703 757 rei
731 712 924 759 successum
952 702 1112 757 nocturna
1142 689 1358 759 celebratione
1381 704 1427 759 te·

201 798 332 865 stando.

291 904 379 971 Nam
401 902 554 990 Papirius
583 906 716 993 quidem
738 906 874 983 Masso,
903 929 978 973 cum
1005 907 1090 972 bene
1118 919 1215 994 gesta
1240 927 1275 970 re
1299 905 1469 992 publicai.

201 1010 402 1099 triumphum
426 1035 447 1077 a
469 1024 586 1077 senatu
609 1035 676 1079 non
698 1015 943 1100 inpetrauisset‚
971 1015 1006 1078 in
1028 1013 1158 1079 Albano
1185 1023 1295 1079 monte
1318 1014 1429 1077 trimu-

175 1119 326 1207 nphandi
358 1130 390 1183 et
418 1121 490 1205 ipse
518 1120 645 1185 initium
673 1121 750 1187 iecit
778 1133 809 1186 et
832 1122 948 1185 ceteris
976 1131 1094 1207 postea
1122 1122 1306 1207 exemplum
1333 1141 1429 1206 prae·

201 1227 286 1303 buit,
320 1248 445 1314 proque
474 1226 588 1293 laurea
616 1249 757 1305 corona,
792 1250 866 1293 cum
898 1228 996 1293 alicui
1030 1228 1216 1313 spectaculo
1246 1229 1429 1303 interesset,

202 1346 330 1421 myrtea
350 1356 432 1399 usus
457 1344 517 1398 est.

292 1440 362 1507 lam
380 1442 415 1509 0.
432 1440 530 1505 Marii
553 1462 658 1526 paene
681 1443 828 1509 insolens
844 1444 975 1509 factum.
1010 1441 1097 1509 Nam
1113 1454 1188 1529 post
1202 1439 1428 1529 Iugurthinum
1438 1455 1469 1523 6,

204 1548 468 1635 Cimbricumque
485 1559 515 1612 et
532 1546 742 1614 Teutonicum
759 1549 957 1636 triumphurn
974 1548 1130 1613 cantharo
1147 1570 1278 1632 semper
1293 1550 1428 1632 putauit,

164 1656 361 1744 aequoniam
396 1654 493 1720 Liber
527 1654 625 1719 Pater
658 1653 805 1721 Indicum
840 1678 881 1721 ex
913 1655 997 1721 Asia
1032 1654 1198 1719 deducens
1232 1652 1429 1740 triumphum

201 1762 267 1829 hoo
295 1786 377 1828 usus
400 1762 510 1849 poculi
534 1784 655 1850 genere
678 1764 859 1839 serebatur,
887 1770 922 1829 ot
943 1764 1027 1829 inter
1050 1762 1160 1847 ipsum
1182 1760 1338 1827 haustum
1360 1761 1429 1825 uini

202 1872 359 1937 uictoriae
384 1872 455 1935 eius
480 1892 559 1935 suas
583 1872 737 1936 uictorias
762 1882 968 1956 conpararet.

292 1977 425 2043 Marcus
450 1990 556 2045 autem
574 1978 654 2043 Cato
677 1990 807 2063 praetor
823 1978 869 2043 M.
890 1977 1008 2044 Scauri
1030 1986 1276 2063 ceterorumque
1299 1998 1429 2041 reorum
1440 1988 1469 2052 7.

201 2085 327 2152 iudicia
348 2085 438 2151 nulla
459 2087 592 2153 indutus
617 2087 727 2151 tunica
757 2084 818 2151 sed
846 2081 1071 2150 tantummodo
1094 2094 1263 2168 praetexta
1289 2085 1427 2150 amictus

162 2194 282 2280 uegit.

294 2835 363 2902 Sed
391 2832 474 2901 haec
503 2846 600 2922 atque
627 2832 681 2898 his
706 2832 827 2898 similia
849 2833 977 2896 uirtutis
1000 2830 1124 2918 aliquid
1147 2831 1211 2896 sibi
1232 2831 1266 2896 in
1289 2833 1511 2902 consue-Vll,

205 2941 316 3008 tudine
350 2942 507 3008 nouanda
540 2941 689 3007 licentiae
724 2941 882 3004 sumentis
917 2938 1039 3004 indicia
1073 2951 1157 3004 sunt.
1209 2936 1275 3002 Illis
1310 2950 1428 3012 autem,

206 3072 291 3137 quae
314 3049 469 3136 deinceps
493 3049 700 3122 subnectam,
730 3058 886 3134 quantam
916 3048 967 3112 sui
999 3045 1152 3111 fiduciam
1179 3043 1302 3110 babere
1326 3045 1431 3109 soleat

206 3159 425 3244 cognoscitur.

711 3278 924 3295 ἡ

204 3383 230 3440 i.
249 3386 422 3451 impetrasset
439 3383 553 3447 (Effer.
574 3383 651 3440 Torr.
670 3386 683 3454 Η
702 3386 727 3441 i.
746 3391 823 3440 miris
841 3385 875 3441 B.
898 3388 988 3440 minin
1005 3382 1042 3439 D.
1061 3384 1125 3440 add.
1144 3401 1252 3452 semper
1268 3382 1296 3439 E
1315 3388 1341 3436 et
1358 3398 1428 3438 corr.

203 3455 330 3512 D,'l'orr.
342 3456 355 3524 ΙΙ
367 3452 391 3508 8.
411 3457 478 3522 lam]
498 3457 561 3509 item
579 3457 614 3510 E·
627 3457 640 3525 ll
652 3475 677 3521 ‘l-
696 3461 773 3510 marii
791 3459 826 3513 Ε.
840 3460 853 3528 il
867 3456 893 3510 9.
915 3459 1130 3524 eymbricumque
1148 3456 1181 3509 i.
1205 3459 1427 3522 eirnbericumque

203 3525 241 3582 D.
255 3528 267 3589 ΙΙ
283 3531 412 3578 canthora
432 3526 460 3580 C.
476 3525 488 3596 ΙΙ
505 3527 545 3581 10.
565 3531 700 3596 qnoniam]
720 3545 742 3602 p
760 3528 792 3582 A.
812 3548 892 3598 qrram
909 3527 968 3581 Bc.
988 3530 1057 3593 quod
1077 3526 1173 3580 DPar.
1186 3526 1262 3580 Torr.
1282 3523 1343 3580 aaa.
1363 3527 1381 3579 1.
1398 3528 1427 3578 Ρ.

204 3601 275 3662 quod
294 3613 384 3666 morpo
403 3597 453 3671 dl
474 3601 591 3650 inclitum
610 3599 638 3650 in
655 3614 752 3652 rasura
770 3599 807 3652 D.
826 3603 941 3653 iudicum
958 3596 994 3650 Ε.
1014 3598 1026 3659 ΙΙ
1048 3596 1089 3649 11.
1109 3602 1136 3648 ιι1
1153 3613 1203 3652 om.
1222 3595 1247 3650 Β
1254 3596 1276 3650 C
1294 3603 1319 3648 et
1331 3612 1377 3664 pr.
1394 3595 1427 3648 A.

203 3667 322 3793 dim]
343 3687 392 3736 per
408 3669 445 3724 D.
466 3665 525 3737 113.
545 3674 605 3721 cato
630 3665 688 3736 pior
711 3665 737 3721 ni
758 3675 846 3723 scauri
870 3668 900 3721 ia
922 3683 1019 3720 rasura
1037 3666 1069 3719 Α.
1097 3673 1157 3720 caio
1182 3687 1208 3733 p.
1234 3686 1254 3720 r.
1278 3685 1313 3721 m.
1339 3670 1428 3718 scauri

236 3738 297 3794 OD.
310 3743 323 3810 ΙΙ
337 3737 378 3794 ii.
396 3743 494 3793 iudicia
511 3771 546 3780 —
564 3744 706 3806 praetexta
724 3756 772 3792 om.
792 3739 819 3794 0.
839 3741 851 3810 Η
871 3742 997 3806 nullaque
1015 3737 1051 3791 Ε.
1071 3737 1083 3807 ii
1103 3741 1216 3790 emistus
1235 3737 1263 3790 0.
1280 3737 1294 3805 ΙΙ
1314 3733 1355 3791 iti.
1374 3738 1428 3790 Sed

203 3815 274 3864 haee
291 3839 326 3850 -
344 3809 414 3882 (19.)
433 3814 613 3883 cognoscitur]
634 3827 683 3865 om.
708 3809 740 3863 Γ.
759 3811 917 3880 praeposuit
939 3809 1041 3862 titulum
1062 3813 1104 3862 De
1125 3812 1224 3861 fiducia
1246 3811 1289 3860 sui
1310 3806 1387 3864 Torr.
1401 3810 1414 3878 ΙΙ

207 3879 248 3934 18.
268 3886 404 3952 quantem]
425 3884 474 3937 tite.
493 3891 548 3935 tam
565 3883 594 3935 ιἰι
612 3897 709 3936 rasum
727 3881 758 3935 Α.
778 3887 904 3950 quantum
916 3879 1040 3936 BGDE.
1055 3880 1068 3950 ΙΙ
1082 3885 1124 3934 sni
1136 3883 1269 3934 —soleat
1285 3880 1314 3934 t'n
1331 3895 1428 3935 rasura

205 3951 237 4005 Α.
252 3949 264 4025 ΙΙ
279 3957 375 4007 ddueia
392 3955 428 4009 E.
442 3953 454 4025 ΙΙ
472 3951 511 4010 iit.
531 3957 710 4026 cognoscetur
728 3953 756 4005 in
773 3969 872 4006 rasura
889 3952 923 4009 Α,
945 3952 1023 4005 Torr.

276 4199 302 4256 5.
321 4206 360 4256 ei.
383 4205 416 4258 Ι..
442 4205 505 4258 Piso
528 4222 572 4270 ap.
597 4203 664 4256 Piin.
687 4205 737 4257 XV
761 4208 788 4258 1ι.
812 4222 838 4258 ιι
865 4201 909 4258 29.
936 4205 1045 4270 Myrtea
1062 4222 1162 4258 eorona
1180 4222 1241 4259 eum
1259 4221 1338 4258 usam
1355 4221 1428 4266 esse.

206 4275 390 4399 quoffiardos
409 4279 436 4327 in
451 4279 554 4342 eampis
573 4278 685 4342 myrteis
704 4282 872 4342 superasset,
891 4277 972 4330 refert
989 4278 1064 4330 Paul.
1083 4279 1151 4332 diac.
1164 4294 1190 4331 ιι.
1206 4281 1312 4344 myrtea
1329 4292 1429 4329 corona

204 4363 232 4410 p.
323 4349 397 4401 ninii.

277 4413 302 4470 6.
321 4419 388 4472 Plin.
408 4419 434 4471 1ι.
454 4434 479 4471 n.
498 4419 624 4477 xxxiii,
647 4416 675 4471 ll
697 4421 725 4470 in
743 4419 788 4472 tin.
808 4420 876 4471 Piut
895 4421 929 4471 de
947 4421 1035 4470 cohib.
1051 4420 1094 4471 ira
1114 4413 1154 4472 13.

275 4487 397 4556 quonium
415 4485 509 4550 Liber)
533 4489 562 4539 lu
588 4491 680 4540 codiee
699 4491 846 4556 archetypo
865 4491 1007 4559 legebatur
1028 4506 1105 4558 peasa
1123 4507 1172 4556 pro
1190 4488 1325 4558 quonian.
1354 4489 1429 4540 culus

203 4559 352 4623 particulae
372 4562 555 4622 compendium
575 4555 616 4627 qni
632 4562 756 4612 facillime
772 4563 797 4612 in
811 4575 888 4628 paam
900 4564 1006 4626 poterat
1018 4563 1158 4626 corrumpi.
1195 4563 1283 4614 Antea
1301 4557 1430 4612 edebatur

204 4624 274 4696 quod
291 4627 383 4689 daber,
402 4631 481 4696 idque
499 4632 576 4681 Paris
602 4633 759 4684 confirmare
783 4633 868 4682 uideri
890 4636 999 4697 posset,
1024 4635 1077 4684 nisi
1099 4633 1207 4701 lougius
1231 4634 1259 4682 iu
1281 4633 1334 4682 boe
1358 4645 1429 4682 com·

169 4709 171 4714 '
203 4701 301 4767 pendia
320 4716 338 4750 a
358 4701 508 4752 Valerianis
530 4703 713 4754 discessisset.
914 4708 916 4713 “

277 4766 301 4826 1.
321 4772 361 4822 ci.
380 4771 471 4826 ascen
488 4774 516 4824 in
533 4771 625 4829 Scaur.
645 4790 669 4839 p.
689 4769 727 4828 ³0
745 4775 837 4828 Orelli.
