3409 5400
566 468 649 538 nm.
673 468 728 548 111,
752 424 790 537 οξ
814 470 845 548 a,
867 469 941 539 mr.
964 479 997 548 r.
1022 470 1050 536 1.
1074 469 1107 540 e.
1381 472 1448 543 en

216 630 381 717 patientia
403 630 496 719 priori
517 632 626 717 magis
651 630 831 699 delectatus
856 644 922 707 est,
952 630 1016 695 hoe
1040 633 1160 697 certius
1182 634 1449 717 perseuerantiae

217 738 480 823 experimentum
504 758 635 803 sumere
657 736 769 803 uoluit.
816 738 974 805 Consulto
989 740 1078 811 enirn
1093 739 1295 803 sacrificauit
1315 737 1448 813 diutius,

217 864 285 909 nee
314 842 377 909 hac
404 864 439 907 re
469 864 545 909 enm
576 845 746 929 proposito
774 844 902 929 repulit.
960 846 997 909 Si
1026 844 1102 911 huie
1131 844 1289 909 miraculo
1316 843 1447 909 Dareus

216 951 416 1015 inseruisset
438 948 563 1026 oculos,
587 952 707 1015 scisset
730 952 800 1013 eius
830 953 941 1036 stirpis
971 952 1091 1018 milites
1123 953 1213 1016 irinci
1240 972 1308 1015 non
1336 972 1448 1037 posse,

182 1076 203 1119 a
217 1057 318 1119 cuius
341 1056 505 1123 infirmam
529 1066 667 1123 aetatem
691 1067 778 1125 tanto
802 1057 920 1121 robore
943 1058 1125 1143 praeditam
1148 1057 1447 1124 animaduertisset.

313 1160 373 1227 Est
395 1173 428 1225 et
448 1162 504 1227 illa
527 1162 706 1227 uehemens
730 1174 762 1227 et
785 1175 942 1229 constans
966 1165 1067 1229 enimi
1090 1164 1215 1237 militia,
1241 1164 1354 1232 litteris
1377 1162 1447 1248 pol·

216 1268 306 1344 lens,
330 1268 565 1333 uenerabilium
582 1270 747 1355 doctrinae
763 1292 933 1337 sacrorum
949 1273 1085 1335 antistes
1097 1270 1317 1357 philosophia.
1353 1269 1448 1351 Quae

217 1375 280 1439 ubi
302 1384 433 1459 pectere
456 1387 590 1461 recepta
612 1386 670 1451 est,
697 1375 892 1455 [hominem]
923 1376 1097 1441 inhoneste
1126 1388 1223 1462 atque
1257 1377 1362 1443 inutili
1390 1376 1448 1441 ed·

220 1482 311 1545 l'ectu
327 1480 487 1566 dispulso‚
511 1492 612 1547 tetum
628 1484 660 1545 in
678 1482 804 1548 solidae
821 1484 949 1547 uirtutis
972 1484 1171 1547 munimento
1195 1484 1367 1548 confirmat
1387 1506 1447 1567 pe-

179 1589 408 1674 mtentiusque
432 1598 520 1653 metu
542 1588 621 1653 facit
643 1610 683 1653 ae
707 1588 830 1653 dolore.

313 1690 471 1779 Incipiam
494 1706 602 1760 autern
626 1716 647 1758 a
669 1694 799 1760 Zenone
824 1695 946 1759 Eleate.
993 1694 1058 1775 Qui
1080 1717 1156 1759 cum
1179 1704 1269 1761 esset
1290 1695 1325 1759 in
1347 1691 1489 1778 ‹lapi-2.

222 1798 344 1865 cienda
371 1818 479 1865 rerum
511 1811 630 1865 natura
656 1804 819 1867 maximae
846 1802 1039 1887 prudentiae
1067 1803 1167 1888 inque
1195 1799 1375 1878 excitandis
1390 1798 1449 1863 sad

223 1908 373 1993 uigorem
405 1909 560 1973 iuuenum
592 1908 710 1989 animis
746 1910 1028 1995 promptissimus,
1062 1919 1311 1995 praeceptorum
1350 1906 1449 1971 iidem

226 2012 374 2098 exemplo
390 2014 517 2077 uirtutis
534 2032 615 2079 suae
631 2012 815 2099 publicauit.
863 2014 1007 2081 Patriam
1024 2017 1111 2079 enim
1134 2037 1302 2101 egressus,
1324 2014 1359 2079 in
1383 2035 1449 2099 qua

182 2119 290 2183 refrui
317 2140 436 2183 secura
468 2118 615 2185 libertate
643 2130 784 2205 poterat,
823 2118 1043 2207 Agrigentum
1078 2122 1256 2185 miserabili
1292 2122 1448 2185 seruitute

226 2226 487 2308 obrrrtumpetit,
511 2237 600 2291 tanta
624 2226 741 2291 fiducia
765 2227 890 2312 ingenii
915 2248 954 2289 ae
978 2240 1107 2291 morum
1130 2248 1265 2291 suorum
1288 2226 1390 2289 fretus
1414 2235 1449 2285 ut

229 2402 251 2457 1.
270 2403 369 2473 magis]
390 2404 594 2467 ente-patientia
613 2400 647 2457 E]
659 2402 672 2472 ΙΙ
684 2409 727 2455 est
744 2420 793 2457 em.
813 2401 1047 2456 BCDEl'Torr.
1059 2404 1072 2472 ΙΙ
1084 2403 1146 2469 hoc]
1167 2408 1194 2455 et
1212 2405 1263 2455 hec
1282 2417 1350 2455 cerr.
1363 2400 1395 2453 A.
1414 2416 1448 2451 ex

228 2478 277 2525 hoe
296 2472 362 2527 DF.
388 2476 466 2525 huius
485 2472 520 2525 Ε.
539 2476 552 2544 Ι]
571 2471 595 2525 3.
616 2494 633 2526 u
651 2478 788 2541 proposito
809 2473 887 2527 Torr.
904 2474 917 2544 ΙΙ
937 2477 1038 2539 depulit
1060 2475 1123 2527 Por.
1141 2478 1166 2526 et
1189 2490 1259 2526 corr.
1279 2473 1309 2525 A.
1324 2480 1336 2541 ΙΙ
1357 2472 1448 2523 danus

227 2541 522 2610 demerserant.
542 2548 591 2597 Est
609 2574 643 2583 -
662 2543 728 2610 (10.)
748 2547 839 2597 dolore
858 2563 907 2599 em.
926 2544 957 2597 Γ.
969 2542 1020 2612 118.
1039 2546 1184 2612 hominem]
1203 2545 1232 2597 D
1249 2550 1276 2595 et
1288 2560 1333 2612 pr.
1350 2543 1381 2596 A.
1400 2546 1447 2593 ho·

227 2619 292 2667 nrini
309 2612 363 2667 BC
378 2621 403 2667 et
420 2630 490 2670 cerr.
509 2615 540 2670 A.
568 2620 638 2669 omni
655 2616 689 2670 Ε.
719 2619 856 2669 hominum
877 2615 953 2668 Terr.
969 2616 983 2683 Η
1000 2612 1026 2670 9.
1044 2618 1274 2682 potentioremque
1289 2614 1318 2667 D
1336 2620 1362 2666 et
1378 2628 1448 2665 cerr.

229 2686 258 2740 C.
269 2688 283 2756 Η
297 2684 336 2751 ld.
355 2688 428 2754 iecit]
443 2692 508 2756 post
524 2690 615 2741 dolero
630 2686 706 2743 Torr.
719 2688 732 2757 ΙΙ
746 2686 786 2742 ll.
805 2690 931 2755 Incipiam
943 2716 979 2728 —
989 2688 1050 2755 Qui]
1064 2692 1137 2740 Zeno
1150 2688 1263 2740 Eleatae
1274 2686 1305 2742 Γ.
1318 2686 1448 2758 'laetante

125 2807 130 2814 .
227 2757 287 2812 Ac.
306 2761 412 2810 meliate
431 2757 464 2812 E.
479 2758 491 2830 ΙΙ
506 2762 683 2824 despicienda·
696 2760 728 2812 Γ.
743 2760 755 2830 ΙΙ
773 2757 812 2814 13.
832 2762 1041 2826 promptissimis
1055 2776 1101 2828 pr.
1118 2759 1151 2814 A.
1169 2761 1183 2828 Η
1194 2764 1353 2826 praeceptor
1370 2759 1407 2814 D:
1421 2753 1434 2829 ΙΙ

230 2825 270 2882 li.
290 2832 392 2882 uirtutis
410 2833 534 2896 exemplo
552 2829 587 2884 Ε.
599 2831 613 2900 Η
628 2827 667 2883 16.
686 2834 760 2896 petiit
777 2829 917 2884 ermon.

226 2993 369 3060 praeterea
386 2993 413 3040 in
432 2991 523 3042 codiee
535 2992 666 3042 Berneusi
684 2996 723 3044 eat
739 2996 802 3058 post
816 2990 966 3046 delectetur.
983 3023 987 3027 ‚
1002 2993 1118 3062 Egregie
1131 2994 1275 3045 Torrenius
1288 2992 1447 3045 sententiam

225 3063 342 3114 restituit
359 3063 430 3112 taciti
449 3065 646 3120 emendatione,
673 3079 752 3130 quam
777 3065 884 3114 omnino
907 3069 1093 3116 necessariam
1117 3079 1182 3115 esse
1205 3081 1240 3116 ne
1263 3067 1323 3129 ipse
1341 3066 1465 3130 quidem.

227 3133 332 3182 uidetur
352 3134 536 3197 perspexisse.
581 3133 716 3188 seiuncta.
741 3151 810 3201 qrrnc
829 3135 985 3201 pierumque
1008 3136 1161 3193 cohaerent,
1186 3149 1236 3202 qao
1260 3163 1295 3174 —-
1312 3134 1397 3200 mepta
1413 3149 1449 3184 no

228 3219 308 3264 qtrern
328 3204 472 3263 offendent,
491 3220 624 3269 epponem
649 3206 737 3256 similo
756 3207 841 3256 Taciti
860 3207 1020 3271 exemplum,
1040 3207 1083 3271 qui
1107 3208 1132 3256 in
1151 3207 1188 3255 111
1207 3222 1268 3258 ann.
1287 3201 1322 3256 30
1341 3207 1449 3267 scripsit

227 3271 341 3326 Suberat
358 3277 443 3324 tem
459 3273 536 3341 aiper
554 3274 637 3329 mimi
654 3290 684 3328 en
703 3275 794 3328 uerior
810 3291 861 3344 qao
877 3291 993 3328 mmm
1011 3281 1037 3326 et
1052 3275 1176 3328 inertium
1191 3275 1277 3340 mepte
1293 3271 1447 3326 amedu.

297 3347 405 3411 pectore
422 3351 527 3412 recepta
545 3351 593 3399 eet,
615 3344 763 3412 [homiaem]
790 3345 933 3408 inteream)
960 3348 1042 3398 Vocis
1055 3347 1107 3395 titis
1126 3348 1258 3408 ademptis
1277 3359 1346 3409 quae
1365 3357 1450 3406 supra

228 3417 299 3466 edidi
330 3416 469 3480 archetypi
492 3419 698 3480 repraesentant
719 3419 891 3481 scripturam,
919 3433 973 3468 non
996 3431 1064 3466 sane
1084 3431 1116 3465 ee
1140 3417 1220 3464 mede
1244 3414 1449 3472 emendandam,

228 3503 280 3548 quo
300 3487 404 3536 tactum
418 3489 476 3536 eret
494 3489 521 3538 ln
540 3488 659 3556 uulgetls
678 3488 877 3550 exemplaribus
897 3490 924 3537 ct
946 3490 1000 3537 iam
1025 3487 1052 3535 in
1070 3486 1172 3536 Veneto
1190 3500 1216 3533 n.
1237 3481 1313 3534 idid.
1344 3483 1449 3534 ltltcnim

227 3554 357 3608 Mariam
375 3559 436 3610 ferri
455 3560 561 3621 poterat
578 3559 746 3608 coniunctum
770 3573 828 3607 cum
851 3558 948 3620 plurali
970 3571 1080 3606 numero
1098 3550 1265 3621 pectoribus,
1292 3552 1320 3602 in
1339 3557 1449 3620 pectore

228 3626 357 3680 barim
375 3633 481 3695 receptu
499 3629 616 3679 alienum
634 3629 677 3678 cst
695 3629 729 3676 ab
748 3643 794 3678 ore
812 3628 917 3680 teatino.
959 3629 989 3676 ln
1014 3627 1100 3676 altere
1123 3628 1212 3674 eutem
1235 3626 1314 3688 parte
1337 3623 1449 3674 alterius

230 3700 346 3750 familiae
365 3700 471 3749 codices
490 3697 588 3750 demitti
600 3699 733 3755 exhibent,
753 3699 823 3748 uude
841 3713 895 3748 non
907 3699 978 3748 mele
990 3699 1018 3746 in
1031 3696 1240 3760 Guelferbytanae
1253 3693 1279 3746 E
1291 3697 1449 3760 temptatum

228 3769 299 3820 emat
308 3769 451 3824 inimare.
466 3771 607 3822 dummodo
619 3769 666 3819 iila
678 3771 810 3833 scriptura
821 3770 962 3834 archetypi
973 3767 1153 3818 testimenium
1163 3767 1320 3819 contineret.
1350 3769 1448 3818 Verum

228 3839 353 3893 minem
365 3843 449 3892 musci
465 3842 586 3905 potuisse
604 3855 638 3892 ox
656 3839 727 3892 omni
744 3841 954 3892 ne.‘ierreninm
972 3840 1079 3904 quidem
1096 3839 1123 3888 et
1146 3837 1326 3898 Perizonium‚
1352 3841 1448 3905 quibus

228 3911 297 3962 emat
315 3929 333 3962 e
352 3913 457 3962 Vatcn'o
476 3915 591 3974 positum
616 3913 768 3971 uidebatur,
794 3925 973 3962 concessuros
997 3925 1065 3960 nunc
1090 3923 1154 3960 esse
1176 3911 1278 3973 epinen
1319 3912 1449 3976 Equidem

228 3984 315 4034 nullos
340 3984 430 4032 dubito
453 3985 517 4047 quin
539 3980 666 4034 temtum
689 3984 846 4047 ascripserit
868 3984 1007 4038 librarium,
1035 3981 1094 4046 qui,
1120 3997 1180 4030 cum
1203 3997 1256 4032 nen
1278 3983 1449 4050 intellegeret

228 4057 315 4112 tetam,
335 4055 405 4118 quod
424 4054 505 4116 paulo
523 4057 586 4117 post
595 4056 721 4120 sequitur,
742 4055 792 4104 diei
804 4057 838 4106 de
850 4053 1159 4118 pectoredesiderahat
1171 4055 1376 4113 substantium,
1395 4069 1448 4118 quo

227 4125 290 4176 illud
309 4125 402 4174 reterri
421 4127 523 4188 posset.
559 4125 653 4176 Incidit
670 4139 736 4193 erge
754 4125 781 4175 in
799 4127 839 4184 id,
858 4127 929 4188 quad
946 4125 1097 4189 proximum
1115 4127 1185 4184 erat,
1207 4115 1363 4182 lombers
1375 4125 1403 4172 et
1420 4126 1449 4172 ut

227 4196 350 4259 proxima
367 4196 506 4244 dumtaxat
523 4198 617 4245 curant
633 4197 753 4248 infelices
769 4197 815 4246 isti
834 4199 1013 4254 correctores,
1040 4197 1073 4246 de
1096 4209 1188 4246 errore
1210 4211 1246 4246 ne
1268 4198 1323 4246 tum
1342 4196 1447 4258 quidem

228 4263 339 4316 edoctus
359 4267 409 4324 ost,
430 4282 489 4318 eum
508 4268 649 4331 sequentia
665 4268 692 4317 le
715 4269 779 4326 eret,
795 4266 977 4334 potentiaeque
993 4264 1154 4331 meuserit.

298 4334 325 4388 2.
344 4337 383 4386 Cf.
403 4338 456 4387 Cic.
475 4336 554 4388 Trrse.
574 4336 606 4395 11,
625 4333 669 4396 22,
688 4282 731 4388 58⁸2.
750 4338 828 4406 Dieg.
846 4337 936 4390 Laert.
956 4338 1003 4396 1x‚
1021 4333 1066 4390 26.
1084 4337 1159 4388 Suid.
1175 4353 1202 4388 n.
1220 4333 1323 4399 Ζήνων.

298 4405 467 4474 mamm
494 4405 641 4459 maerebitt
668 4407 794 4460 seruitute
817 4406 937 4460 obrutam
953 4409 1042 4475 petit.)
1068 4409 1108 4460 De
1130 4407 1306 4475 Agrigentino
1330 4403 1447 4454 Zenonis

226 4477 321 4530 itinere
339 4481 415 4530 selus
434 4479 559 4530 Valerius
582 4480 698 4542 scripsit.
735 4480 821 4530 Ceteri
844 4482 969 4530 auctores
990 4481 1017 4529 in
1040 4493 1073 4530 eo
1097 4480 1155 4528 iere
1178 4478 1346 4542 consentiunt
1363 4475 1447 4526 liteae

229 4565 246 4603 a
271 4550 395 4604 Nearcho
420 4564 494 4611 eum,
520 4553 567 4600 aut
591 4565 609 4598 a
632 4550 746 4615 Dcmyle
770 4553 817 4600 aut
839 4566 859 4598 a
880 4550 1070 4608 Diomedonte,
1094 4563 1154 4598 cum
1177 4547 1293 4604 consilii,
1318 4547 1388 4611 qnod
1413 4547 1447 4596 de

227 4621 409 4672 interficiendo
445 4623 554 4686 ceperat
576 4623 705 4684 tyranno,
742 4621 866 4687 conscios
894 4621 1012 4672 indicare
1039 4622 1136 4678 nollet,
1177 4619 1259 4670 uariis
1286 4617 1447 4668 eruciatibus

227 4693 416 4762 interemptum
432 4705 503 4744 esse.
535 4691 831 4752 streneshalensis,
849 4692 926 4742 euius
947 4693 1064 4743 aetatem
1082 4691 1155 4742 recte
1171 4686 1244 4740 circa
1259 4687 1449 4756 Olympiadem
