3409 5400
585 514 669 583 nm.
693 513 736 595 v,
760 512 1002 596 o.‘1,sn.e.
1025 517 1058 583 e.
1165 600 1175 616 .
1367 520 1433 593 aaa

210 677 356 742 tissimus
386 676 519 763 spiritus
548 676 654 742 flectit.
706 676 777 742 Nec
803 677 850 743 illi
880 678 1021 744 arduum
1049 699 1089 745 aa
1117 677 1249 745 difficile
1278 690 1329 747 est
1350 684 1434 754 iuter
1511 656 1522 669 ⁹

209 804 304 847 arma
335 785 516 855 conuaria.
549 784 633 848 inter
661 784 833 853 destrictos
863 786 1036 851 conminus
1063 805 1239 852 mucrones
1266 787 1434 874 placidum

208 890 269 953 iter
291 890 448 975 reperire.
499 888 611 955 Vincit
638 892 737 967 iram,
765 894 942 978 prosternit
971 892 1084 958 odium
1111 892 1329 981 hostilemque
1355 918 1433 961 san·

209 996 343 1081 guinem
366 994 539 1061 hostilibus
563 996 707 1061 lacrimis
735 999 862 1063 miscet.
913 996 1006 1078 Quae
1033 998 1131 1064 etiam
1154 998 1350 1066 Hannibalis
1374 1001 1433 1067 ad·

182 1100 393 1165 emirabilem
429 1122 544 1168 uocem
578 1124 638 1188 pro
675 1104 843 1169 itineribus
880 1105 1107 1171 Romanorum
1142 1106 1264 1171 ducum
1300 1107 1435 1173 arbitria

209 1208 381 1273 statuentis
410 1210 579 1295 expressit.
632 1210 720 1292 Quin
748 1210 916 1298 aliquanto
944 1214 974 1277 ei
1000 1212 1075 1299 plus
1100 1213 1225 1301 gloriae
1245 1212 1373 1279 Paulus
1400 1224 1434 1278 et

209 1312 381 1379 Gracchus
405 1326 443 1379 et·
451 1314 626 1381 Marcellus
642 1315 760 1403 sepulti
776 1338 874 1403 quam
890 1321 1043 1404 oppressi
1062 1320 1246 1394 attulerunt,
1268 1319 1432 1406 siquidem

207 1422 283 1487 illos
298 1421 424 1487 Punico
440 1432 514 1487 astu
526 1422 668 1509 decepit,
691 1422 843 1489 Romana
863 1426 1114 1490 mansuetudine
1129 1423 1313 1490 honorauit.
1358 1424 1432 1491 Vos

209 1550 355 1616 quoque,
385 1530 486 1593 fortes
510 1550 551 1592 ac
577 1529 652 1614 piae
673 1530 821 1606 umbrae,
849 1552 918 1596 non
939 1531 1157 1618 paenitendas
1186 1532 1319 1596 sortitae
1350 1532 1431 1597 estis

169 1637 373 1723 roexequias.
419 1634 504 1699 Nam
526 1645 562 1699 ut
574 1634 749 1721 optabilius
771 1638 806 1701 in
828 1638 945 1723 patria,
967 1640 1014 1703 ita
1036 1638 1220 1723 speciosius
1242 1660 1304 1724 pro
1325 1639 1433 1724 patria

207 1741 385 1827 conlapsae
409 1742 555 1828 supremi
581 1741 681 1809 cilicii
709 1742 810 1811 decus
833 1743 1021 1810 infelicitate
1049 1744 1210 1809 amissum
1237 1746 1352 1809 uirtme
1379 1764 1431 1810 re·

208 1849 401 1933 cuperastis.

713 1988 923 2005 w

213 2112 238 2169 1.
256 2115 364 2179 spiritua
383 2130 432 2167 ant.
450 2114 481 2171 Γ.
493 2114 507 2183 ΙΙ
518 2116 591 2167 flexit
608 2112 639 2168 F.
651 2112 665 2181 ΙΙ
676 2114 722 2164 ulii
735 2110 767 2166 Γ.
781 2112 793 2181 ΙΙ
809 2114 888 2181 atque
905 2111 934 2169 F.
949 2114 962 2187 ΙΙ
975 2114 1002 2169 2.
1020 2116 1154 2168 ᾰίείήοΐοι
1172 2112 1431 2173 sensurum.

219 2182 234 2252 11
246 2186 396 2253 conminus]
416 2203 449 2237 eo
466 2190 554 2237 minua
573 2184 602 2240 F.
621 2186 742 2265 cominus
762 2182 990 2270 CDERPTorr5
1019 2185 1062 2253 Os.
1085 2184 1163 2241 Vlll.
1185 2184 1232 2245 lt.
1250 2187 1276 2241 b.
1304 2186 1381 2240 Beria
1399 2187 1433 2240 de

208 2255 374 2395 hemaii
386 2254 598 2382 &rettulit-appo
615 2250 1251 2397 illiriZiiii'nii⁹efflinfii‘im‘ifi'l.
1262 2255 1431 2395 gwnil

209 2400 296 2465 Quae]
317 2396 441 2470 swain)
457 2396 489 2450 A.
509 2398 590 2461 atque
610 2390 757 2461 CDFM'
769 2396 952 2451 admirabilem
972 2399 1112 2450 Annibalis
1132 2395 1210 2452 Tm.
1226 2396 1283 2466 115.
1302 2399 1363 2447 eoa
1382 2394 1435 2451 Gi*

209 2474 235 2521 ct
247 2483 294 2538 pr.
312 2467 346 2521 A.
365 2470 440 2519 dacis
458 2467 490 2522 F.
504 2466 517 2537 ΙΙ
531 2466 557 2521 ti.
577 2466 739 2519 statuentem
756 2464 817 2525 (litt.
835 2480 879 2517 em
897 2465 925 2519 ia
942 2474 1051 2524 rasura)
1067 2464 1105 2521 D.
1130 2470 1258 2521 sumena
1275 2467 1311 2520 E.
1325 2466 1338 2539 ΙΙ
1351 2469 1432 2538 Quin]

209 2540 273 2605 quia
290 2536 469 2592 AcnsFr.
488 2544 578 2604 Quare
593 2536 670 2589 Tarr.
685 2532 690 2602 1
712 2537 772 2597 plus
786 2538 810 2587 ci
823 2533 853 2589 F.
866 2535 880 2604 ΙΙ
891 2541 919 2589 et
928 2538 1076 2604 Gracchus]
1090 2539 1116 2587 et
1128 2552 1178 2591 aaa.
1189 2537 1283 2606 Tomi
1303 2538 1328 2593 8.
1341 2542 1432 2591 aetatu

204 2624 250 2678 pr.
268 2608 300 2663 Α.
319 2612 417 2661 hausta
437 2609 467 2665 0.
484 2613 565 2661 hasta
579 2622 625 2677 pr.
644 2604 677 2659 Γ.
698 2603 775 2677 lVos
793 2609 909 2675 quoque]
925 2624 1031 2677 uosque
1048 2608 1086 2665 D.
1100 2604 1112 2678 ΙΙ
1131 2605 1158 2663 ll.
1176 2610 1249 2661 tores
1265 2540 1300 2662 ll.
1316 2609 1332 2678 ll
1345 2610 1432 2661 sortiti

211 2677 354 2736 GDBFI'
370 2687 402 2733 ct·
408 2695 452 2749 pr.
471 2680 502 2734 A.
516 2680 529 2750 ΙΙ
544 2676 584 2732 tu
602 2679 707 2745 patriae
725 2694 758 2730 ac
777 2679 925 2745 conlapsae
937 2695 983 2749 pr.
1001 2680 1033 2734 Α.
1051 2682 1140 2747 patria
1157 2682 1296 2746 collapsae
1313 2694 1384 2736 corr.
1398 2678 1431 2735 A·

208 2753 298 2818 patria
316 2753 429 2817 collapsi
447 2751 480 2806 Γ.
490 2751 504 2821 ΙΙ
518 2751 559 2806 ll.
577 2753 743 2816 recuperatis
764 2747 815 2802 CF
829 2754 854 2802 cl
867 2765 912 2820 pr.
931 2749 964 2808 A.

715 2901 928 2918 Μ

282 3001 355 3061 Quae
379 2998 457 3052 mam
480 2997 639 3052 Hannibalis
662 2999 856 3064 admirabilem)
887 3003 917 3053 lu
940 3001 1032 3053 codice
1055 3003 1204 3069 archetypo
1228 3003 1291 3054 abm
1315 3007 1343 3054 at
1365 3017 1431 3072 quae
1474 3001 1481 3008 '

210 3073 289 3124 eliam
306 3073 391 3122 tuisse
411 3073 527 3130 uidetur.
553 3087 607 3122 uon
626 3078 702 3140 atquc
725 3071 818 3129 aban.
848 3075 919 3136 quod
943 3072 1056 3124 alteram
1078 3075 1207 3124 iauultam
1230 3073 1299 3126 inter
1321 3077 1431 3126 nostros

210 3145 359 3208 occupauit.
394 3143 583 3206 eompcnutum
602 3141 672 3194 euim
691 3139 721 3210 ᾖ,
741 3147 811 3206 quod
830 3145 999 3208 superestis
1018 3145 1109 3194 codice
1127 3145 1271 3202 Beruensi.
1291 3145 1430 3195 relatiuam

210 3229 277 3282 paee
294 3215 412 3274 denunt,
431 3227 573 3277 numquam
599 3214 709 3265 affixum
733 3229 789 3282 pac.
831 3213 886 3266 Sed
910 3219 986 3281 atquc
1009 3211 1087 3264 etiam
1110 3229 1144 3264 ne
1167 3216 1231 3266 terri
1256 3215 1361 3280 quidem
1379 3216 1432 3264 hoe

210 3287 269 3336 loco
293 3285 397 3346 potest.
425 3282 549 3344 quonium
577 3283 644 3342 illis,
674 3299 743 3349 quao
772 3286 853 3348 paulo
883 3287 945 3334 aute
974 3287 1009 3333 ‹le
1038 3283 1178 3334 effectibus
1205 3284 1380 3332 humanitatis
1404 3283 1432 3332 ln

211 3357 363 3406 umuersum
387 3353 521 3408 dicuutur.
549 3367 602 3402 non
626 3355 749 3417 poterant
772 3355 883 3422 adiungi
910 3356 1048 3415 umquam
1071 3367 1144 3402 noua
1165 3365 1210 3404 res
1235 3353 1263 3401 at
1286 3367 1320 3402 ex
1344 3367 1431 3417 aequo

210 3427 272 3491 poui
292 3438 361 3490 quaa
385 3425 418 3474 dc
444 3423 521 3472 unlus
543 3421 700 3474 Hannibalis
725 3423 891 3474 humauiiate
915 3422 1109 3487 praedicantur.
1149 3421 1213 3472 sino
1232 3422 1312 3472 dubio
1331 3425 1430 3480 mater.

211 3499 354 3561 postquam
373 3492 591 3548 commemorauit
608 3493 782 3544 humanitatis
800 3495 928 3550 effectus.
950 3493 985 3542 acl
1003 3506 1084 3540 unum
1102 3491 1261 3540 Hannibalis
1280 3493 1430 3555 exemplum

211 3567 373 3632 respiciens.
400 3565 592 3615 humanitatem
615 3564 641 3612 in
659 3563 703 3612 illo
723 3579 827 3628 quoque
847 3563 901 3612 uim
920 3575 999 3614 stram
1022 3561 1177 3613 exercuisse
1196 3561 1286 3610 dicere
1305 3561 1431 3613 debebat.

211 3637 286 3698 Quod
305 3641 378 3688 recte
395 3637 449 3686 iam
469 3635 554 3685 sensit
571 3635 728 3684 emendator
744 3633 805 3684 libri
824 3633 984 3688 Beruensia.
1009 3645 1069 3681 cum
1088 3630 1240 3682 restitueret
1260 3645 1327 3698 qaae
1345 3629 1432 3686 etiam

211 3713 295 3769 Quem
314 3709 460 3773 sequuntur
478 3706 640 3756 recentiores
659 3703 786 3756 editores.

283 3775 353 3836 Quia
371 3775 504 3858 dipum
522 3773 548 3827 si
560 3773 633 3842 plac)
660 3775 700 3824 lta
723 3775 827 3826 correxi
852 3775 922 3839 quod
944 3773 1074 3824 mendose
1098 3771 1126 3821 in
1148 3771 1222 3822 libris
1243 3773 1432 3838 manuscriptis

210 3851 432 3918 legebaturque
451 3845 593 3914 αῐίᾳυαιιο.
629 3845 759 3898 blandose
780 3847 903 3911 inquam.
928 3845 991 3905 quia
1011 3842 1040 3892 ln
1061 3842 1120 3901 hls,
1144 3843 1214 3907 quod
1236 3844 1364 3896 malorem
1383 3845 1431 3896 all·

211 3921 308 3988 quauto
327 3921 434 3970 laudem
453 3917 587 3968 llanuibal
605 3917 770 3968 humanitate
789 3931 869 3982 quam
889 3913 1006 3966 uictoriis
1018 3915 1076 3962 suis
1090 3915 1233 3964 moecatus
1252 3929 1316 3966 esse
1329 3915 1431 3974 dicitur.

210 3993 282 4042 nullo
300 3993 379 4041 murlo
398 4003 483 4039 causa
500 3991 593 4040 inesse
611 3989 714 4051 potest.
739 4002 786 4037 cur
804 3987 957 4038 humanitas
975 3983 1134 4034 Hannibalis
1153 3985 1336 4038 admirabilem
1356 3987 1431 4039 iilam

210 4077 303 4112 uocem
324 4060 495 4125 expresserit.
531 4059 633 4109 lisdem
653 4059 685 4108 ie
704 4071 798 4115 causa.
818 4061 845 4106 ut
864 4059 970 4108 taccam
982 4057 1016 4106 de
1027 4055 1214 4119 probabilitate
1227 4059 1430 4117 emendationis,

209 4147 244 4184 ue
263 4148 280 4181 a
298 4133 432 4182 sententia
450 4131 556 4192 quidem
576 4129 710 4180 satisfacit
722 4129 790 4194 quad
805 4128 830 4178 in
847 4127 964 4198 uulgatis
977 4125 1175 4190 exemplaribus
1187 4125 1430 4186 circumferebatur.

208 4217 299 4270 quare.
340 4203 433 4264 itaque
459 4217 513 4252 una
541 4200 656 4251 litterula
678 4201 781 4250 mutata
809 4196 891 4258 (Quia
915 4194 1058 4266 sumata)
1080 4198 1150 4248 hunc
1174 4199 1252 4249 effeci
1278 4200 1430 4250 sententiae

210 4287 322 4331 noxum.
346 4288 398 4324 non
417 4273 503 4322 solum
523 4271 679 4322 mirabile
698 4272 783 4322 tuisse
802 4271 922 4322 clemens
938 4269 1002 4319 illud
1020 4267 1179 4320 Hannibalis
1202 4270 1313 4326 dictum.
1337 4281 1430 4317 uerum

209 4345 290 4396 auam
308 4344 452 4412 gloriosius
471 4344 607 4408 aliquanto
628 4342 696 4406 ipsis
721 4342 851 4398 uictoriisc
877 4341 929 4390 has
947 4339 1017 4392 enirn
1035 4339 1135 4391 Punico
1161 4341 1221 4389 dolo
1243 4341 1337 4402 partas
1355 4350 1429 4396 csse.

207 4415 272 4466 illud
292 4430 307 4466 e
325 4414 529 4468 mansuetudine
548 4414 606 4466 eius
625 4413 730 4477 proprie
749 4413 870 4462 Romana
887 4411 1005 4464 fluxisse.
