3409 5400
297 488 364 555 480
604 482 764 553 elusae
786 481 920 549 etuas
943 482 1035 549 AVT
1055 482 1210 551 FACTA.

296 646 449 733 Philippo
471 666 551 733 rege
575 646 750 711 temrdento
779 648 988 711 immerenter
1017 644 1191 711 damnata.
1218 644 1455 709 ‘Prouocarem
1485 642 1540 707 ad

298 752 503 839 Philippum,
533 754 648 841 inquit,
676 752 748 817 ‘sed
778 753 946 817 sobrium'.
990 752 1144 817 Excussit
1170 751 1339 838 crapulam
1367 752 1538 814 oscitanti

296 882 335 925 ae
359 861 547 946 praesentia
569 862 672 925 animi
699 860 824 924 ebrium
847 861 1043 946 resipiscere
1065 882 1235 946 causaque
1257 859 1450 946 diligentius
1476 859 1536 919 in-

296 980 410 1053 spectu
426 968 594 1031 iustiorem
610 968 804 1031 sententiam
820 967 905 1029 serre
920 969 1040 1053 coegit.
1074 964 1178 1053 Igitur
1192 968 1403 1052 aequitatem,
1419 986 1536 1051 quarn

297 1076 470 1161 impetrare
495 1096 560 1138 non
585 1084 749 1159 potuerat,
777 1077 928 1147 extorsit,
956 1077 1066 1158 potius
1094 1073 1295 1158 praesidium
1324 1095 1346 1136 a
1373 1072 1558 1136 libertates

297 1204 394 1269 quam
418 1182 460 1244 ab
484 1183 671 1245 innocentia
694 1192 849 1247 mutuatu.

254 1289 286 1354 2.
385 1288 453 1353 lam
477 1288 534 1353 itta
556 1312 622 1352 non
646 1289 752 1352 solum
782 1288 875 1351 sortis
904 1286 1087 1351 sedetiam
1116 1289 1244 1353 urbana
1266 1289 1412 1353 libertas.
1460 1288 1534 1350 Se-

298 1397 435 1461 nectutis
459 1395 591 1459 ultimae
620 1395 782 1483 quaedam
807 1396 1003 1480 Syracusis,
1032 1396 1186 1459 omnibus
1207 1396 1361 1481 Dionysii
1391 1395 1533 1479 tyranni

296 1506 426 1569 exitium
450 1514 581 1589 propter
605 1504 740 1569 nimium
756 1524 885 1567 urorum
900 1501 1109 1567 acerbitatem
1131 1516 1164 1565 et
1179 1501 1396 1567 intolerabilia
1417 1523 1533 1564 onera

296 1612 382 1677 uotis
405 1608 641 1696 expetentibus,
658 1609 739 1677 sola
760 1609 880 1673 cotidie
902 1610 1063 1673 matutino
1093 1621 1238 1695 tempore
1265 1606 1348 1671 deos
1370 1618 1408 1669 ut
1429 1609 1570 1671 inco-te

295 1718 392 1783 lomis
421 1739 461 1781 ue
490 1716 553 1781 sibi
583 1726 752 1800 superstes
782 1728 873 1779 esset
900 1716 1026 1781 orabat.
1082 1715 1182 1796 Quod
1208 1716 1265 1779 ubi
1293 1716 1324 1778 is
1351 1716 1530 1801 cognouit.

297 1847 363 1889 nun
393 1822 536 1886 debitum
565 1821 628 1885 sibi
660 1820 841 1887 admiratus
870 1823 1139 1899 beniuolentiam,
1173 1824 1348 1886 accersierit
1382 1842 1459 1884 eam
1491 1833 1529 1883 et

297 1930 375 2018 quid
399 1933 444 1995 ita
466 1904 533 1991 hoe
553 1942 610 1993 aut
632 1948 698 2014 quo
722 1930 837 1993 merito
861 1952 923 1994 suo
946 1932 1070 1995 faceret
1088 1931 1312 2015 interrogauit.
1358 1927 1440 1991 Tum
1464 1927 1527 1991 illa

296 2034 630 2122 ί11111111οιςῑζὶηῳιῇ,
654 2036 747 2099 ‘ratio
771 2038 930 2123 propositi
954 2039 1028 2101 mci.
1072 2036 1189 2101 Puella
1210 2036 1311 2110 enim,
1341 2058 1416 2099 cum
1441 2056 1523 2121 gra·

296 2166 369 2209 uem
394 2156 566 2231 tyrannum
589 2142 796 2218 haberemus,
820 2164 933 2208 curere
956 2165 996 2208 eo
1019 2143 1203 2229 cupiebam.
1250 2143 1326 2223 Quo
1349 2142 1559 2206 interfectore

296 2253 462 2339 aliquanto
486 2250 618 2315 taetrior
640 2272 751 2315 arcem
775 2252 960 2335 occupauit.
1005 2250 1085 2314 Eius
1110 2272 1241 2337 quoque
1264 2250 1347 2312 liniri
1367 2247 1519 2312 domina·

299 2430 322 2485 1.
342 2428 474 2495 Philippo]
490 2432 554 2495 port
571 2442 637 2496 rege
656 2424 721 2478 Dr.
732 2426 746 2494 11
759 2444 868 2495 rege—
878 2428 1016 2495 damnate]
1034 2428 1063 2479 r'rr
1079 2442 1177 2479 rasura
1192 2426 1224 2480 A.
1235 2426 1250 2496 11
1265 2424 1519 2477 immerensDetr'n

296 2518 394 2555 rasura
412 2502 445 2555 A.
463 2498 477 2566 11
494 2498 682 2565 l’rouoeurem]
701 2497 805 2549 litterae
823 2516 872 2564 pro
890 2499 919 2550 r'n
931 2516 1028 2551 rasura
1039 2500 1070 2552 A.
1088 2515 1236 2563 prouocare
1249 2500 1310 2549 uoto
1322 2496 1354 2551 Γ.
1365 2494 1416 2563 112
1434 2500 1518 2559 inquit

297 2578 329 2625 nd
351 2575 500 2636 Philippum
519 2567 549 2623 F.
561 2570 575 2638 11
586 2572 723 2633 crnpulum
739 2585 783 2637 pr.
796 2568 827 2623 A.
842 2570 855 2639 11
869 2574 995 2622 excitanti
1014 2568 1036 2621 C
1052 2577 1078 2621 et
1090 2585 1134 2637 pr.
1146 2569 1178 2623 A.
1197 2572 1305 2620 oeitanti
1318 2566 1354 2621 D.
1367 2566 1381 2637 11
1394 2566 1420 2620 3.
1439 2584 1519 2632 prae·

296 2646 382 2695 sentis
402 2638 486 2694 cst?
501 2644 526 2689 et
539 2655 584 2708 pr.
602 2638 634 2693 A.
653 2644 788 2706 praesenti
807 2640 839 2694 Γ.
850 2643 865 2711 11
875 2645 965 2693 anime
984 2640 1015 2695 Γ.
1027 2642 1040 2710 11
1052 2644 1187 2707 respicere
1210 2640 1302 2709 (1.114.
1321 2642 1392 2691 terre
1410 2644 1517 2690 senun-

297 2719 361 2767 tiem
380 2713 408 2766 F.
420 2715 434 2781 11
446 2713 635 2778 aequalitatem
649 2727 695 2779 pr.
712 2711 745 2763 A.
762 2713 776 2780 11
793 2711 819 2763 ti.
837 2712 960 2765 mutuati
973 2730 1019 2782 pr.
1035 2713 1068 2765 A.
1089 2717 1236 2764 mutuatum
1254 2710 1377 2765 CDEF.
1389 2713 1403 2780 11
1415 2712 1440 2764 i.
1460 2713 1517 2762 iam

296 2817 332 2827 -
351 2785 461 2836 libertus
479 2797 528 2833 om.
546 2780 686 2850 Γ.1111111ηι
705 2781 737 2835 A.
756 2800 805 2838 om.
825 2783 853 2836 F.
865 2784 878 2849 11
890 2785 916 2838 8.
935 2788 1066 2850 syricusis
1083 2784 1116 2836 A.
1141 2781 1293 2849 syracusani
1310 2780 1347 2834 D.
1366 2783 1516 2848 Syracusa·

297 2859 338 2908 nis
359 2854 436 2907 Torr.
460 2851 493 2905 Vt
510 2866 558 2903 tter
576 2853 654 2904 etiam
672 2853 734 2907 Par.
764 2853 824 2908 th.
844 2855 882 2906 ad
898 2853 949 2916 m,
968 2856 994 2912 8.
1013 2861 1063 2907 ert.
1081 2854 1138 2920 4.11
1156 2858 1272 2920 dyonisii
1290 2853 1322 2906 A.
1339 2853 1352 2922 11
1371 2853 1398 2906 ll.
1416 2857 1515 2906 exitum

299 2925 350 2980 cl?
356 2925 433 2978 Torr.
444 2925 457 2991 11
470 2925 576 2975 nimium
595 2940 645 2977 om.
664 2923 699 2976 Ε.
713 2922 726 2992 11
740 2929 914 2978 aceruitutem
928 2942 974 2994 pr.
992 2925 1022 2978 A.
1035 2926 1049 2992 11
1062 2924 1103 2978 ill.
1122 2928 1251 2976 matutino
1263 2924 1377 2987 -1131
1396 2927 1448 2976 boe
1459 2925 1515 2990 autl

297 2998 325 3048 tn
343 3011 439 3048 rasura
456 2996 489 3048 A.
509 2991 520 3062 11
541 2997 679 3046 incolumis
702 2997 742 3056 (ir
759 3012 856 3048 rasura
873 2996 909 3059 A)
934 2995 1249 3066 construenti.
1271 3000 1322 3047 sibi
1343 3013 1396 3048 on.
1411 2995 1501 3064 Elill

301 3065 340 3120 12.
360 3070 475 3120 accersit
494 3065 575 3119 cst?
592 3074 618 3118 et
635 3081 680 3135 pr.
698 3067 730 3121 A.
754 3072 878 3120 accersiit
901 3067 966 3122 Dt'.
991 3071 1107 3120 arcessit
1130 3083 1200 3119 corr.
1224 3067 1263 3123 A.
1290 3067 1367 3120 Torr.
1378 3067 1392 3134 11
1406 3063 1446 3120 ld.
1466 3083 1515 3117 sno

298 3143 390 3192 merito
408 3137 455 3201 (Ε)
463 3137 539 3193 Torr.
552 3137 565 3207 11
579 3135 619 3191 ld.
638 3143 766 3205 propositi
784 3143 836 3192 mei
853 3143 923 3192 ratio
941 3139 973 3193 F.
987 3138 1000 3208 11
1018 3137 1058 3193 tt».
1077 3142 1182 3192 tretrior
1200 3137 1229 3192 C.
1250 3143 1367 3191 deterior
1383 3137 1413 3189 F.
1424 3138 1439 3205 11
1451 3139 1514 3189 Eius

297 3211 412 3278 ortoque}
433 3213 543 3276 eiusque
561 3209 597 3264 Ε.

368 3371 531 3424 immerenter
549 3366 683 3432 tannae)
701 3371 861 3423 Aduerbium
875 3375 937 3422 illud
951 3373 1016 3422 alibi
1034 3387 1086 3422 uon
1100 3372 1152 3440 legi
1165 3373 1351 3422 animaduertit
1363 3371 1514 3424 Torrenius.

297 3446 390 3512 Neque
407 3447 497 3495 tamen
516 3444 576 3494 ideo
595 3445 760 3506 probandum
773 3445 931 3494 correctoris
949 3445 1009 3494 libri
1021 3443 1152 3494 Danietini
1165 3444 1274 3504 laetum,
1293 3445 1338 3509 qui
1355 3444 1514 3494 adieetiuum

297 3514 434 3568 immerens
451 3531 499 3580 pro
519 3529 551 3564 eo
569 3515 746 3578 interpoteutl.

368 3585 402 3639 ad
423 3584 572 3638 innocentia
594 3589 721 3648 mutuata)
747 3587 821 3636 Libri
846 3588 1018 3652 manuscripti
1042 3589 1145 3637 tentum
1167 3602 1221 3637 non
1243 3599 1339 3638 omnes
1360 3591 1511 3639 mmm.

297 3661 365 3726 quod
386 3659 508 3723 probauit
520 3658 682 3715 Perizonius.
695 3659 808 3721 pessino
826 3659 933 3709 notione
952 3661 1068 3722 positum
1079 3661 1162 3716 ratus,
1181 3661 1210 3707 ut
1227 3660 1299 3722 epod
1317 3658 1512 3709 lull'irmieurn

297 3731 330 3780 de
349 3731 416 3794 prot.
436 3729 484 3780 rel.
504 3744 553 3780 err.
573 3745 598 3792 p.
621 3723 670 3780 tto
689 3729 731 3781 ed.
749 3731 878 3782 Commel.
914 3726 1014 3780 Nomen
1038 3745 1056 3779 a
1078 3726 1348 3794 terendtrsnctttrte
1364 3733 1512 3780 mentm

297 3801 491 3868 tuntungenda
509 3801 579 3851 enim
597 3814 661 3850 esse
679 3796 764 3866 tpitur
783 3799 953 3866 aequitatem.
979 3815 1055 3867 quam
1078 3799 1296 3867 impetrarem
1309 3804 1449 3866 potuerat.
1473 3816 1512 3850 ers

296 3869 381 3929 torsit.
397 3867 487 3937 potiar
505 3873 533 3934 11.
552 3887 575 3923 o.
594 3871 704 3930 mellus,
724 3872 831 3933 lortius)
847 3868 1014 3937 praesidium
1038 3887 1056 3922 a
1073 3869 1195 3921 libertate
1217 3885 1295 3938 paam
1315 3867 1350 3920 ab
1367 3869 1512 3922 menda

296 3945 446 3992 mutuatam.
482 3945 557 4004 Quae
576 3943 697 4008 equidem
717 3945 765 3991 ent
787 3957 840 3991 nnn
860 3943 989 4009 intellego
1009 3944 1055 3991 aret
1072 3945 1185 4006 putabat
1201 3957 1342 4007 perperam
1363 3943 1511 3993 Perimulae
1618 3942 1619 3949 ’

297 4015 456 4079 nequitatem
475 4015 538 4064 illud
557 4014 642 4064 tuisse
660 4013 834 4078 praesidinm.
876 4012 929 4062 Sed
949 4027 983 4062 ne
1001 4014 1087 4064 dicam
1107 4017 1141 4064 de
1159 4029 1201 4072 eo.
1221 4015 1292 4076 qrrod
1311 4012 1435 4063 Valerius
1453 4031 1511 4064 oon·

296 4089 399 4136 stanter
418 4087 559 4148 deponenti
578 4085 656 4134 huius
676 4085 749 4134 uerbi
764 4085 850 4133 tormn
863 4097 928 4132 ustus
941 4086 983 4133 eal
1001 4085 1057 4146 1111,
1070 4082 1096 4141 t.
1108 4082 1135 4136 2.
1156 4084 1262 4147 111111,
1281 4088 1335 4135 ext.
1352 4083 1395 4147 l.).
1414 4087 1512 4135 tentore

296 4159 376 4206 etiarn
396 4157 539 4206 mutatione
558 4157 689 4205 corrector
709 4155 767 4204 libri
781 4155 925 4204 tiernensis
944 4156 1098 4218 primariam
1116 4158 1275 4220 scripturam
1293 4147 1411 4206 mutuati
1426 4161 1510 4207 trans·

296 4229 420 4279 formauit
438 4229 464 4278 in
482 4229 606 4278 mutuata.

366 4296 393 4351 2.
412 4295 562 4357 cremauit)
586 4296 614 4345 ln
639 4297 730 4346 eodtee
749 4297 897 4362 archetype
921 4298 1049 4362 seriptum
1067 4300 1126 4349 erat
1143 4297 1264 4353 crearit
1299 4300 1354 4351 Sed
1373 4315 1510 4365 praesent.

296 4373 367 4434 quod
386 4371 541 4421 historicum
561 4367 658 4416 uocant
674 4369 857 4436 grammatici,
877 4371 905 4418 et
921 4372 1030 4420 omnino
1049 4386 1067 4420 a
1085 4371 1193 4421 Valerio
1211 4387 1342 4438 perquam
1360 4385 1422 4423 raro
1440 4373 1511 4422 adni-

296 4444 378 4492 bitum
397 4444 447 4500 ost,
468 4441 495 4490 et
512 4441 547 4489 ab
566 4439 617 4489 hoe
636 4440 704 4500 loeo,
723 4440 906 4504 interpositum
924 4443 965 4491 tot
982 4442 1044 4491 eliis
1056 4443 1147 4492 uerbis
1164 4444 1302 4506 perfectae
1321 4445 1434 4494 actionis
1452 4445 1512 4493 utte-

296 4515 435 4564 ntssimnm
462 4523 527 4562 osse
551 4513 672 4576 apparet.
717 4511 946 4578 Frequentisetme
974 4515 1064 4564 autem
1094 4514 1205 4564 omissis
1227 4516 1322 4565 titteris
1345 4513 1375 4564 at
1403 4516 1473 4565 mute
1495 4531 1512 4564 a

296 4583 410 4636 librariis
429 4597 560 4648 praesens
579 4587 684 4648 tempus
697 4599 746 4648 pro
764 4584 884 4648 perlecto
901 4585 1018 4648 positum
1031 4586 1081 4636 eet
1117 4585 1160 4634 Ita
1171 4587 1265 4636 eadem
1280 4588 1314 4636 ele
1326 4601 1411 4636 euersa
1422 4590 1511 4636 eontra

320 4669 424 4705 snorum
443 4657 569 4706 librorum
589 4669 749 4706 eonsensum
769 4655 792 4714 1,
816 4653 847 4716 8,
872 4660 925 4708 ext.
943 4650 961 4705 3
978 4654 1026 4706 itte
1045 4657 1149 4721 (modo)
1165 4655 1288 4724 propitia
1306 4655 1418 4708 matt
1434 4659 1510 4716 edidi,

324 4739 355 4774 m
374 4726 456 4796 uulgo
478 4727 691 4780 elreumt'erretur
714 4722 802 4782 dunat.
847 4727 950 4778 Eadem
973 4729 1008 4779 de
1031 4740 1117 4779 eausa
1140 4731 1234 4780 eontra
1255 4729 1383 4781 meliores
1406 4729 1511 4782 codices
