3409 5400
366 544 432 611 178
692 540 753 610 DE
776 534 1019 607 INSTITVTIS
1044 534 1253 622 ANTIQVIS.

364 706 440 779 ruit,
463 706 542 791 quia
564 723 607 768 ne
630 704 842 789 cupiditatem
866 700 996 789 quidem
1018 700 1194 766 liberorum
1218 697 1481 789 coniuguiitideiprae·

365 811 446 897 poni
468 808 625 876 debuisse
648 809 898 876 arbitrabantur.

324 912 357 979 5.
455 916 526 983 Sed
558 940 623 1006 quo
655 916 836 981 matronale
870 914 971 977 decus
1008 914 1223 981 uerecundiae
1249 918 1397 981 mudnento
1417 916 1490 980 tutius

242 1003 254 1028 I
367 1026 523 1099 oscetin
545 1026 597 1089 ius
620 1024 752 1087 uocanti
773 1030 956 1085 mauonam
980 1042 1100 1108 corpus
1130 1024 1201 1087 eius
1214 1022 1356 1111 'adfingere
1372 1042 1423 1088 nou
1439 1042 1494 1109 per·

365 1132 532 1203 miserunt,
556 1140 592 1191 ut
611 1126 770 1193 inuiolata
789 1146 910 1191 manus
935 1127 1063 1193 alienae
1087 1140 1173 1193 tactu
1196 1128 1268 1194 stola
1285 1129 1474 1217 relinqueretur.
1507 1146 1518 1187 a

306 1238 324 1319 3
400 1246 403 1254 ’
451 1233 531 1298 Vini
559 1254 641 1301 usus
673 1232 752 1298 olim
778 1232 940 1299 Romanis
970 1234 1100 1299 feminis
1130 1236 1255 1321 ignotus
1277 1236 1331 1312 iit,
1352 1256 1386 1299 ne
1409 1235 1506 1299 seilicet

361 1342 397 1407 in
419 1339 553 1428 aliquod
575 1339 720 1405 dedecus
743 1337 997 1426 prolaberentur,
1022 1343 1099 1427 quia
1120 1344 1275 1427 proximus
1295 1342 1418 1407 alibero
1436 1352 1510 1427 patre

361 1448 633 1534 intemperantiae
657 1445 781 1535 gradus
806 1444 850 1510 ad
872 1446 1102 1513 inconcessam
1126 1469 1270 1516 uenerem
1289 1471 1351 1515 esse
1368 1451 1517 1514 consueuit,

364 1552 516 1619 Ceterum
543 1565 579 1618 ut
605 1574 673 1623 non
703 1553 804 1618 tristis
832 1574 945 1617 earum
975 1565 1006 1616 et
1032 1552 1167 1619 horrida
1192 1554 1330 1641 pudicitia
1354 1556 1405 1621 sed
1427 1568 1454 1618 et
1469 1554 1521 1619 bo·

362 1670 458 1726 nesto
486 1660 648 1725 comitatis
682 1680 804 1746 genere
835 1670 1012 1745 temperata
1035 1672 1141 1732 esset,
1168 1660 1383 1748 indulgentibus
1407 1682 1528 1749 namque

363 1766 487 1835 maritis
512 1778 543 1829 et
565 1788 645 1831 auro
669 1764 847 1831 abundanti
870 1777 901 1829 et
922 1766 1024 1831 multa
1045 1788 1189 1853 purpura
1211 1788 1283 1832 usae
1305 1780 1379 1843 suut
1400 1790 1456 1855 quo
1474 1769 1533 1831 ior-

366 1925 390 1980 1.
408 1941 458 1979 nec
474 1922 738 1979 Ascensum.
758 1923 771 1998 ΙΙ
790 1926 906 1993 quidem]
922 1931 986 1993 port
1002 1928 1143 1981 liberorum
1161 1924 1197 1979 Ε.
1214 1942 1259 1977 oar.
1276 1924 1328 1998 liii
1345 1922 1369 1979 3.
1385 1926 1433 1979 Sed
1450 1954 1480 1965 -
1498 1924 1534 1993 (ὃ.

364 1998 555 2066 reIInqueretur
577 2012 626 2049 oet.
644 1994 675 2050 Γ.
692 1996 708 2064 ΙΙ
723 1999 804 2048 totius
817 2010 863 2065 pr.
876 1997 907 2048 Α.
919 1996 933 2064 ΙΙ
943 1995 969 2048 4.
987 2000 1094 2049 uacantl
1111 1996 1140 2049 0.
1151 1996 1165 2065 ΙΙ
1176 1994 1201 2049 5.
1220 1996 1452 2061 cataclismus
1469 2004 1491 2049 et
1507 2015 1534 2065 pr

367 2064 396 2121 0.
408 2068 422 2138 ΙΙ
432 2068 639 2136 relinquerentur
654 2066 692 2120 D.
703 2068 718 2136 ΙΙ
729 2066 754 2120 I.
774 2070 819 2135 qui
834 2082 878 2135 pr.
895 2066 929 2121 Β.
945 2064 957 2138 I
971 2064 997 2121 9.
1007 2072 1056 2120 sed
1069 2068 1106 2135 ot]
1126 2072 1174 2119 sed
1184 2066 1319 2122 DPTcrr.
1336 2072 1382 2121 sed
1398 2071 1471 2120 etiam
1480 2068 1533 2139 sq

366 2136 408 2193 lt).
427 2142 566 2191 comitatus
585 2153 654 2191 corr.
675 2137 703 2191 0.
722 2140 848 2189 comitata
865 2137 902 2191 D.
914 2140 928 2208 ΙΙ
939 2154 1053 2204 neroque
1071 2154 1119 2193 oar.
1141 2138 1217 2194 Torr.
1231 2138 1243 2209 ΙΙ
1258 2139 1296 2193 li.
1314 2144 1339 2192 et
1355 2158 1402 2208 quo
1421 2138 1493 2193 Torr.

364 2280 571 2349 reprehensione
589 2296 643 2333 non
660 2283 772 2333 careret.
808 2284 885 2343 Quod
904 2284 928 2332 si
945 2284 983 2333 ita
995 2284 1045 2343 est,
1065 2286 1178 2349 apparet
1190 2300 1235 2335 cur
1252 2286 1301 2335 hoc
1313 2286 1445 2335 dluortiurn
1455 2286 1534 2348 primu

365 2369 476 2405 caueam
496 2352 649 2419 praebuerit
672 2355 701 2402 ut
722 2352 922 2403 instituerentur
946 2355 985 2405 rei
1007 2356 1117 2405 uxorius
1145 2358 1263 2407 actiones
1287 2358 1314 2407 et
1335 2356 1468 2406 cautiones
1492 2356 1534 2421 (Gr

363 2426 421 2485 1111,
440 2420 487 2489 3.).
523 2425 623 2475 Valerii
641 2437 765 2482 errorent,
784 2438 951 2474 communem
969 2440 1029 2475 cum
1048 2427 1156 2489 reliquls
1175 2428 1335 2493 antiquitatis
1353 2428 1534 2491 scriptoribus,

363 2498 443 2547 facile
462 2494 643 2554 exeussueris.
695 2496 813 2545 sutorem
831 2498 922 2545 tamen
939 2497 982 2545 hic
1001 2498 1115 2560 scriptor
1138 2498 1198 2547 ideo
1217 2499 1321 2562 cuipam
1344 2498 1416 2557 tulit,
1441 2499 1534 2563 quodi

364 2567 425 2632 ipso
443 2567 511 2618 libro
529 2582 552 2616 c.
570 2562 596 2617 u.
615 2566 641 2630 s.
695 2566 767 2616 aliud
786 2563 925 2616 diuortium
943 2566 973 2615 L.
992 2566 1071 2617 Annii
1089 2571 1319 2627 commemorauit,
1344 2570 1518 2636 septuaginta

364 2639 431 2689 riter
448 2639 526 2688 annis
546 2636 724 2688 Caruilianum
743 2638 831 2687 aetate
849 2638 1024 2704 praecedens.
1068 2640 1143 2699 Quae
1168 2640 1325 2704 discrepare
1347 2641 1417 2689 inter
1435 2654 1467 2689 se
1485 2642 1534 2689 terr

363 2711 438 2762 ribus
455 2710 593 2775 utriusque
611 2709 714 2773 repudii
731 2723 783 2758 non
803 2709 965 2772 comparatis
983 2709 1077 2776 cffugit
1095 2709 1237 2761 Valerium.

433 2794 466 2831 ae
483 2775 653 2847 cupiditatem
670 2775 782 2848 quidem
809 2780 910 2829 Omnes
934 2779 994 2830 libri
1017 2793 1084 2830 mss.
1108 2793 1156 2830 aco
1180 2777 1356 2847 cupiditatem
1380 2778 1503 2847 quidar,
1528 2799 1533 2830 ι

364 2853 475 2905 correxi.
510 2851 552 2901 Ita
570 2854 640 2902 eninr
657 2865 743 2915 neque
762 2851 812 2899 diri
828 2851 950 2913 potuisse
968 2861 1054 2915 neque
1072 2865 1198 2916 umquam
1211 2853 1313 2902 dictum
1327 2865 1395 2902 esse
1416 2853 1480 2902 luce
1500 2854 1533 2900 cis

363 2923 555 2978 demonstrauit
572 2923 692 2989 Maduig.
711 2935 769 2972 exe.
786 2920 831 2970 III.
850 2922 886 2970 ad
903 2921 955 2972 cic.
975 2921 1007 2970 de
1025 2921 1070 2972 fln.
1088 2937 1114 2985 p.
1133 2915 1186 2974 822
1205 2923 1231 2971 et
1251 2935 1332 2988 seqq.
1375 2923 1462 2972 Cuius
1480 2923 1533 2990 ing

363 2999 490 3048 sissimae
509 2993 687 3057 disputsfloni
706 3007 766 3041 curn
783 2991 879 3041 Iniuria
902 2993 936 3040 ab
955 2991 1054 3041 OrslIio
1079 2993 1272 3043 dubItationcm
1299 2994 1458 3043 excitatam
1484 2995 1533 3043 uid

364 3068 589 3121 continuationem
607 3064 676 3113 addo
694 3076 710 3112 e
728 3062 828 3112 Valerii
845 3063 920 3112 libris
938 3064 1056 3126 petitam.
1093 3062 1249 3131 Legebatur
1271 3065 1330 3115 huc
1353 3077 1450 3131 usque
1470 3065 1503 3114 In
1523 3079 1533 3115 ι

362 3141 441 3191 nibus
459 3139 480 3197 1.
500 3135 524 3196 7.
544 3137 597 3187 ert.
614 3129 632 3185 b
649 3145 696 3184 aar
716 3129 800 3198 (itm
820 3129 940 3199 quiden,
959 3134 995 3192 V,
1017 3130 1064 3192 1⁰,
1085 3137 1137 3184 ext.
1160 3129 1178 3185 3
1201 3147 1256 3184 aec
1280 3132 1477 3202 Aaoeaooraa
1504 3149 1533 3202 qr

362 3211 425 3264 ibid.
444 3209 525 3277 paulo
543 3207 605 3273 post
621 3218 671 3256 aec
687 3201 779 3255 aiom
795 3199 911 3272 quiderm
939 3204 991 3264 lx,
1014 3200 1061 3263 15,
1080 3199 1097 3256 3
1117 3217 1164 3254 acc
1182 3201 1242 3255 dice·
1261 3200 1396 3271 quidem,
1428 3193 1533 3271 quib'us

364 3297 457 3336 omnes
476 3281 562 3333 nostri
573 3278 649 3328 codd.
659 3276 730 3326 recte
743 3275 869 3324 exhibent
880 3289 956 3326 ae-
966 3271 1076 3342 quidm
1113 3275 1182 3325 Tum
1199 3275 1276 3334 vm,
1297 3271 1329 3335 2,
1351 3271 1442 3327 2acc
1465 3291 1533 3344 quot

363 3362 438 3410 m
454 3349 557 3424 qudem
574 3363 638 3405 ura,
658 3347 689 3406 V,
711 3343 734 3404 I,
756 3340 767 3394 I
787 3359 835 3395 aec
849 3343 981 3412 Arpyptus
997 3342 1108 3414 quiden,
1127 3345 1172 3405 111,
1191 3341 1219 3406 2,
1241 3349 1304 3397 ext.
1326 3343 1348 3398 ii
1369 3360 1427 3398 aec
1451 3343 1533 3398 Ther

362 3425 475 3499 quidm,
494 3417 575 3485 Vm.
594 3415 612 3470 2
629 3431 677 3469 arc
694 3429 740 3486 eyn
758 3412 869 3483 pidem,
888 3419 914 3466 in
930 3418 1027 3479 quibus
1039 3431 1098 3466 curn
1109 3431 1246 3481 peruersa
1255 3418 1393 3488 uulgata
1403 3421 1533 3483 scriptur

362 3503 448 3568 spirat
465 3499 543 3551 unius
562 3492 706 3544 alteriusue
724 3487 863 3538 deterioris
885 3487 944 3538 libri
967 3489 1154 3538 testimonium.
1199 3489 1368 3541 Msliorum
1399 3491 1533 3540 auctorit

361 3587 409 3625 acc
427 3575 482 3625 stat
501 3565 612 3630 excepto
631 3559 772 3617 hocloco,
798 3559 843 3607 ubi
867 3559 956 3609 tamar
977 3560 1097 3623 spurium
1116 3573 1165 3609 ce
1190 3561 1336 3625 sequenti
1358 3562 1525 3610 uocabulo

362 3649 440 3698 m„
458 3641 590 3696 adhaesit,
610 3633 654 3693 ΙΙΙ,
674 3625 699 3690 2,
721 3626 744 3689 l,
762 3643 810 3679 aec
827 3625 887 3679 tetis
904 3625 1018 3696 quiden,
1038 3631 1083 3680 ubi
1102 3644 1117 3679 c
1135 3631 1221 3680 ortum
1243 3632 1326 3695 puto
1352 3635 1411 3680 ant
1435 3647 1455 3682 e
1480 3645 1533 3682 se<

361 3719 408 3768 aut
426 3717 489 3782 quia
505 3715 548 3764 bis
565 3703 718 3775 praecessit
734 3700 865 3767 particula
882 3713 929 3750 aec
946 3702 1003 3758 (aec
1020 3697 1141 3767 pondere
1165 3727 1199 3740 -
1224 3713 1285 3752 aar
1308 3699 1378 3752 utto
1401 3700 1532 3753 uertici:

363 3782 405 3845 u,
424 3787 477 3837 ext.
495 3781 513 3836 2
530 3795 579 3833 m
594 3793 646 3830 aro
664 3769 773 3846 quidem
810 3770 863 3822 Sed
882 3773 924 3820 hic
943 3771 1020 3821 Puris
1039 3773 1112 3822 recte
1131 3773 1245 3824 exhibet
1268 3787 1312 3822 rae
1326 3787 1396 3824 uno
1413 3769 1532 3840 quirice

360 3857 393 3917 v,
412 3852 438 3917 0,
458 3857 511 3906 ext.
528 3849 546 3904 t
564 3851 640 3900 solus
659 3841 813 3967 teredqnpr.
832 3854 902 3892 men.
921 3841 1003 3892 habet
1020 3855 1068 3892 arc
1081 3841 1191 3909 patriae
1201 3839 1347 3912 quidem,
1373 3843 1503 3910 reliqui
1524 3860 1532 3891 ι

360 3921 549 3978 ‘scornai
574 3935 656 3970 ac-
713 3916 719 3928 '
779 3954 785 3969 .

359 3940 402 3994 Ψ.
431 3991 457 4048 5,
480 3991 544 4045 Vtar·
559 3995 632 4049 κω)
650 3931 781 4038 cliuillon.
790 3978 850 4036 IInI.
860 3984 893 4039 n,
911 3978 956 4035 25.
975 3983 1041 4036 Plin.
1051 3985 1079 4034 h.
1095 3999 1121 4035 n.
1131 3983 1215 4044 XIIII,
1244 3981 1427 4039 13:1³1ut.
1452 4001 1532 4052 qua<

358 4055 638 4124 t.s.ue11.x‚t:t.
662 4057 739 4108 Seru.
758 4058 792 4106 ad
810 4057 877 4107 Aen.
895 4055 921 4116 l,
940 4050 1000 4108 7³4.
1024 4055 1082 4106 sel.
1102 4071 1127 4105 ιι.
1145 4057 1171 4107 h.
1192 4055 1236 4116 11,
1262 4051 1327 4107 38.
1363 4058 1441 4108 Cic.
1467 4057 1531 4106 111]

358 4158 403 4210 ap.
421 4141 490 4193 Non.
510 4152 536 4187 u.
555 4128 693 4188 temulenta
710 4145 736 4192 Ρ·
755 4123 781 4186 5,
800 4129 854 4177 ⁸¹15·

427 4207 475 4266 aad
492 4212 518 4260 rt
533 4203 648 4264 msto)
671 4199 731 4249 Non
749 4198 906 4267 negauerim
918 4199 1112 4250 concinniorem
1130 4211 1309 4249 samonem
1328 4200 1525 4250 restituisse

357 4287 453 4343 deletis
470 4281 585 4350 primum
603 4277 630 4327 ct
646 4273 708 4323 ante
726 4267 840 4324 donata
860 4273 916 4320 tum
932 4283 1042 4338 comque
1060 4272 1122 4320 anto
1140 4267 1275 4324 mrttrb.
1309 4271 1463 4320 inserta
1491 4271 1514 4320 d

374 4361 421 4414 uls
443 4357 506 4410 ante
530 4364 580 4420 quo
595 4345 730 4416 somata,
756 4357 816 4392 cum
839 4341 977 4400 Valerius,
1002 4357 1082 4408 quam
1107 4343 1285 4392 sententiam
1319 4343 1511 4405 parenthe

353 4378 559 4499 &weaslieas
576 4449 611 4462 -
628 4431 693 4470 uror
710 4417 794 4476 ιιιιιι),
818 4427 880 4462 eam
899 4426 932 4462 ex
952 4425 1037 4477 aequo
1055 4425 1155 4476 ponere
1175 4413 1356 4462 debuisset
1383 4425 1505 4462 enunc

353 4506 411 4556 ,ιω
429 4499 500 4569 9„ss
518 4491 629 4566 effla
647 4487 735 4542 darre
752 4481 903 4541 adimat,
924 4483 986 4550 quin
1004 4483 1061 4533 auri
1075 4497 1280 4548 purpureaque
1306 4496 1407 4533 usus
1432 4485 1473 4533 in

354 4575 443 4626 ciebat
458 4583 494 4624 ne
511 4567 596 4618 tristis
615 4566 642 4615 et
658 4559 769 4613 horrida
791 4553 932 4629 mullorum
955 4553 1081 4617 pudicitia
1105 4555 1187 4605 esset.
1237 4553 1397 4604 Videtur·
1432 4553 1494 4602 aut

354 4653 415 4690 mm
433 4641 460 4690 qq
478 4635 596 4699 mum
872 4625 922 4682 tur,
942 4623 1072 4679 taurinas.
1092 4640 1145 4688 quo
1164 4625 1339 4676 uenustior
1366 4627 1406 4674 et
1431 4625 1484 4674 hii

927 4693 1067 4754 mutasse,
1098 4708 1209 4762 cumque
1248 4695 1287 4746 in
1322 4709 1371 4746 eo
1408 4709 1480 4760 exp

922 4765 1039 4824 οιιιιοι,
1058 4766 1087 4813 ut
1107 4765 1185 4818 nutus
1203 4767 1447 4830 potissimum
