3409 5400
624 595 864 661 EXCVRSVS
888 597 903 662 1
1157 602 1161 610 '
1310 603 1373 667 753

122 755 258 820 ‚edem
287 756 462 841 occupauit
484 757 517 820 iu
541 757 632 820 initio
655 757 822 842 sequentis
851 755 1005 842 exempli,
1030 750 1196 843 quo'facto
1209 758 1374 839 familiam

122 862 264 928 nselici
291 861 480 926 coniectura
504 861 659 926 mutatum
684 875 734 926 est
757 863 790 928 in
803 863 1012 945 familiarem.

228 967 412 1049 Quaeritur
436 981 541 1032 utrum
565 981 745 1056 temporum
762 969 845 1032 ratio
869 967 944 1032 huic
957 969 1112 1055 opinioni,
1137 991 1202 1054 qua
1218 968 1304 1032 idem
1320 969 1373 1032 iile

123 1097 216 1162 ,iuer
246 1075 431 1148 formosus,
458 1076 512 1161 qui
537 1073 679 1139 Varroni
703 1073 837 1140 Iunonis
861 1077 944 1140 iram
969 1072 1202 1147 conciliauerit,
1224 1072 1312 1137 idem
1336 1073 1373 1140 L.

122 1179 323 1244 Airibiuius
347 1179 450 1244 fuisse
474 1181 630 1256 creditur,
664 1181 776 1246 faueat
797 1203 911 1246 necne.
965 1179 1039 1262 Quo
1068 1201 1155 1244 anno
1184 1178 1281 1243 ludos
1312 1182 1373 1244 cir·

122 1307 263 1352 censos
292 1287 328 1353 C.
342 1285 510 1352 Terentius
527 1284 635 1351 Varro
659 1286 775 1352 aedilis
800 1285 938 1350 ediderit
960 1297 1047 1350 certo
1065 1285 1196 1372 quidem
1212 1307 1277 1350 non
1294 1309 1372 1351 con·

123 1405 221 1468 stat,
249 1391 315 1457 sed
339 1414 414 1457 oum
443 1407 628 1480 praeturam
654 1415 740 1460 enno
775 1394 840 1460 536
864 1413 896 1458 a.
918 1413 950 1460 u.
975 1416 1002 1459 c.
1027 1391 1156 1456 duobus
1180 1393 1274 1456 annis
1298 1405 1373 1456 ante

126 1499 356 1565 consulatum
381 1499 555 1564 obtinuerit
577 1513 658 1566 teste
681 1499 777 1566 Liuio
800 1498 913 1576 XXII,
936 1499 997 1573 25,
1021 1519 1096 1563 eum
1118 1499 1250 1562 nonita
1272 1496 1372 1562 multo

128 1619 215 1672 ante
243 1605 387 1692 primum
410 1603 546 1671 honoris
563 1607 703 1694 gradum
723 1606 879 1694 adeptum
902 1627 978 1670 esse
1002 1605 1192 1670 necessario
1216 1604 1372 1668 conicias.

130 1715 342 1778 Statuamus
366 1712 465 1800 igitur
488 1713 695 1800 praecedenti
718 1733 806 1778 anno
820 1712 885 1778 535
903 1705 1083 1776 Varronem
1106 1709 1246 1774 aedilem
1264 1709 1374 1772 ,fuisso

132 1822 245 1906 inque
282 1816 370 1883 ludis
400 1819 603 1884 circensibus
632 1841 733 1907 puero
766 1839 885 1884 nouem
914 1838 1074 1883 annorum
1104 1837 1200 1881 usum
1230 1837 1306 1880 csse
1330 1814 1373 1880 ad

134 1926 285 1990 exuuias
310 1925 343 1989 in
367 1935 462 1988 tensa
484 1922 571 1990 Iouis
604 1925 780 2001 tenendas,
808 1927 941 2013 iamque
970 1924 1119 1988 inuenies
1149 1921 1238 1986 hunc
1267 1920 1373 1986 homi·

137 2053 219 2095 nem
234 2051 325 2094 atino
339 2029 414 2103 594,
435 2051 499 2115 quo
516 2049 602 2096 enno
619 2033 746 2098 tertium
761 2030 865 2096 relata
881 2045 930 2095 est
945 2029 1076 2117 Hecyra
1091 2029 1242 2102 Terentii,
1257 2029 1292 2093 in
1307 2051 1374 2115 qua

139 2138 326 2224 primariae
356 2147 466 2220 partes
490 2135 633 2202 Ambiuii
665 2152 771 2212 erant,
800 2137 1047 2224 sexagesimum
1075 2149 1229 2199 octauum
1257 2135 1372 2198 aetatis

142 2265 272 2307 aunum
303 2241 432 2329 egisse,
468 2241 557 2327 quod
585 2265 667 2308 sane
706 2245 857 2331 congruit
884 2263 958 2307 cum
985 2242 1116 2330 prologi
1150 2242 1192 2304 ab
1219 2239 1373 2302 Ambiuio

143 2349 226 2413 dicti
250 2345 379 2422 uerbis,
403 2347 502 2412 Sinite
523 2355 559 2412 ot
580 2356 727 2413 acorator
740 2351 818 2423 um,
841 2349 947 2412 eodem
968 2355 1004 2411 ut
1025 2350 1094 2411 iure
1124 2349 1171 2410 uti
1194 2365 1295 2409 amera
1317 2342 1374 2407 nt·

145 2461 215 2520 ceot
239 2475 300 2538 quo
327 2455 396 2520 iure
419 2475 486 2520 eum
514 2473 592 2522 uuit
618 2445 851 2520 adcdeeceatior.
898 2453 985 2520 Fieri
998 2451 1098 2541 igitur
1116 2453 1250 2516 omnino
1271 2451 1375 2536 potuit

146 2575 183 2626 ut
206 2560 397 2634 Ambiuius,
426 2583 522 2648 quom
547 2562 582 2626 in
604 2572 771 2626 senectute
799 2561 898 2626 etiam
923 2559 1071 2624 ludicrae
1099 2559 1159 2623 arti
1183 2557 1373 2622 incubuisse

147 2691 188 2733 ex
218 2665 283 2732 hoc
311 2666 449 2756 prologo
484 2667 656 2743 discimus,
686 2689 760 2733 cum
790 2687 872 2753 puer
901 2667 1066 2735 etiamtum
1096 2677 1186 2729 esset
1212 2672 1373 2727 uenustae

146 2776 286 2848 formae,
308 2773 343 2837 in
366 2794 489 2860 pompa
511 2775 651 2840 circensi
674 2796 695 2839 a
717 2772 871 2839 Varrone
896 2771 994 2838 aedili
1020 2770 1236 2836 adhiberetur.
1283 2768 1369 2832 Gon·

149 2877 332 2943 cedendum
368 2890 477 2945 temon
511 2892 562 2944 est
596 2902 671 2945 eum
706 2892 780 2945 tuno
816 2879 972 2966 temporis
1005 2878 1197 2941 histrionem
1226 2872 1375 2949 nondum

150 2986 253 3049 inisse
277 3004 335 3049 nec
360 3008 381 3051 a
410 2984 543 3051 Valerio
574 2999 606 3051 et
629 3008 650 3051 a
679 2985 798 3051 Paride
827 3006 964 3072 puerum
986 2982 1180 3049 histrionem
1215 2978 1373 3067 appellari

153 3092 313 3179 potuisse,
338 3092 401 3157 nisi
426 3104 482 3158 aut
504 3092 673 3180 prolepsin
697 3092 864 3180 quandam
892 3092 926 3157 in
954 3112 995 3154 eo
1024 3100 1151 3155 statuas
1182 3099 1238 3153 aut
1261 3086 1374 3152 Ambi-

155 3200 241 3261 uium
262 3196 314 3261 uel
337 3201 618 3283 septuagesimum
653 3220 775 3264 annum
805 3200 906 3286 longe
928 3218 1102 3285 egressum
1131 3194 1235 3259 nihilo
1264 3194 1373 3256 minus

156 3306 189 3369 in
212 3323 342 3366 scenam
367 3302 529 3387 prodiisse
553 3304 802 3368 existimaueris.
860 3306 973 3387 Supra
992 3322 1067 3364 cum
1097 3298 1165 3363 dixi
1193 3296 1291 3361 malle
1319 3316 1373 3358 me

159 3409 201 3475 ad
223 3408 433 3494 antiquiorem
457 3410 578 3473 sontem
602 3428 701 3495 quam
733 3407 776 3473 ad
807 3428 930 3480 uenam
963 3406 1049 3469 docti
1078 3402 1284 3491 grammatici
1318 3422 1374 3464 su·

161 3514 332 3601 spicionom
356 3515 477 3580 referre
500 3514 586 3579 hunc
611 3513 652 3577 de
676 3512 829 3578 Ambiuio
854 3532 955 3599 puero
984 3510 1146 3583 nuntium,
1175 3518 1304 3593 praeter
1325 3506 1373 3569 rei

164 3619 412 3709 probabilitatem
436 3622 538 3686 mouit
561 3622 660 3686 etiam
684 3619 772 3709 quod
795 3621 830 3684 in
853 3617 932 3682 talia
955 3628 1041 3681 certe
1070 3636 1088 3678 e
1117 3601 1303 3677 coniectura
1324 3612 1375 3673 in·

164 3726 262 3793 cidere
285 3748 350 3792 non
374 3728 478 3793 solent
506 3726 670 3793 homines.
