3409 5400
611 546 693 613 LIB.
717 547 776 627 VI,
799 548 837 613 G.
862 551 894 626 3,
917 559 947 627 s.
973 553 1003 618 1.
1348 561 1415 629 483

192 706 310 769 mentis
335 706 417 770 eruti
440 717 525 774 sunt.
573 707 723 773 Ceterum
750 709 930 775 Flacciana
957 732 1053 786 arca,
1084 735 1160 780 cum
1189 715 1286 790 †eliu
1307 740 1414 803 paene

192 834 299 877 uacua
321 814 510 885 mansisset,
537 836 559 877 a
582 812 623 895 Q.
648 815 764 881 Catulo
788 817 962 883 Cimbricis
985 819 1102 904 spoliis
1126 819 1288 887 adornata
1311 837 1369 891 est.

281 916 396 1006 Viguit
418 922 452 985 iu
474 931 589 985 nostra
613 923 740 989 ciuitate
765 922 811 990 Ti.
837 936 868 987 et
892 924 927 991 G.
954 924 1178 991 Gracchorum
1202 950 1334 994 sununa
1357 953 1415 993 no·

191 1024 300 1091 bilitas
330 1048 369 1089 ac
400 1047 477 1111 spes
507 1028 723 1114 amplissima.
783 1030 851 1094 Sed
882 1031 960 1117 quia
987 1044 1108 1099 statum
1137 1036 1279 1099 ciuitatis
1308 1038 1416 1101 eonati

169 1142 288 1195 ⁵erant
323 1132 525 1209 conuellere,
565 1135 729 1220 insepulta
762 1136 930 1201 cadauera
970 1141 1141 1205 iacuerunt
1176 1164 1416 1230 supremusque

193 1239 358 1305 humanae
382 1240 587 1305 condicionis
609 1240 717 1306 honos
748 1242 823 1307 liliis
848 1243 989 1310 Gracchi
1017 1259 1048 1311 ct
1072 1249 1244 1333 nepotibus
1268 1249 1416 1315 Africani

193 1346 304 1412 defuit.
352 1343 440 1426 Quin
464 1349 561 1412 etiam
584 1347 764 1412 familiares
790 1370 919 1425 eorum,
947 1373 989 1416 ue
1013 1354 1085 1437 quis
1110 1355 1158 1417 rci
1181 1356 1331 1439 publicae
1354 1358 1415 1419 iui-

193 1453 288 1517 micis
312 1453 438 1517 amicus
463 1474 538 1517 csso
562 1453 668 1529 uellet,
693 1454 733 1518 de
757 1455 875 1519 robore
899 1459 1102 1543 praecipitati
1125 1472 1212 1525 suut.

700 1614 913 1628 ψ

196 1700 221 1754 i.
238 1701 337 1768 paene]
358 1704 499 1767 penatibus
518 1701 660 1763 imrateca
679 1702 715 1763 Α,
738 1703 796 1767 (sed
818 1723 905 1773 paene
923 1704 963 1757 ibi
987 1712 1063 1759 antea
1078 1706 1170 1773 faisse
1192 1706 1320 1772 uidetur.)
1340 1706 1418 1764 lber.

194 1769 256 1825 adri.
276 1776 296 1825 1.
315 1774 345 1828 P.
365 1776 415 1824 diis
434 1776 577 1838 penatibus
595 1790 685 1841 marpo
703 1774 807 1900 rip.
827 1795 849 1831 c.
869 1782 957 1830 catulo
976 1776 1012 1832 D.
1031 1778 1045 1845 ΙΙ
1062 1777 1088 1831 3.
1112 1782 1198 1833 tiberii
1222 1784 1249 1831 et
1272 1798 1300 1849 g.
1322 1782 1417 1851 grachi

195 1848 358 1985 im'iomm
375 1843 406 1899 F.
418 1843 432 1916 ΙΙ
443 1841 477 1971 i&
489 1846 603 1897 ciuitatis
625 1850 725 1899 statum
785 1855 811 1900 et
823 1864 869 1919 pr.
887 1848 923 1903 Ε.
934 1848 948 1918 ll
960 1848 986 1903 li.
1005 1853 1168 1903 condicionis
1187 1854 1321 1904 humanae
1340 1851 1376 1907 D.
1391 1849 1403 1920 ΙΙ

214 1933 272 1969 .ne
305 1934 374 1985 quae
388 1932 433 1984 pr.
476 1953 483 1969 .

269 2163 326 2198 cam
344 2148 361 2212 †
380 2144 426 2199 clia
441 2162 528 2216 paene
544 2162 631 2199 uacua
648 2147 795 2211 mansisset)
813 2150 933 2216 Apparet
950 2153 1069 2218 ineptum
1087 2166 1150 2205 esse
1168 2154 1231 2205 illud
1242 2169 1338 2221 paene,
1359 2172 1418 2207 cum

199 2234 265 2271 area
282 2218 428 2269 Flacciana
446 2221 552 2270 omnino
572 2234 660 2270 uacua
677 2222 815 2279 manserit.
835 2224 920 2273 ‹ionec
940 2228 969 2284 Q.
984 2226 1094 2275 Catulus
1108 2227 1237 2289 porticum
1255 2227 1281 2274 iu
1301 2241 1335 2276 ca
1347 2228 1418 2275 aedi·

198 2290 306 2343 flcabat.
338 2292 413 2353 Quod
426 2306 486 2341 eum
499 2291 735 2341 animaduertisset
753 2293 773 2345 l.
786 2292 829 2344 Fr.
843 2294 993 2345 Gronouius
1006 2294 1067 2362 (llil
1081 2298 1187 2347 obsera.
1203 2290 1257 2359 iti),
1276 2296 1419 2361 tegendum

200 2376 263 2413 csse
288 2362 400 2411 coniecit
423 2374 481 2411 cam
505 2357 551 2411 dm
571 2376 675 2428 poenae
697 2374 783 2413 uacua
804 2362 954 2424 mansisset.
978 2367 1056 2431 idque
1080 2366 1196 2429 explicat
1218 2380 1281 2415 esse
1306 2376 1419 2429 ‘poenae

199 2433 314 2483 nomine'
332 2433 377 2482 uel
393 2433 431 2481 ‘ut
448 2435 647 2483 monumentum
659 2436 736 2483 essct
753 2437 875 2497 poenac'.
912 2440 987 2496 Quare
999 2438 1132 2490 sententia
1144 2436 1263 2501 apprime
1279 2450 1346 2485 sanc
1359 2436 1419 2485 huic

203 2504 262 2553 ioco
282 2504 444 2563 conueniret,
464 2505 606 2553 dummodo
625 2505 702 2553 tertio
722 2518 786 2553 casu
806 2506 869 2556 iliud
889 2508 1088 2571 exprimeretur,
1108 2508 1177 2573 quod
1189 2508 1301 2570 putabat
1309 2507 1421 2570 exprimi

201 2576 242 2625 uir
260 2575 440 2626 doctissimus.
477 2574 531 2625 Sed
549 2574 668 2625 inaudita
686 2590 797 2641 prorsus
817 2594 850 2627 ea
872 2580 995 2640 loqrrendi
1016 2580 1084 2629 ratio
1103 2581 1154 2630 cst.
1189 2578 1312 2628 Debcbat
1330 2582 1420 2627 autem

202 2647 320 2696 seribere
340 2648 383 2696 uei
396 2646 488 2712 ipsum
507 2646 570 2695 iilud
585 2660 688 2714 paeane
706 2645 817 2710 nomiae,
836 2652 905 2713 quod
916 2651 981 2701 mihi
994 2651 1136 2701 admodum
1152 2649 1294 2712 aliquando
1312 2650 1420 2713 placuit,

202 2719 246 2768 uel
264 2714 301 2768 ad
324 2716 473 2770 memoriam
493 2732 595 2785 poenae
619 2719 662 2769 uel
686 2719 774 2770 simite
797 2723 890 2772 rrescio
914 2723 984 2787 quid.
1021 2723 1061 2772 lta
1084 2723 1122 2771 M.
1145 2720 1247 2770 Tullius
1270 2722 1331 2786 (pro
1350 2721 1421 2772 dem.

200 2784 245 2848 38,
267 2786 339 2854 102).
360 2805 437 2854 quem
456 2790 543 2840 iocum
562 2791 621 2840 sine
643 2789 722 2840 dubio
746 2794 808 2842 anto
832 2793 925 2842 ocritos
948 2794 1042 2842 habuit
1065 2793 1203 2848 Valerius.
1227 2793 1376 2856 composuit
1391 2788 1422 2841 ct

202 2854 293 2910 damas
309 2857 349 2911 M.
371 2857 452 2910 Tullii
477 2857 612 2912 Ciceronis
636 2875 693 2912 cam
717 2856 792 2912 doma
811 2860 903 2914 Fauii
919 2861 1012 2914 Flacci
1035 2860 1072 2914 ad
1090 2861 1241 2914 memoriam
1254 2877 1356 2930 poenae
1369 2877 1420 2928 pa·

202 2927 269 2981 ilice
293 2929 447 2982 remittatur
469 2931 608 2983 coaiaacta
633 2947 689 2983 erse
709 2930 841 2986 uideatur.
887 2934 974 2984 Atiam
999 2936 1159 2984 emendandi
1186 2935 1258 2984 uiam
1279 2936 1420 3002 ingressos

201 3007 335 3053 corrector
353 3003 411 3053 libri
423 3004 528 3056 Danieli
548 3005 681 3055 cl’aridis
700 3007 866 3069 compendio.
884 3007 955 3068 quod
973 3007 1000 3054 in
1013 3007 1141 3056 Vaticano
1154 3007 1245 3056 codice
1262 3007 1301 3054 sic
1312 3006 1419 3072 legitur.

200 3071 239 3124 M.
249 3071 343 3130 licaeo
363 3079 388 3124 et
404 3071 589 3126 L.Satur·airro
602 3073 698 3126 occisis
715 3073 807 3126 domus
823 3091 904 3143 saper
921 3074 1020 3127 diruta.
1055 3074 1201 3127 Flacciana
1215 3091 1279 3126 area
1291 3091 1349 3126 cam
1368 3072 1422 3124 diis

85 3177 94 3188 ι
196 3143 336 3212 peccatibus
353 3160 439 3198 aaran
451 3145 627 3201 rcraaasimet,
648 3163 664 3196 a
675 3146 707 3205 Q.
722 3145 814 3200 Catulo
829 3145 970 3200 Cimbricis
986 3143 1080 3214 spoliis
1098 3144 1229 3197 adornata
1240 3151 1287 3198 est,
1308 3148 1419 3195 ascitum

201 3217 264 3266 illud
281 3213 421 3282 penatibus
445 3233 493 3280 pro
512 3219 602 3281 inepto
616 3233 703 3285 paene
721 3221 858 3269 substituit
875 3224 956 3283 atqrrc
974 3220 1012 3268 ita
1030 3234 1115 3269 causa
1133 3219 1218 3268 extitit
1245 3219 1274 3266 ut
1301 3218 1371 3266 idem
1394 3218 1421 3265 iu

202 3288 364 3338 recentiores
384 3285 484 3339 Valerii
503 3291 610 3338 codices
631 3290 809 3355 uulgataaquc
829 3291 959 3340 editiones
977 3293 1175 3343 transferretur.
1216 3287 1250 3336 dt
1271 3289 1339 3335 haee
1357 3302 1421 3347 quio·

95 3387 103 3406 .
202 3373 254 3424 quc
273 3359 439 3416 emendatio,
465 3374 524 3408 cum
543 3360 580 3408 ita
599 3358 670 3409 male
690 3361 731 3409 diu
750 3363 894 3424 paenalibus
918 3361 1039 3410 caruisse
1062 3362 1165 3410 dicatur
1186 3372 1252 3407 arca
1270 3357 1421 3410 Flacciana.

203 3431 244 3479 cui
269 3444 303 3478 ne
326 3432 423 3493 postca
452 3431 557 3494 quidem
588 3430 726 3479 Cimbricis
750 3431 844 3493 spoliis
873 3433 1021 3496 adornatae
1056 3433 1168 3494 penates
1198 3430 1289 3486 erant,
1319 3427 1422 3476 ratione

204 3500 310 3550 omniuo
329 3503 412 3559 caret,
431 3499 481 3550 nisi
502 3501 580 3550 slmul
604 3496 649 3550 clia
674 3502 819 3550 secuudum
844 3501 908 3549 iliud
933 3501 1117 3563 compendium
1140 3499 1286 3551 routaueris
1310 3499 1336 3546 iu
1362 3493 1422 3546 diis.

203 3572 279 3631 Quod
299 3571 323 3620 si
342 3572 447 3630 leceris,
469 3570 603 3622 sententia
621 3571 683 3629 erit,
703 3585 762 3618 cum
781 3573 844 3634 post
862 3583 976 3620 euersas
994 3570 1083 3620 Flacci
1102 3571 1195 3627 aedes,
1220 3571 1275 3619 alia
1293 3569 1371 3619 domo
1396 3568 1423 3616 in

203 3655 238 3693 ca
256 3657 309 3693 uon
328 3644 457 3702 extructa,
476 3657 543 3692 area
560 3642 610 3692 diis
634 3641 776 3705 penatibus
796 3656 883 3690 uacua
901 3642 1058 3701 mansisset,
1081 3640 1203 3691 Catulum
1221 3641 1367 3704 porticuum
1386 3637 1423 3687 ibi

204 3713 365 3764 aedificasse
384 3713 575 3778 Cimbricisque
593 3713 688 3776 spoliis
707 3707 836 3764 ornasse.
879 3711 970 3761 Sentio
988 3727 1084 3775 parum
1102 3711 1214 3762 uenuste
1233 3712 1258 3760 in
1277 3711 1320 3760 his
1339 3705 1424 3773 r'epcti

203 3785 329 3850 penatum
354 3799 465 3842 nomem
496 3799 582 3846 aeque
605 3787 697 3834 tamen
723 3781 812 3832 lacere
836 3797 949 3846 possum
973 3784 1036 3845 quin
1062 3784 1100 3833 ita
1123 3781 1258 3835 Valerium
1279 3783 1424 3846 scripsisse

204 3858 320 3908 credam.
357 3855 425 3906 Nam
445 3857 576 3922 quomodo
594 3855 620 3904 in
633 3855 704 3904 hanc
717 3854 865 3916 corupcndii
878 3854 991 3904 lormam
1004 3854 1162 3918 epitomator
1173 3853 1289 3922 incidere
1301 3854 1424 3916 potuerit,

203 3927 255 3978 nisi
273 3929 300 3978 in
313 3928 405 3978 codice
418 3941 468 3978 auo
481 3926 580 3978 Valerii
592 3927 655 3976 iliud
669 3921 723 3975 diis
729 3920 872 3990 pecoribus
890 3926 1028 3983 inuenerit,
1046 3927 1072 3976 id
1085 3925 1205 3989 proiecto
1217 3940 1270 3974 non
1282 3925 1424 3987 perspicio.

267 3995 424 4065 familiares
440 4003 539 4060 eorum)
557 3997 716 4047 Plutarchus
734 3996 760 4045 in
780 3998 835 4046 uita
853 3995 894 4047 Ti.
907 3997 1021 4047 Gracchi
1040 4013 1064 4051 c.
1077 3993 1113 4048 20
1131 3997 1233 4046 amicos
1252 3995 1310 4046 cius
1328 3996 1424 4060 partim

204 4073 231 4121 in
250 4071 357 4121 esitium
375 4071 476 4121 missos
494 4070 592 4133 partim
611 4069 716 4118 occisos
735 4081 799 4118 csse
818 4067 907 4118 rct‘ert

277 4137 310 4192 de
326 4138 423 4192 robore
436 4137 611 4209 praecipitati
627 4143 698 4210 seat)
719 4138 810 4188 liebus
835 4140 906 4188 testo
925 4139 1008 4189 Paulo
1033 4138 1147 4188 diacono
1169 4154 1197 4202 p.
1221 4133 1274 4189 264
1298 4136 1371 4188 uult.
1391 4137 1426 4186 ‘in

205 4227 314 4264 carcero
333 4213 471 4264 dicebatur
488 4214 512 4263 is
531 4214 615 4269 iocus,
634 4226 687 4272 quo
705 4210 932 4276 praecipitabatur
956 4209 1139 4259 maleficorum
1162 4209 1267 4277 genus'.
1310 4213 1384 4269 Quae
1403 4208 1426 4254 si

206 4285 407 4348 compescueris
430 4298 490 4334 cum
509 4283 585 4335 Varr.
605 4283 638 4331 dc
660 4281 726 4348 ling.
745 4281 805 4332 Lat.
825 4281 862 4339 V,
888 4281 914 4345 S.
938 4277 1001 4339 151,
1025 4281 1099 4332 i'est.
1117 4295 1142 4332 u.
1161 4279 1311 4328 'tullianum
1329 4294 1355 4340 p.
1374 4273 1427 4329 356

206 4356 290 4415 ΜῦΙΙ.,
309 4356 368 4408 Liu.
377 4355 478 4413 xxix,
496 4349 531 4406 22
551 4357 577 4404 ot
594 4346 738 4410 XXXllll,
758 4348 807 4410 li,
831 4351 897 4405 Sati.
916 4352 974 4404 cat
998 4346 1048 4411 55,
1065 4347 1096 4409 4,
1121 4349 1295 4419 Calpi‘tacc.
1314 4349 1380 4397 dect.
1400 4344 1426 4405 4,

205 4428 301 4477 robore
320 4426 470 4476 interiorem
489 4427 563 4476 ittam
582 4424 698 4474 carceris
717 4425 821 4486 partem
835 4425 973 4491 designari
991 4423 1103 4486 patebit.
1121 4435 1192 4483 quae
1211 4421 1351 4469 subterra
1370 4419 1428 4466 crat

206 4498 309 4548 circiter
328 4498 466 4548 duodecim
486 4498 570 4560 pedes
589 4495 663 4544 humi
687 4495 832 4556 depressa,
863 4495 908 4544 ubi
932 4495 1065 4558 supplicia
1087 4494 1121 4542 dc
1144 4491 1232 4541 noxiis
1256 4489 1428 4538 sumebantur

205 4585 328 4635 quaeque
347 4571 382 4618 ab
401 4570 462 4620 aliis
482 4567 632 4618 'I'ultianum
652 4566 846 4629 appellabatur.
884 4565 922 4617 Cf.
940 4567 1052 4615 Becker.
1071 4564 1171 4613 haudb.
1191 4563 1215 4613 d.
1228 4560 1303 4610 uem.
1322 4559 1429 4610 alterth.

205 4641 225 4698 Ι,
245 4657 271 4706 p.
290 4637 352 4693 264.
390 4641 465 4700 Qtrod
485 4640 509 4690 ai
526 4640 565 4688 ita
583 4639 634 4694 est,
653 4652 706 4686 nen
725 4636 804 4687 facile
823 4636 985 4703 intellegitur
1004 4637 1135 4701 quomodo
1155 4631 1335 4682 Gracchorum
1354 4631 1429 4678 lauri·

207 4712 287 4762 tiaras
307 4713 341 4762 de
361 4713 456 4760 robore
474 4710 642 4775 praecipitati
662 4721 725 4758 esse
744 4708 795 4757 dici
814 4709 955 4771 potuerint,
977 4708 1090 4772 ideoque
1104 4702 1273 4773 grammatici
1285 4701 1429 4770 legendum

205 4797 270 4834 ease
290 4784 459 4834 coniecerunt
481 4779 510 4832 ia
532 4779 615 4833 rebar
637 4782 682 4831 uel
704 4783 782 4830 sexte
808 4793 873 4830 caso
898 4777 927 4830 ia
951 4774 1047 4830 robore
1069 4773 1216 4842 (Veratius)
1241 4775 1287 4825 aut
1310 4770 1343 4825 de
1366 4787 1431 4838 rape

1147 4864 1215 4930 31*
