3409 5400
310 458 377 529 562
624 454 774 523 VAFRE
796 454 928 529 DICTA
951 454 1042 522 AVT
1063 454 1217 524 Ficta

309 621 466 685 uniuerso
490 617 611 703 populo
633 618 771 695 inuisus,
794 638 931 683 eausam
955 616 1042 703 apud
1066 637 1140 681 eum
1156 614 1287 705 capitali
1308 618 1471 683 crimine
1491 615 1551 679 dic-

310 738 411 803 turus,
433 726 612 790 maximum
635 722 794 790 honorem
818 724 925 788 subito
949 735 1057 810 petere
1087 725 1209 811 coepit,
1238 746 1303 789 non
1337 722 1450 811 quod
1482 743 1551 809 spe·

307 846 395 901 raret
423 855 460 897 se
489 832 579 896 illurn
610 832 768 917 consequi
795 852 913 915 posse,
950 829 1010 895 sed
1039 840 1073 894 ut
1105 829 1262 895 baberent
1288 830 1469 895 homines
1504 829 1549 891 ubi

308 962 504 1029 procursum
527 939 608 1013 irae,
630 938 687 1023 qui
710 938 889 1001 acerrimus
919 958 995 1003 esse
1018 938 1116 1011 solet,
1140 936 1362 1003 effunderent.
1435 935 1551 1023 Neque

309 1070 383 1113 eum
406 1046 491 1111 haec
515 1055 581 1109 tam
605 1044 724 1108 callida
746 1043 875 1106 consilii
898 1044 980 1107 ratio
1003 1043 1124 1110 fefellit.
1176 1042 1323 1108 Gemitiis
1351 1043 1462 1107 enim
1490 1042 1566 1105 cla-³

307 1168 399 1220 more
429 1152 548 1215 infesto
579 1162 611 1213 et
638 1150 762 1213 crebris
790 1150 887 1213 totius
921 1150 1082 1213 contionis
1117 1148 1219 1213 sibilis
1253 1162 1428 1225 uexatus,
1477 1167 1552 1213 nota

308 1262 406 1325 etiam
429 1258 585 1345 denegati
606 1255 743 1323 honoris
765 1257 968 1343 perstrictus,
992 1254 1137 1321 eiusdem
1160 1254 1264 1343 plebis
1279 1254 1387 1340 paulo
1409 1273 1498 1341 post
1522 1256 1551 1317 in

308 1366 495 1431 discrimine
518 1366 606 1429 uitae
629 1362 885 1441 clementissima
908 1361 1069 1447 suffragia
1092 1378 1240 1447 expertus
1268 1372 1327 1429 est.
1381 1361 1501 1444 Quod
1524 1362 1549 1424 si

308 1472 415 1536 adhue
439 1474 468 1536 ei
491 1470 646 1535 ultionem
663 1470 782 1534 sitienti
798 1470 916 1554 eapitis
932 1469 983 1533 sui
998 1468 1175 1553 periculum
1191 1468 1383 1543 obiecisset,
1413 1468 1547 1533 nullam

305 1589 434 1667 partem
456 1575 659 1641 defensionis
682 1574 759 1639 odio
782 1574 954 1639 obseratae
978 1595 1073 1639 aures
1096 1576 1286 1661 reciperent.
1554 1596 1572 1637 n

265 1683 296 1751 7.
394 1682 479 1749 Huic
502 1682 707 1747 uaframento
731 1680 910 1745 consimilis
934 1680 990 1746 illa
1013 1680 1184 1746 calliditas.
1230 1682 1428 1767 [Superior]
1447 1681 1544 1747 Han·

307 1842 332 1898 i.
350 1844 433 1910 apud]
453 1846 533 1907 eaput
549 1836 579 1893 F.
594 1840 609 1910 ΙΙ
624 1839 746 1905 capitulis
765 1840 881 1891 criminis
900 1836 996 1965 Pomp}
1013 1836 1039 1891 2.
1058 1842 1185 1903 sperabat
1201 1838 1264 1893 Per.
1283 1839 1297 1907 ΙΙ
1313 1836 1339 1892 3.
1360 1856 1458 1905 posse
1479 1858 1540 1892 cou-

305 1917 382 1978 seoui
400 1914 436 1968 Ε.
447 1915 461 1982 ΙΙ
473 1911 497 1967 t.
515 1913 586 1979 irae}
605 1909 667 1963 add.
682 1926 750 1962 suae
757 1910 866 1978 punctis
876 1914 956 1963 notat.
997 1946 1004 1961 .
1015 1910 1029 1978 Η
1041 1912 1102 1978 qnia
1114 1912 1245 1963 cernimus
1260 1908 1287 1963 0.
1299 1910 1313 1978 ΙΙ
1324 1912 1492 1981 effugerent
1503 1910 1538 1963 E.

318 1986 331 2058 ΙΙ
345 1985 371 2042 5.
389 1987 461 2052 eum]
482 1985 550 2035 enim
572 1982 601 2037 C.
618 1982 631 2051 ΙΙ
647 1985 716 2034 bace
736 1996 784 2032 on.
802 1980 838 2033 E.
854 1981 869 2050 ΙΙ
886 1984 989 2033 comitis
1009 1997 1052 2049 pr.
1073 1980 1107 2036 A.
1131 1982 1228 2033 comitii
1250 1978 1288 2034 D.
1312 1986 1450 2035 committi
1470 1981 1501 2035 F.
1513 1984 1526 2049 ΙΙ

305 2056 332 2113 b.
352 2058 526 2111 contentionis
544 2051 576 2108 A.
595 2055 743 2105 centiiionis
762 2050 794 2104 F.
804 2050 818 2119 ΙΙ
830 2050 856 2103 ’1.
874 2054 1038 2118 proscriptus
1056 2050 1084 2105 F.
1100 2050 1111 2119 ΙΙ
1126 2050 1151 2105 8.
1170 2054 1240 2103 uitae
1257 2067 1307 2105 ora.
1326 2049 1358 2104 F.
1375 2050 1433 2121 119.
1453 2054 1535 2118 capiti

306 2130 336 2184 0.
347 2130 362 2198 ΙΙ
373 2144 424 2181 suo
442 2141 512 2179 corr.
532 2123 561 2177 C.
575 2123 588 2190 ΙΙ
603 2121 644 2178 10.
663 2126 824 2175 obseruatne
839 2138 883 2190 pr.
900 2121 932 2174 A.
954 2125 1112 2175 obsecrator
1132 2122 1161 2177 0.
1180 2122 1192 2193 ΙΙ
1210 2126 1380 2188 recepissent
1400 2122 1435 2177 F.
1457 2126 1472 2185 tt
1495 2122 1532 2175 lt.

303 2202 489 2254 nauiramenio
508 2195 537 2249 F.
548 2194 561 2264 ΙΙ
573 2196 700 2260 Superior
711 2194 856 2259 Hannibal]
875 2196 898 2243 ll
912 2210 947 2244 au
958 2195 1041 2255 nibal,
1058 2192 1163 2255 (omisso
1181 2194 1356 2259 superiectis
1375 2210 1483 2249 raam
1500 2192 1531 2245 A.

303 2274 435 2340 superiori
451 2268 578 2321 hannibal
598 2264 686 2319 ΟΠ.

374 2412 401 2467 7.
420 2413 459 2464 ci.
482 2411 558 2463 Diod.
577 2408 630 2461 stc.
653 2423 711 2459 exe.
735 2408 795 2459 Vni.
819 2406 923 2466 xxttt.
947 2404 973 2460 2.
997 2425 1022 2472 p.
1048 2402 1082 2459 ⁴9
1105 2408 1169 2460 Mai.
1193 2408 1245 2457 uel.
1264 2406 1309 2466 ΙΙΙ.
1334 2425 1359 2473 p.
1380 2404 1429 2463 55.
1451 2410 1526 2460 ltind.

302 2486 361 2536 Dio.
379 2488 457 2534 Cass.
475 2498 534 2533 exe.
551 2482 611 2533 Vei.
631 2476 674 2533 62.
693 2496 720 2543 p.
739 2474 798 2531 182.
822 2479 887 2529 bisi.
911 2478 986 2529 tinet.
1005 2480 1039 2529 de
1058 2479 1106 2532 uir.
1123 2480 1159 2531 ill.
1177 2473 1221 2532 38.
1246 2480 1324 2532 Oros.
1343 2481 1404 2541 1111,
1426 2478 1451 2535 7.
1478 2482 1525 2531 Zo-

301 2568 360 2606 m
374 2549 522 2690 be'eribr]
542 2618 685 2682 Hannibal)
703 2622 770 2682 Quid
782 2622 834 2671 boe
846 2622 905 2671 loco
925 2620 1002 2671 fuerit
1018 2620 1045 2671 in
1059 2620 1149 2671 codice
1162 2620 1230 2671 Petri
1243 2620 1362 2673 Danielis
1376 2582 1521 2691 antequam
1585 2551 1586 2610 i

301 2693 481 2744 emendatoris
499 2693 662 2757 experiretur
679 2707 786 2742 manum
809 2709 878 2743 nune
900 2692 1003 2756 quidem
1029 2694 1135 2758 propior
1158 2693 1259 2744 lituram
1284 2693 1388 2744 dinosci
1413 2696 1519 2762 nequii:

301 2765 350 2814 sed
369 2765 483 2827 apparet
500 2777 561 2812 eum
586 2777 645 2812 cum
669 2763 799 2814 alterutra
820 2765 979 2829 reliquorum
1003 2764 1121 2813 codicum
1144 2765 1246 2814 inmitia
1269 2768 1331 2816 ante
1355 2765 1518 2818 Hannibalis

299 2849 397 2884 nomen
416 2833 545 2882 habuisse
564 2835 610 2880 aut
627 2831 750 2899 reperior
766 2835 813 2882 aut
829 2831 969 2900 superiori.
1011 2838 1087 2895 Quae
1111 2851 1162 2886 trux
1187 2835 1280 2885 deinde
1303 2851 1356 2886 non
1378 2839 1442 2888 sine
1461 2855 1519 2908 gra·

300 2904 414 2952 ulssima
431 2915 516 2951 causa
534 2903 623 2951 deletu
641 2906 690 2951 est.
727 2903 895 2964 Insequentis
909 2919 1022 2969 namque
1035 2907 1149 2969 exempli
1161 2907 1248 2955 eeiaui
1267 2907 1374 2966 initium,
1396 2924 1449 2960 nec
1463 2911 1519 2959 sola

299 2975 336 3022 ibi
354 2974 514 3022 deteriorum
533 2972 651 3020 codicum
671 2973 802 3034 scriptura
821 2970 894 3024 Idem
912 2973 1059 3034 Hannibal,
1085 2977 1133 3026 sed
1156 2977 1300 3038 tiernensis
1323 2995 1433 3044 quoque
1457 2978 1518 3032 lieu

298 3039 441 3098 Hannibal.
459 3042 606 3092 luculenter
624 3041 744 3091 declarat
762 3044 900 3108 utrumqne
922 3048 1037 3096 astutiae
1061 3061 1148 3114 genus
1170 3063 1204 3098 ex
1226 3050 1343 3100 auctoris
1367 3055 1461 3103 mente
1487 3052 1517 3100 ad

299 3117 412 3166 eundem
431 3113 607 3163 Hannibalem
625 3113 766 3175 periinere,
786 3116 812 3164 et
831 3117 936 3181 nitidem
955 3119 988 3166 nd
1009 3119 1175 3168 notissimum
1194 3133 1319 3187 magnum
1337 3121 1424 3178 illurn.
1443 3125 1517 3173 euius

299 3186 367 3236 uafri
385 3199 475 3236 mores
493 3199 546 3234 non
564 3185 649 3234 semel
667 3185 791 3235 notantur
803 3201 821 3233 a
834 3187 950 3246 Valerio,
968 3189 1102 3249 eruentem,
1122 3190 1144 3238 si
1160 3191 1271 3239 alterum
1290 3193 1325 3240 ab
1344 3193 1398 3242 alio
1419 3196 1516 3244 editum

297 3260 422 3322 putasset
442 3257 568 3320 scriptor,
591 3255 650 3304 sine
673 3255 752 3305 dubie
776 3257 939 3307 diuersitatis
962 3259 1182 3327 significationem
1204 3261 1240 3310 ibi
1262 3263 1422 3323 adiecisset,
1447 3279 1517 3331 qnae

298 3331 404 3379 omnino
421 3328 578 3379 necessaria
595 3329 646 3384 est.
666 3327 688 3374 si
707 3341 737 3376 re
755 3340 822 3377 uera
839 3329 935 3391 prioris
959 3331 1075 3380 astutiae
1099 3335 1233 3382 erectorem
1259 3334 1405 3397 superioris
1424 3338 1516 3401 appet-

297 3400 397 3450 leiioue
415 3401 564 3450 distinctum
588 3398 742 3450 credideris.
787 3399 935 3449 Senserrmt
960 3400 1029 3450 hune
1049 3403 1240 3453 necessilatem
1265 3408 1448 3471 grammatici,
1474 3407 1516 3470 qui

297 3470 386 3520 inuitis
410 3472 546 3520 codicibus
573 3471 676 3530 absque
700 3469 770 3518 omni
794 3470 981 3532 probabilitate
1003 3472 1115 3535 proximi
1139 3475 1253 3538 exempli
1281 3475 1379 3525 initium
1404 3483 1516 3530 auctore

295 3540 391 3609 Ptghlo
408 3542 447 3590 ita
465 3542 611 3596 ediderunt,
630 3536 704 3590 Alter
721 3537 782 3589 item
799 3538 941 3594 Hannibal.
987 3539 1021 3591 At
1045 3543 1079 3592 do
1102 3545 1206 3594 duobus
1228 3545 1374 3596 Poenorum
1401 3550 1516 3601 ducibus

295 3623 330 3659 ne
348 3611 426 3660 Paris
444 3613 549 3671 quidem
570 3611 667 3660 Valerli
687 3613 770 3660 uerba
789 3611 978 3674 interpretatus
1004 3615 1058 3670 esi.
1084 3615 1126 3678 qui
1150 3616 1286 3678 utriusque
1309 3620 1427 3682 exempli
1444 3637 1516 3672 com·

296 3681 418 3739 pendium
437 3681 549 3744 simplici
565 3680 723 3730 llannibalis
740 3682 847 3731 nomine
867 3684 972 3746 incepit.
1008 3683 1117 3736 Accedit
1135 3687 1203 3750 quod
1225 3686 1346 3738 Vaierlns
1364 3693 1516 3754 superioris

295 3750 322 3797 ct
339 3749 494 3811 posterioris
513 3751 681 3800 distinctione
698 3765 752 3800 non
770 3765 836 3800 usus
855 3753 897 3802 esi
916 3756 949 3801 nd
969 3755 1159 3806 discernendos
1178 3759 1351 3825 cognomines
1368 3761 1443 3814 uiros
1461 3765 1516 3814 nisi

294 3818 320 3866 in
339 3817 490 3866 homiuibus
508 3833 595 3881 aequa
613 3822 683 3869 neiis
701 3823 782 3881 atque
800 3821 961 3877 illustribus.
986 3827 1015 3873 ui
1037 3825 1064 3875 ln
1087 3825 1255 3889 Scipionibus
1278 3829 1409 3882 Africanis
1434 3837 1462 3884 et
1488 3837 1515 3885 is

294 3887 446 3942 catonibus.
466 3888 510 3935 ubi
524 3890 644 3953 quisnam
657 3891 703 3940 illo
715 3891 896 3940 additamento
908 3892 1081 3959 insigniretur
1094 3899 1207 3947 dubitari
1220 3913 1272 3949 non
1285 3903 1396 3964 poterat.
1434 3907 1514 3965 Quod

293 3958 316 4007 sl
334 3959 373 4006 ite
390 3957 441 4011 est,
461 3971 540 4006 unum
559 3961 644 4008 restat
661 3961 690 4007 ni
706 3961 771 4010 illud
787 3959 910 4027 superior
927 3964 1071 4028 genuinum
1090 3970 1117 4018 el
1135 3969 1269 4030 antiquum
1288 3985 1352 4022 esse
1369 3988 1513 4042 negemus.
1583 3963 1584 3972 ἵ

293 4029 419 4092 Suspicor
430 4025 510 4093 igitur
522 4029 666 4090 ascriptum
681 4031 707 4078 id
719 4031 806 4080 tuisse
818 4034 854 4079 ab
866 4033 968 4082 erudito
980 4039 1095 4097 quodam
1115 4039 1230 4096 librarlo.
1251 4043 1302 4106 qui.
1321 4058 1380 4093 eum
1394 4048 1512 4110 priorem

291 4103 361 4152 hanc
379 4097 555 4148 narrationem
575 4111 626 4146 non
646 4101 679 4148 ad
699 4104 789 4150 tanturn
808 4102 881 4151 ilium
894 4103 1063 4166 llamilcaris,
1082 4111 1183 4160 ended
1203 4125 1264 4162 enm
1277 4113 1399 4165 Gisconis
1416 4118 1510 4178 fllium.

293 4174 336 4240 qui
353 4171 437 4236 primo
456 4166 555 4216 Punico
572 4167 643 4216 belle
663 4169 810 4220 Poenorum
829 4174 913 4222 eiussi
936 4181 1073 4239 praeerat,
1097 4182 1230 4244 pertinere
1248 4185 1343 4243 sciret.
1367 4187 1405 4237 ita
1421 4189 1510 4254 ipsius

290 4243 405 4294 auctoris
423 4237 605 4291 emendauerit
621 4251 747 4310 errorem.
764 4242 915 4303 pudendum
928 4248 1043 4309 quidem,
1063 4252 1218 4302 sinendum
1230 4255 1344 4306 omnium
1358 4272 1426 4320 quos
1435 4275 1507 4310 com·

289 4317 362 4366 rntsii
378 4311 568 4377 turpissimum.
604 4305 668 4358 Inde
687 4325 735 4358 cur
752 4310 851 4361 tactim
869 4316 905 4364 sit
922 4318 1064 4384 superiori,
1083 4322 1107 4370 si
1125 4325 1214 4374 tamen
1228 4325 1279 4375 hoe
1297 4331 1356 4377 erat
1367 4331 1394 4379 ln
1411 4333 1506 4382 arebe-

288 4389 364 4450 typo‚
382 4381 550 4434 nondlillcile
569 4382 612 4430 est
628 4381 786 4434 coniectare.
822 4383 883 4434 Seio
896 4387 923 4436 iu
936 4392 1171 4453 reprehensionem
1187 4409 1230 4446 me
1248 4409 1312 4446 esse
1330 4401 1504 4462 incursurum.

287 4457 359 4516 quod
377 4456 420 4506 uel
444 4457 576 4505 aduersus
597 4452 716 4502 codicum
740 4453 920 4506 testimenium
945 4461 999 4512 tate
1022 4466 1161 4527 peceatum
1185 4465 1369 4530 imputsuerirn
1393 4477 1501 4529 aunon.

285 4523 379 4585 Neque
397 4541 462 4576 uero
480 4526 558 4576 aliter
574 4523 647 4589 potui
665 4523 763 4575 lawre.
799 4527 849 4585 Qui
867 4526 968 4581 leniore
987 4535 1014 4582 et
1031 4535 1211 4598 probabiliore
1223 4540 1356 4592 medicina
1372 4544 1411 4595 ita
1427 4547 1502 4598 nsit.

283 4593 450 4721 mma-ee
468 4598 560 4655 uerba.
582 4597 804 4658 quemadmodum
822 4597 903 4649 scribi
921 4605 1063 4665 potuerunt
1087 4620 1106 4655 a
1130 4607 1251 4669 Valerio,
1275 4611 1301 4661 ei
1323 4615 1425 4678 primus
1442 4618 1500 4683 ipen
