3409 5400
607 502 693 573 ldB.
713 504 770 583 lli,
795 506 832 573 0.
855 509 888 586 2,
911 518 942 588 ⁸·
964 513 1020 579 24.
1357 519 1426 587 aei

202 662 245 732 ad
268 662 499 731 inuadendum
515 665 706 741 nitentibus,
735 669 878 754 quinque
900 670 1038 736 militum
1069 673 1186 737 diurno
1208 676 1334 760 proelio
1358 682 1427 743 suf·

200 771 327 835 iectura
341 768 410 855 pila
424 792 491 837 una
507 770 640 837 dextera
654 771 798 839 hostium
814 775 1005 859 corporibus
1023 777 1175 865 adegisti.
1213 779 1266 843 Ad
1279 782 1427 850 utimum

202 875 357 941 destricto
381 876 492 962 gladio
517 878 777 943 audacissimum
800 900 963 967 quemque
985 884 1085 947 modo
1108 884 1261 947 umbonis
1283 887 1426 971 inpulsu,

200 982 301 1049 modo
325 985 491 1049 mucronis
515 985 583 1049 ictu
605 983 784 1069 depellens,
807 986 884 1052 hinc
906 990 1085 1063 Romanis,
1115 990 1205 1055 illinc
1227 989 1426 1059 Britannicis

174 1088 307 1153 coedis
328 1090 528 1167 incredibili,
557 1092 622 1157 nisi
651 1094 848 1167 cernereris,
878 1096 1065 1180 spectaculo
1088 1097 1187 1163 suisti.
1245 1095 1427 1181 Postquam

202 1193 321 1271 deinde
345 1196 396 1261 ira
418 1218 456 1261 ao
480 1196 585 1282 pudor
608 1208 725 1261 cuncta
747 1200 862 1263 conari
884 1200 1005 1269 sessos.
1018 1203 1143 1287 coegit,
1169 1203 1298 1289 tragula
1319 1202 1426 1267 femur

203 1302 355 1371 traiectus
371 1302 507 1387 saxique
523 1303 669 1387 pondere
686 1326 746 1369 ora
760 1316 928 1379 contusus,
942 1306 1041 1392 galea
1055 1307 1123 1371 iam
1137 1308 1255 1373 ictibus
1271 1307 1426 1372 discussa

203 1420 235 1471 et
257 1417 350 1473 scuto
382 1408 504 1473 crebris
528 1409 745 1473 foraminibus
775 1408 965 1495 absumpto,
993 1412 1156 1497 profundo
1187 1423 1219 1476 tc
1246 1412 1425 1485 credidisti,

202 1535 251 1579 ac«
266 1512 394 1577 duabus
415 1513 526 1579 loricis
550 1525 688 1579 onustus
715 1516 798 1578 inter
826 1515 952 1590 undas,
979 1538 1063 1602 quas
1094 1516 1206 1581 hostili
1232 1538 1347 1581 cruore
1374 1520 1424 1581 iu·

164 1619 343 1693 misceres,
365 1620 482 1694 euasti,
505 1621 643 1705 uisoque
666 1621 863 1704 imperatore
886 1623 987 1687 armis
1010 1643 1078 1686 non
1101 1624 1235 1688 arnissis
1258 1622 1319 1687 sed
1342 1622 1425 1685 bene

201 1724 362 1808 inpensis,
385 1744 459 1789 cum
481 1722 614 1789 laudem
635 1726 818 1799 merereris,
842 1728 975 1791 ueniam
989 1729 1108 1812 petisti,
1129 1747 1274 1813 maguus
1289 1726 1425 1810 proelio,

203 1828 264 1893 sed
285 1830 392 1895 niaior
415 1828 608 1915 disciplinae
631 1829 781 1895 militaris
804 1834 975 1897 memoria.
1019 1830 1133 1919 ltaque
1156 1833 1199 1896 ab
1215 1834 1336 1917 optimo
1359 1833 1424 1895 uir·

203 1936 279 1999 tutis
303 1936 511 1999 aestimatore
536 1958 610 2001 cum
633 1936 720 1999 facta
751 1946 818 2001 tum
848 1938 945 2003 etiam
972 1939 1076 2003 uerba
1103 1949 1159 2004 tua
1180 1940 1424 2005 centurionatus

201 2040 328 2105 honore
352 2041 468 2107 donata
492 2052 577 2107 suut.

163 2165 193 2209 ss
291 2144 361 2211 Sed
384 2145 472 2231 quod
496 2146 540 2211 ad
562 2146 792 2232 proeliatorum
816 2148 1025 2213 excellentem
1048 2150 1269 2213 fortitudinem
1293 2149 1424 2224 adtinet,
1433 2155 1494 2223 24.

202 2254 317 2318 merito
339 2250 377 2318 1..
402 2252 490 2317 Sicci
510 2252 643 2317 Dentati
667 2255 932 2319 commemoratio
960 2256 1072 2319 omnia
1093 2256 1248 2321 Romana
1276 2253 1425 2338 exempla

205 2447 228 2500 1.
248 2448 413 2499 euadendum
432 2443 457 2497 B
476 2450 500 2497 et
513 2460 559 2513 pr.
577 2443 609 2505 A,
628 2444 656 2495 in
673 2446 790 2513 murpine
803 2462 856 2514 pro
873 2447 954 2499 corio
971 2447 1106 2515 scriptura
1123 2449 1141 2497 1·
1161 2448 1328 2498 euadendum
1345 2443 1378 2498 Γ.
1397 2448 1423 2497 tc

201 2518 379 2569 inuadendum
399 2529 467 2567 corr.
486 2514 519 2573 A,
541 2512 617 2567 Terr.
628 2512 684 2586 112.
702 2518 768 2583 pila]
789 2518 843 2567 teia
862 2516 892 2569 Γ.
907 2518 919 2583 ΙΙ
934 2520 1028 2568 dextra
1051 2516 1127 2570 Torr.
1146 2518 1159 2585 Η
1175 2512 1200 2568 3.
1226 2517 1345 2566 districto
1366 2511 1424 2566 Cl'.

208 2586 267 2657 ·ΙΙ4.
284 2588 431 2638 brittanici·
450 2584 482 2639 A.
494 2582 544 2656 115.
563 2588 626 2655 nisi]
647 2591 709 2639 dum
727 2585 821 2640 BCE.
833 2588 846 2655 ΙΙ
859 2593 1011 2640 cerneretur
1028 2586 1061 2641 Γ.
1081 2588 1093 2658 ΙΙ
1112 2590 1162 2639 init
1179 2584 1211 2639 Γ.
1231 2590 1244 2652 ΙΙ
1263 2582 1290 2637 b.
1315 2585 1422 2651 deinde]

203 2664 309 2712 demum
327 2656 361 2710 Ε.
374 2656 387 2725 ΙΙ
399 2652 424 2711 8.
443 2673 474 2709 se
493 2659 603 2709 credidit
621 2656 652 2714 Γ.
663 2658 687 2779 μ
699 2654 724 2710 ii.
744 2660 876 2709 honustus
894 2656 925 2710 A.
942 2658 956 2727 ΙΙ
971 2661 1101 2710 iniecerat
1121 2655 1152 2711 Γ.
1169 2656 1183 2724 ΙΙ
1204 2654 1244 2710 10.
1264 2657 1376 2708 suasisti
1397 2655 1425 2708 ia

202 2745 299 2783 rasura
318 2727 345 2781 C.
365 2729 455 2780 enauit
472 2727 503 2781 Γ.
527 2733 642 2780 enatasti
685 2744 738 2780 err.
756 2729 769 2796 ΙΙ
789 2727 828 2781 ll.
856 2732 966 2780 mereris
984 2727 1011 2781 Ε
1032 2734 1057 2780 et
1069 2744 1114 2797 pr.
1133 2727 1165 2780 A.
1191 2730 1338 2778 mereretur
1355 2724 1415 2848 ull

201 2804 277 2868 petiit
295 2795 405 2866 Γ.1113.
425 2799 496 2866 eum]
516 2801 571 2852 tum
589 2797 647 2853 ΕΓ
664 2805 688 2850 et
706 2813 775 2854 corr.
796 2797 859 2852 cl).
879 2799 891 2866 ΙΙ
909 2800 967 2865 tua]
993 2802 1051 2850 cius
1074 2797 1106 2853 Γ.
1118 2799 1131 2866 ΙΙ
1151 2795 1192 2850 il.
1216 2801 1280 2850 data
1296 2794 1382 2848 nbc
1416 2836 1423 2850 .

202 2867 381 2996 s'ilcildhsiccil
401 2869 485 2921 Sentii
502 2867 530 2920 ia
548 2883 645 2926 rasura
662 2867 692 2923 Α.
711 2869 819 2920 Sentius
829 2868 924 2922 Paridi
942 2876 988 2920 cst.
1008 2871 1102 2922 Sicinti
1119 2867 1230 2922 BTorr.
1261 2869 1371 2919 sicciuei
1388 2865 1423 2922 Ε.

273 3080 549 3134 steterentin.
574 3083 613 3140 X,
639 3078 688 3142 cb,
715 3097 772 3147 sqq.
799 3083 954 3134 Plinium
974 3079 1098 3142 vrbis,
1124 3077 1167 3134 29.
1192 3080 1223 3131 Α.
1244 3081 1310 3132 Geli.
1329 3079 1361 3135 il,
1384 3076 1423 3131 11.

201 3157 290 3206 Varro
316 3169 360 3216 ap.
383 3153 499 3221 Fuigent
522 3167 616 3218 expos.
642 3167 721 3203 senn.
746 3155 828 3215 antiq.
852 3169 877 3204 u.
902 3155 1043 3205 nefrendes
1068 3171 1094 3218 p.
1117 3155 1152 3202 X.
1175 3153 1288 3202 Lerscb.
1307 3151 1379 3202 cht,
1399 3167 1423 3201 u.

202 3223 379 3275 obsidionalis
398 3239 498 3272 corona
515 3239 541 3286 p.
564 3219 613 3272 190
633 3225 707 3274 Meti.

275 3290 309 3344 la.
321 3289 392 3342 Sicci
404 3289 525 3343 Dentati)
541 3291 688 3342 Dolendum
703 3296 745 3342 est
758 3294 815 3342 lulii
827 3295 931 3343 Paridis
941 3297 1084 3357 epitomen,
1097 3295 1229 3343 sincerum
1240 3295 1298 3340 eum
1309 3292 1424 3339 maxime

203 3363 339 3416 nominum
358 3363 523 3424 propriorum
544 3363 651 3418 iontem,
670 3377 723 3411 nou
743 3364 829 3412 solum
839 3364 928 3426 ipsum
937 3366 1087 3425 corruptum
1106 3378 1171 3412 osse
1189 3364 1216 3410 in
1234 3363 1286 3409 boc
1309 3361 1423 3414 nomine,

204 3438 239 3486 de
259 3447 310 3499 quo
328 3432 439 3481 muitum
457 3432 511 3480 iam
531 3433 677 3490 dubitatum
695 3435 752 3488 est,
773 3447 865 3481 uerum
883 3434 963 3481 etiarn
982 3433 1113 3481 delendae
1131 3433 1257 3490 antiquae
1276 3430 1424 3490 scripturae

204 3509 232 3556 in
245 3505 336 3556 codice
349 3502 479 3552 Beruensl
492 3513 602 3550 cerream
615 3503 746 3556 extitisse.
764 3503 924 3564 praesertim
936 3515 995 3550 curn
1009 3501 1168 3564 reliquorum
1180 3512 1287 3559 quoqne
1298 3498 1424 3545 librorum

206 3574 386 3626 testimonium
404 3573 441 3622 iia
459 3573 641 3636 perturbatum
660 3571 707 3628 sit,
734 3571 840 3638 utquid
868 3572 1030 3634 archetypus
1056 3570 1217 3623 exhibuerit,
1243 3565 1344 3615 dinosci
1368 3567 1425 3615 iere

207 3647 330 3708 nequeat.
366 3641 480 3700 Conicio,
500 3656 560 3690 cum
579 3643 745 3690 diuersarum
758 3639 918 3688 familiarum
937 3641 1000 3688 boni
1011 3639 1071 3687 libri
1088 3640 1115 3686 iu
1133 3653 1165 3687 co
1184 3637 1345 3698 conspirent,
1365 3651 1426 3685 eum

108 3765 113 3776 ,
206 3713 277 3768 Sicci
296 3716 342 3764 aut
359 3711 427 3765 Sicii
444 3713 597 3772 tradidisse,
617 3726 686 3775 quae
704 3711 810 3760 breuior
829 3711 916 3760 forma
933 3710 1046 3758 eliorum
1059 3723 1166 3772 quoque
1183 3707 1340 3769 scriptorum
1359 3707 1426 3755 satis

207 3789 284 3838 tirma
300 3785 390 3836 nititur
408 3785 574 3834 auctoritate.
619 3783 688 3832 Num
706 3783 812 3838 lineos
832 3783 876 3830 est
893 3780 1034 3843 Dionysio.
1078 3778 1177 3828 Sicium
1195 3778 1266 3840 apud
1283 3776 1350 3826 Plio.
1368 3775 1424 3834 vit,

206 3855 241 3910 28
259 3859 286 3908 et
303 3855 389 3913 xxu,
408 3850 425 3903 l
444 3855 470 3904 in
489 3854 597 3917 optimis
616 3853 752 3902 codicibus
770 3849 871 3902 inuenit
888 3849 1050 3900 llarduious.
1085 3849 1205 3898 Eundem
1224 3859 1289 3896 esse
1300 3845 1424 3902 Siccium,

207 3931 246 3980 sic
265 3929 335 3978 euim
353 3925 430 3976 codd.
449 3927 510 3976 Par.
529 3927 556 3974 et
574 3925 656 3982 Med,
679 3937 758 3988 quem
777 3922 870 3972 Liuius
888 3922 934 3977 ill,
952 3915 988 3970 ⁴3
1006 3919 1216 3970 decemuirorum
1233 3919 1328 3967 fraude
1345 3918 1425 3968 inter-

207 4001 323 4062 emptum
341 4011 405 4047 esse
424 3999 523 4050 narrat,
542 3996 617 4058 patet
634 3993 789 4056 comparato
807 3993 921 4057 Dionys.
929 3991 978 4047 XI,
999 3984 1035 4042 m
1053 4005 1112 4054 sqq.
1153 3989 1246 4050 Neque
1265 3989 1341 4038 aliter
1359 3989 1427 4038 Var-

207 4083 298 4122 ronem
328 4065 487 4129 scripsisse,
517 4066 591 4114 cuius
620 4065 799 4116 testimonium
824 4063 948 4113 Valerius
972 4062 999 4112 b.
1018 4061 1037 4110 1.
1059 4060 1233 4124 amplectitur¹
1259 4059 1426 4111 demonstrat

206 4137 456 4206 praestantissimus
469 4137 602 4204 i'uigcntii
620 4137 714 4194 codex,
734 4136 778 4198 qui
789 4131 883 4184 Sitiaas
894 4132 1004 4196 profert.
1039 4135 1128 4191 Quare
1145 4131 1197 4182 boc
1214 4146 1313 4181 nomeu
1329 4129 1356 4178 in
1374 4131 1427 4178 boo

207 4224 288 4274 opero
306 4207 502 4258 restituendum
517 4221 580 4256 csse
599 4209 700 4256 certum
719 4206 782 4254 mibi
803 4206 914 4254 uidetur.
943 4203 975 4254 Α.
989 4201 1065 4251 Gellii
1084 4216 1157 4259 nere,
1177 4204 1220 4266 qui
1232 4201 1333 4251 strenui
1347 4200 1425 4262 buius

206 4281 345 4332 bellatoris
364 4278 524 4327 mentionem
543 4277 569 4326 in
588 4278 661 4328 libris
674 4275 816 4325 annalibus
835 4275 935 4324 iactam
952 4285 1017 4324 csse
1030 4273 1076 4330 ait,
1094 4275 1123 4322 ct
1133 4271 1265 4320 Ammiani
1277 4267 1426 4317 Marcellini

206 4351 303 4418 (XXV,
322 4343 349 4404 3.
371 4341 403 4398 13
421 4351 448 4396 ct
466 4348 576 4405 xxvn,
598 4344 637 4404 10,
660 4341 711 4409 16.)
730 4347 917 4409 uiniquissimu
934 4347 962 4394 et
979 4344 1080 4406 optimu
1097 4343 1236 4404 exempla,
1255 4340 1335 4386 liuius
1353 4336 1427 4384 Vati·

207 4436 318 4488 canum,
341 4417 414 4468 illius
433 4419 603 4475 Vaticanum.
627 4417 756 4484 Regium,
780 4416 973 4467 Gottoriiauum
995 4413 1120 4463 Sicinium
1139 4413 1240 4460 babere
1259 4407 1381 4487 llertzius
1396 4406 1428 4486 ,et

207 4492 351 4544 liorkeiius
375 4489 453 4538 amici
478 4503 582 4538 mecum
601 4487 835 4538 communicarunt.
880 4485 951 4534 Nam
974 4485 1045 4548 apud
1069 4483 1179 4532 Festum
1203 4493 1233 4541 u.¹
1253 4475 1427 4556 obsidionalis

207 4578 308 4616 corona
332 4576 357 4624 p.
379 4553 430 4608 190
453 4559 528 4610 nteit.
552 4557 636 4610 Aldus
660 4555 786 4608 Sicinium
809 4557 966 4610 introduxit,
994 4570 1054 4602 cum
1080 4553 1108 4602 in
1131 4550 1222 4598 codice
1246 4545 1369 4626 Sergius.
1382 4545 1427 4626 sit,

207 4647 305 4688 nomen
323 4629 415 4680 militis
437 4646 455 4678 a
472 4629 556 4680 Plinio
579 4633 607 4680 et
625 4627 764 4678 Ammiano
788 4630 897 4692 propter
919 4625 1034 4675 similem
1057 4620 1236 4672 fortitudinem
1259 4613 1428 4699 ’cumlsrccro

207 4702 356 4772 comparati
376 4705 403 4752 et
422 4701 569 4766 compositi.
613 4704 688 4764 Quae
712 4697 907 4762 discrepantia,
930 4697 987 4746 tam
1008 4693 1101 4758 probis
1122 4689 1238 4742 testibus
1259 4701 1288 4758 m
1306 4685 1429 4739 diuersae
