<?xml version="1.0" encoding="UTF-8"?>
<!DOCTYPE html PUBLIC "-//W3C//DTD XHTML 1.0 Transitional//EN"
    "http://www.w3.org/TR/xhtml1/DTD/xhtml1-transitional.dtd">
<html xmlns="http://www.w3.org/1999/xhtml" xml:lang="en" lang="en">
 <head>
  <title>
</title>
<meta http-equiv="Content-Type" content="text/html;charset=utf-8" />
  <meta name='ocr-system' content='tesseract 3.04.00' />
  <meta name='ocr-capabilities' content='ocr_page ocr_carea ocr_par ocr_line ocrx_word'/>
</head>
<body>
  <div class='ocr_page' id='page_1' title='image "./valerimaximifac00parigoog_0332.png"; bbox 0 0 3409 5400; ppageno 0'>
   <div class='ocr_carea' id='block_1_1' title="bbox 571 502 1435 585">
    <p class='ocr_par' dir='ltr' id='par_1_1' title="bbox 571 502 1435 585">
     <span class='ocr_line' id='line_1_1' title="bbox 571 502 1435 585; baseline 0.002 -12"><span class='ocrx_word' id='word_1_1' title='bbox 571 502 655 574; x_wconf 86' lang='lat' dir='ltr'><strong>LIB.</strong></span> <span class='ocrx_word' id='word_1_2' title='bbox 677 504 748 585; x_wconf 87' lang='lat'>1111,</span> <span class='ocrx_word' id='word_1_3' title='bbox 771 504 808 573; x_wconf 80' lang='lat'><strong>0.</strong></span> <span class='ocrx_word' id='word_1_4' title='bbox 834 508 865 584; x_wconf 91' lang='lat'><strong>1,</strong></span> <span class='ocrx_word' id='word_1_5' title='bbox 888 515 919 585; x_wconf 65' lang='lat' dir='ltr'><strong>t.</strong></span> <span class='ocrx_word' id='word_1_6' title='bbox 941 506 1072 575; x_wconf 79' lang='lat'><strong>8-10.</strong></span> <span class='ocrx_word' id='word_1_7' title='bbox 1368 506 1435 577; x_wconf 80' lang='lat' dir='ltr'><strong>eit</strong></span> 
     </span>
    </p>
   </div>
   <div class='ocr_carea' id='block_1_2' title="bbox 113 668 1498 2047">
    <p class='ocr_par' dir='ltr' id='par_1_2' title="bbox 113 668 1498 2047">
     <span class='ocr_line' id='line_1_2' title="bbox 208 668 1434 756; baseline -0.002 -21"><span class='ocrx_word' id='word_1_8' title='bbox 208 688 276 735; x_wconf 89' lang='lat' dir='ltr'><strong>nun</strong></span> <span class='ocrx_word' id='word_1_9' title='bbox 309 686 487 755; x_wconf 84' lang='lat' dir='ltr'><strong>passurum</strong></span> <span class='ocrx_word' id='word_1_10' title='bbox 521 668 601 736; x_wconf 88' lang='lat' dir='ltr'><strong>lieri.</strong></span> <span class='ocrx_word' id='word_1_11' title='bbox 653 668 807 735; x_wconf 82' lang='lat' dir='ltr'>Libenter</span> <span class='ocrx_word' id='word_1_12' title='bbox 834 680 911 734; x_wconf 89' lang='lat' dir='ltr'><strong>tune</strong></span> <span class='ocrx_word' id='word_1_13' title='bbox 946 669 1132 756; x_wconf 78' lang='lat' dir='ltr'>opinionem</span> <span class='ocrx_word' id='word_1_14' title='bbox 1163 690 1260 735; x_wconf 88' lang='lat' dir='ltr'><strong>suam</strong></span> <span class='ocrx_word' id='word_1_15' title='bbox 1291 668 1434 755; x_wconf 90' lang='lat' dir='ltr'><strong>pupulus</strong></span> 
     </span>
     <span class='ocr_line' id='line_1_3' title="bbox 210 775 1434 865; baseline -0.002 -22"><span class='ocrx_word' id='word_1_16' title='bbox 210 776 379 843; x_wconf 87' lang='lat' dir='ltr'><strong>Romanus</strong></span> <span class='ocrx_word' id='word_1_17' title='bbox 404 798 425 841; x_wconf 87' lang='lat' dir='ltr'><strong>a</strong></span> <span class='ocrx_word' id='word_1_18' title='bbox 448 775 597 841; x_wconf 86' lang='lat' dir='ltr'><strong>Graccho</strong></span> <span class='ocrx_word' id='word_1_19' title='bbox 622 777 793 863; x_wconf 89' lang='lat' dir='ltr'><strong>deceptam</strong></span> <span class='ocrx_word' id='word_1_20' title='bbox 816 778 989 864; x_wconf 82' lang='lat' dir='ltr'><strong>cognouit,</strong></span> <span class='ocrx_word' id='word_1_21' title='bbox 1017 777 1340 865; x_wconf 76' lang='lat' dir='ltr'><strong>moderationemque</strong></span> <span class='ocrx_word' id='word_1_22' title='bbox 1363 778 1434 841; x_wconf 91' lang='lat' dir='ltr'><strong>eius</strong></span> 
     </span>
     <span class='ocr_line' id='line_1_4' title="bbox 211 883 738 970; baseline 0.008 -22"><span class='ocrx_word' id='word_1_23' title='bbox 211 884 319 951; x_wconf 79' lang='lat' dir='ltr'><strong>debita</strong></span> <span class='ocrx_word' id='word_1_24' title='bbox 340 883 438 949; x_wconf 90' lang='lat' dir='ltr'><strong>laude</strong></span> <span class='ocrx_word' id='word_1_25' title='bbox 460 895 655 970; x_wconf 88' lang='lat' dir='ltr'><strong>prosecutus</strong></span> <span class='ocrx_word' id='word_1_26' title='bbox 679 897 738 953; x_wconf 86' lang='lat' dir='ltr'><strong>est.</strong></span> 
     </span>
     <span class='ocr_line' id='line_1_5' title="bbox 299 985 1474 1079; baseline 0.001 -24"><span class='ocrx_word' id='word_1_27' title='bbox 299 992 402 1057; x_wconf 87' lang='lat' dir='ltr'><strong>Gaius</strong></span> <span class='ocrx_word' id='word_1_28' title='bbox 427 1012 557 1079; x_wconf 89' lang='lat' dir='ltr'><strong>quoque</strong></span> <span class='ocrx_word' id='word_1_29' title='bbox 582 992 738 1058; x_wconf 81' lang='lat' dir='ltr'><strong>Claudius</strong></span> <span class='ocrx_word' id='word_1_30' title='bbox 754 992 842 1059; x_wconf 90' lang='lat' dir='ltr'><strong>Nero</strong></span> <span class='ocrx_word' id='word_1_31' title='bbox 865 994 949 1058; x_wconf 90' lang='lat' dir='ltr'><strong>inter</strong></span> <span class='ocrx_word' id='word_1_32' title='bbox 972 1002 1081 1057; x_wconf 88' lang='lat' dir='ltr'><strong>cetera</strong></span> <span class='ocrx_word' id='word_1_33' title='bbox 1102 992 1299 1079; x_wconf 78' lang='lat' dir='ltr'><strong>praecipuae</strong></span> <span class='ocrx_word' id='word_1_34' title='bbox 1321 985 1474 1057; x_wconf 85' lang='lat' dir='ltr'><strong>mode-9.</strong></span> 
     </span>
     <span class='ocr_line' id='line_1_6' title="bbox 187 1096 1434 1187; baseline 0.002 -29"><span class='ocrx_word' id='word_1_35' title='bbox 187 1101 343 1165; x_wconf 83' lang='lat' dir='ltr'><strong>trationis</strong></span> <span class='ocrx_word' id='word_1_36' title='bbox 372 1100 523 1187; x_wconf 85' lang='lat' dir='ltr'><strong>exempla</strong></span> <span class='ocrx_word' id='word_1_37' title='bbox 549 1100 771 1165; x_wconf 89' lang='lat' dir='ltr'><strong>numerandus</strong></span> <span class='ocrx_word' id='word_1_38' title='bbox 802 1112 862 1167; x_wconf 88' lang='lat' dir='ltr'><strong>est.</strong></span> <span class='ocrx_word' id='word_1_39' title='bbox 906 1100 981 1167; x_wconf 92' lang='lat' dir='ltr'><strong>Liui</strong></span> <span class='ocrx_word' id='word_1_40' title='bbox 1002 1098 1198 1165; x_wconf 85' lang='lat' dir='ltr'><strong>Salinatoris</strong></span> <span class='ocrx_word' id='word_1_41' title='bbox 1226 1100 1262 1163; x_wconf 93' lang='lat' dir='ltr'><strong>in</strong></span> <span class='ocrx_word' id='word_1_42' title='bbox 1284 1096 1434 1163; x_wconf 87' lang='lat' dir='ltr'><strong>Hasdru·</strong></span> 
     </span>
     <span class='ocr_line' id='line_1_7' title="bbox 210 1206 1433 1295; baseline -0.002 -22"><span class='ocrx_word' id='word_1_43' title='bbox 210 1206 281 1273; x_wconf 89' lang='lat' dir='ltr'><strong>bale</strong></span> <span class='ocrx_word' id='word_1_44' title='bbox 311 1207 525 1294; x_wconf 90' lang='lat' dir='ltr'><strong>opprimendo</strong></span> <span class='ocrx_word' id='word_1_45' title='bbox 556 1208 680 1295; x_wconf 87' lang='lat' dir='ltr'><strong>gloriae</strong></span> <span class='ocrx_word' id='word_1_46' title='bbox 709 1208 873 1294; x_wconf 80' lang='lat' dir='ltr'><strong>particeps</strong></span> <span class='ocrx_word' id='word_1_47' title='bbox 900 1209 1016 1272; x_wconf 86' lang='lat' dir='ltr'><strong>fuerat.</strong></span> <span class='ocrx_word' id='word_1_48' title='bbox 1068 1206 1190 1273; x_wconf 84' lang='lat' dir='ltr'><strong>Tamen</strong></span> <span class='ocrx_word' id='word_1_49' title='bbox 1220 1228 1294 1270; x_wconf 91' lang='lat' dir='ltr'><strong>eum</strong></span> <span class='ocrx_word' id='word_1_50' title='bbox 1322 1206 1433 1270; x_wconf 89' lang='lat' dir='ltr'><strong>trium·</strong></span> 
     </span>
     <span class='ocr_line' id='line_1_8' title="bbox 210 1312 1433 1403; baseline -0.002 -26"><span class='ocrx_word' id='word_1_51' title='bbox 210 1312 366 1400; x_wconf 87' lang='lat' dir='ltr'><strong>phantem</strong></span> <span class='ocrx_word' id='word_1_52' title='bbox 398 1336 482 1403; x_wconf 91' lang='lat' dir='ltr'><strong>equo</strong></span> <span class='ocrx_word' id='word_1_53' title='bbox 512 1316 608 1402; x_wconf 88' lang='lat' dir='ltr'><strong>sequi</strong></span> <span class='ocrx_word' id='word_1_54' title='bbox 638 1337 738 1402; x_wconf 91' lang='lat' dir='ltr'><strong>quam</strong></span> <span class='ocrx_word' id='word_1_55' title='bbox 766 1314 945 1401; x_wconf 85' lang='lat' dir='ltr'><strong>triumpho,</strong></span> <span class='ocrx_word' id='word_1_56' title='bbox 978 1336 1075 1401; x_wconf 91' lang='lat' dir='ltr'><strong>quem</strong></span> <span class='ocrx_word' id='word_1_57' title='bbox 1103 1327 1238 1379; x_wconf 88' lang='lat' dir='ltr'><strong>senatus</strong></span> <span class='ocrx_word' id='word_1_58' title='bbox 1267 1314 1299 1376; x_wconf 90' lang='lat' dir='ltr'><strong>ei</strong></span> <span class='ocrx_word' id='word_1_59' title='bbox 1329 1332 1433 1398; x_wconf 92' lang='lat' dir='ltr'><strong>aeque</strong></span> 
     </span>
     <span class='ocr_line' id='line_1_9' title="bbox 210 1419 1436 1509; baseline -0.003 -25"><span class='ocrx_word' id='word_1_60' title='bbox 210 1419 415 1497; x_wconf 87' lang='lat' dir='ltr'><strong>decreuerat,</strong></span> <span class='ocrx_word' id='word_1_61' title='bbox 442 1424 489 1486; x_wconf 90' lang='lat' dir='ltr'><strong>uti</strong></span> <span class='ocrx_word' id='word_1_62' title='bbox 512 1421 640 1495; x_wconf 78' lang='lat' dir='ltr'><strong>maluit,</strong></span> <span class='ocrx_word' id='word_1_63' title='bbox 671 1424 749 1509; x_wconf 90' lang='lat' dir='ltr'><strong>quia</strong></span> <span class='ocrx_word' id='word_1_64' title='bbox 776 1444 830 1487; x_wconf 89' lang='lat' dir='ltr'><strong>res</strong></span> <span class='ocrx_word' id='word_1_65' title='bbox 859 1424 893 1486; x_wconf 91' lang='lat' dir='ltr'><strong>in</strong></span> <span class='ocrx_word' id='word_1_66' title='bbox 922 1422 1092 1509; x_wconf 84' lang='lat' dir='ltr'><strong>prouincia</strong></span> <span class='ocrx_word' id='word_1_67' title='bbox 1113 1420 1309 1486; x_wconf 86' lang='lat' dir='ltr'><strong>Salinatoris</strong></span> <span class='ocrx_word' id='word_1_68' title='bbox 1340 1428 1436 1505; x_wconf 83' lang='lat' dir='ltr'><strong>gesta</strong></span> 
     </span>
     <span class='ocr_line' id='line_1_10' title="bbox 212 1524 1434 1616; baseline -0.001 -25"><span class='ocrx_word' id='word_1_69' title='bbox 212 1538 295 1604; x_wconf 85' lang='lat' dir='ltr'><strong>erat,</strong></span> <span class='ocrx_word' id='word_1_70' title='bbox 335 1540 432 1616; x_wconf 89' lang='lat' dir='ltr'><strong>atque</strong></span> <span class='ocrx_word' id='word_1_71' title='bbox 467 1531 513 1594; x_wconf 91' lang='lat' dir='ltr'><strong>ita</strong></span> <span class='ocrx_word' id='word_1_72' title='bbox 547 1531 619 1594; x_wconf 89' lang='lat' dir='ltr'><strong>sine</strong></span> <span class='ocrx_word' id='word_1_73' title='bbox 654 1551 750 1593; x_wconf 90' lang='lat' dir='ltr'><strong>curru</strong></span> <span class='ocrx_word' id='word_1_74' title='bbox 786 1528 1017 1615; x_wconf 88' lang='lat' dir='ltr'><strong>triumphauit,</strong></span> <span class='ocrx_word' id='word_1_75' title='bbox 1058 1548 1098 1592; x_wconf 91' lang='lat' dir='ltr'><strong>co</strong></span> <span class='ocrx_word' id='word_1_76' title='bbox 1138 1528 1270 1614; x_wconf 90' lang='lat' dir='ltr'><strong>quidem</strong></span> <span class='ocrx_word' id='word_1_77' title='bbox 1303 1524 1434 1599; x_wconf 82' lang='lat' dir='ltr'><strong>clarius,</strong></span> 
     </span>
     <span class='ocr_line' id='line_1_11' title="bbox 174 1630 1434 1721; baseline -0.002 -23"><span class='ocrx_word' id='word_1_78' title='bbox 174 1633 299 1721; x_wconf 81' lang='lat' dir='ltr'><strong>ruquod</strong></span> <span class='ocrx_word' id='word_1_79' title='bbox 319 1634 405 1701; x_wconf 90' lang='lat' dir='ltr'><strong>illius</strong></span> <span class='ocrx_word' id='word_1_80' title='bbox 427 1637 567 1703; x_wconf 91' lang='lat' dir='ltr'><strong>uictoria</strong></span> <span class='ocrx_word' id='word_1_81' title='bbox 588 1636 813 1703; x_wconf 88' lang='lat' dir='ltr'><strong>tantummodo</strong></span> <span class='ocrx_word' id='word_1_82' title='bbox 835 1636 1049 1711; x_wconf 84' lang='lat' dir='ltr'><strong>laudabatur,</strong></span> <span class='ocrx_word' id='word_1_83' title='bbox 1077 1633 1174 1700; x_wconf 89' lang='lat' dir='ltr'><strong>huius</strong></span> <span class='ocrx_word' id='word_1_84' title='bbox 1197 1635 1296 1699; x_wconf 86' lang='lat' dir='ltr'><strong>etiam</strong></span> <span class='ocrx_word' id='word_1_85' title='bbox 1321 1630 1434 1697; x_wconf 90' lang='lat' dir='ltr'><strong>mode·</strong></span> 
     </span>
     <span class='ocr_line' id='line_1_12' title="bbox 113 1743 303 1808; baseline 0.005 -2"><span class='ocrx_word' id='word_1_86' title='bbox 113 1774 120 1784; x_wconf 94' lang='lat'><strong>·</strong></span> <span class='ocrx_word' id='word_1_87' title='bbox 208 1743 303 1808; x_wconf 86' lang='lat' dir='ltr'><strong>ratio.</strong></span> 
     </span>
     <span class='ocr_line' id='line_1_13' title="bbox 298 1848 1498 1939; baseline -0.004 -24"><span class='ocrx_word' id='word_1_88' title='bbox 298 1848 348 1915; x_wconf 92' lang='lat' dir='ltr'><strong>Ne</strong></span> <span class='ocrx_word' id='word_1_89' title='bbox 376 1848 554 1917; x_wconf 68' lang='lat' dir='ltr'><strong>Ati&#39;ioanus</strong></span> <span class='ocrx_word' id='word_1_90' title='bbox 584 1850 715 1939; x_wconf 88' lang='lat' dir='ltr'><strong>quidem</strong></span> <span class='ocrx_word' id='word_1_91' title='bbox 743 1855 906 1938; x_wconf 85' lang='lat' dir='ltr'><strong>posterior</strong></span> <span class='ocrx_word' id='word_1_92' title='bbox 936 1874 1000 1918; x_wconf 91' lang='lat' dir='ltr'><strong>nos</strong></span> <span class='ocrx_word' id='word_1_93' title='bbox 1029 1850 1070 1916; x_wconf 92' lang='lat' dir='ltr'><strong>de</strong></span> <span class='ocrx_word' id='word_1_94' title='bbox 1101 1872 1139 1917; x_wconf 89' lang='lat' dir='ltr'><strong>se</strong></span> <span class='ocrx_word' id='word_1_95' title='bbox 1167 1860 1276 1915; x_wconf 91' lang='lat' dir='ltr'><strong>tacere</strong></span> <span class='ocrx_word' id='word_1_96' title='bbox 1303 1848 1434 1934; x_wconf 90' lang='lat' dir='ltr'><strong>patitur.</strong></span> <span class='ocrx_word' id='word_1_97' title='bbox 1446 1853 1498 1921; x_wconf 78' lang='lat'><strong>10,</strong></span> 
     </span>
     <span class='ocr_line' id='line_1_14' title="bbox 209 1955 1435 2047; baseline -0.004 -25"><span class='ocrx_word' id='word_1_98' title='bbox 209 1955 283 2039; x_wconf 80' lang='lat' dir='ltr'><strong>Qui·</strong></span> <span class='ocrx_word' id='word_1_99' title='bbox 306 1978 440 2035; x_wconf 87' lang='lat' dir='ltr'><strong>censor,</strong></span> <span class='ocrx_word' id='word_1_100' title='bbox 475 1982 550 2025; x_wconf 91' lang='lat' dir='ltr'><strong>cum</strong></span> <span class='ocrx_word' id='word_1_101' title='bbox 584 1959 724 2025; x_wconf 87' lang='lat' dir='ltr'><strong>lustrum</strong></span> <span class='ocrx_word' id='word_1_102' title='bbox 755 1960 911 2025; x_wconf 86' lang='lat' dir='ltr'><strong>conderet</strong></span> <span class='ocrx_word' id='word_1_103' title='bbox 940 1961 1041 2047; x_wconf 91' lang='lat' dir='ltr'><strong>inque</strong></span> <span class='ocrx_word' id='word_1_104' title='bbox 1068 1958 1240 2024; x_wconf 78' lang='lat' dir='ltr'><strong>solitaurili</strong></span> <span class='ocrx_word' id='word_1_105' title='bbox 1271 1955 1435 2022; x_wconf 83' lang='lat' dir='ltr'><strong>sacrificio</strong></span> 
     </span>
    </p>
   </div>
   <div class='ocr_carea' id='block_1_3' title="bbox 211 2110 1436 2684">
    <p class='ocr_par' dir='ltr' id='par_1_3' title="bbox 211 2110 1436 2684">
     <span class='ocr_line' id='line_1_15' title="bbox 213 2110 1424 2186; baseline -0.002 -17"><span class='ocrx_word' id='word_1_106' title='bbox 213 2112 237 2169; x_wconf 84' lang='lat' dir='ltr'><strong>l.</strong></span> <span class='ocrx_word' id='word_1_107' title='bbox 256 2135 308 2170; x_wconf 90' lang='lat' dir='ltr'><strong>uon</strong></span> <span class='ocrx_word' id='word_1_108' title='bbox 327 2134 358 2170; x_wconf 85' lang='lat' dir='ltr'><strong>se</strong></span> <span class='ocrx_word' id='word_1_109' title='bbox 377 2121 434 2171; x_wconf 86' lang='lat' dir='ltr'><strong>lieri</strong></span> <span class='ocrx_word' id='word_1_110' title='bbox 451 2136 596 2186; x_wconf 86' lang='lat' dir='ltr'><strong>passurum</strong></span> <span class='ocrx_word' id='word_1_111' title='bbox 618 2118 694 2173; x_wconf 84' lang='lat' dir='ltr'><strong>Torr.</strong></span> <span class='ocrx_word' id='word_1_112' title='bbox 718 2117 777 2172; x_wconf 85' lang='lat' dir='ltr'><strong>Vid.</strong></span> <span class='ocrx_word' id='word_1_113' title='bbox 797 2118 833 2172; x_wconf 86' lang='lat' dir='ltr'><strong>ud</strong></span> <span class='ocrx_word' id='word_1_114' title='bbox 850 2118 917 2177; x_wconf 80' lang='lat' dir='ltr'><strong>llll,</strong></span> <span class='ocrx_word' id='word_1_115' title='bbox 939 2119 964 2174; x_wconf 82' lang='lat' dir='ltr'><strong>i,</strong></span> <span class='ocrx_word' id='word_1_116' title='bbox 985 2125 1035 2172; x_wconf 80' lang='lat' dir='ltr'><strong>eat.</strong></span> <span class='ocrx_word' id='word_1_117' title='bbox 1055 2116 1080 2170; x_wconf 85' lang='grc'><strong>7.</strong></span> <span class='ocrx_word' id='word_1_118' title='bbox 1098 2117 1111 2185; x_wconf 92' lang='grc' dir='ltr'><strong>ΙΙ</strong></span> <span class='ocrx_word' id='word_1_119' title='bbox 1129 2114 1155 2173; x_wconf 77' lang='lat' dir='ltr'><strong>l.</strong></span> <span class='ocrx_word' id='word_1_120' title='bbox 1174 2132 1280 2181; x_wconf 89' lang='lat' dir='ltr'><strong>quoque</strong></span> <span class='ocrx_word' id='word_1_121' title='bbox 1298 2130 1348 2167; x_wconf 81' lang='lat' dir='ltr'><strong>um.</strong></span> <span class='ocrx_word' id='word_1_122' title='bbox 1367 2110 1398 2167; x_wconf 88' lang='grc' dir='ltr'><strong>Γ.</strong></span> <span class='ocrx_word' id='word_1_123' title='bbox 1409 2110 1424 2177; x_wconf 84' lang='grc' dir='ltr'><strong>ΙΙ</strong></span> 
     </span>
     <span class='ocr_line' id='line_1_16' title="bbox 211 2182 1425 2260; baseline -0.006 -17"><span class='ocrx_word' id='word_1_124' title='bbox 211 2192 373 2255; x_wconf 81' lang='lat' dir='ltr'><strong>praecipuae</strong></span> <span class='ocrx_word' id='word_1_125' title='bbox 392 2206 440 2244; x_wconf 84' lang='lat' dir='ltr'><strong>om.</strong></span> <span class='ocrx_word' id='word_1_126' title='bbox 459 2190 491 2245; x_wconf 74' lang='lat' dir='ltr'><strong>F.</strong></span> <span class='ocrx_word' id='word_1_127' title='bbox 503 2192 517 2260; x_wconf 81' lang='grc' dir='ltr'><strong>ΙΙ</strong></span> <span class='ocrx_word' id='word_1_128' title='bbox 533 2188 559 2245; x_wconf 83' lang='grc'><strong>6.</strong></span> <span class='ocrx_word' id='word_1_129' title='bbox 579 2192 702 2243; x_wconf 76' lang='lat' dir='ltr'><strong>Attamen</strong></span> <span class='ocrx_word' id='word_1_130' title='bbox 724 2189 801 2243; x_wconf 80' lang='lat' dir='ltr'><strong>Turr.</strong></span> <span class='ocrx_word' id='word_1_131' title='bbox 821 2191 832 2259; x_wconf 81' lang='grc' dir='ltr'><strong>ΙΙ</strong></span> <span class='ocrx_word' id='word_1_132' title='bbox 854 2190 879 2242; x_wconf 81' lang='lat' dir='ltr'><strong>l.</strong></span> <span class='ocrx_word' id='word_1_133' title='bbox 896 2192 1031 2256; x_wconf 89' lang='lat' dir='ltr'><strong>triumphu</strong></span> <span class='ocrx_word' id='word_1_134' title='bbox 1050 2189 1140 2257; x_wconf 87' lang='lat' dir='ltr'><strong>quem]</strong></span> <span class='ocrx_word' id='word_1_135' title='bbox 1161 2190 1348 2252; x_wconf 80' lang='lat' dir='ltr'><strong>triumphoque</strong></span> <span class='ocrx_word' id='word_1_136' title='bbox 1365 2182 1398 2236; x_wconf 86' lang='grc' dir='ltr'><strong>Β.</strong></span> <span class='ocrx_word' id='word_1_137' title='bbox 1410 2182 1425 2249; x_wconf 83' lang='grc' dir='ltr'><strong>ΙΙ</strong></span> 
     </span>
     <span class='ocr_line' id='line_1_17' title="bbox 212 2255 1434 2402; baseline -0.004 -20"><span class='ocrx_word' id='word_1_138' title='bbox 212 2260 758 2401; x_wconf 58' lang='lat' dir='ltr'><strong>i?¹¹ti¹5ltiidi.iit&#39;ii&#39;ati&#39;ii</strong></span> <span class='ocrx_word' id='word_1_139' title='bbox 770 2255 1434 2402; x_wconf 62' lang='lat' dir='ltr'><strong>liiiattittf&#39;ai.ittiilis‘itim‘t</strong></span> 
     </span>
     <span class='ocr_line' id='line_1_18' title="bbox 222 2392 1434 2482; baseline -0.006 -28"><span class='ocrx_word' id='word_1_140' title='bbox 222 2400 236 2471; x_wconf 90' lang='grc' dir='ltr'><strong>ΙΙ</strong></span> <span class='ocrx_word' id='word_1_141' title='bbox 247 2400 272 2455; x_wconf 85' lang='grc'><strong>9.</strong></span> <span class='ocrx_word' id='word_1_142' title='bbox 292 2404 360 2471; x_wconf 83' lang='lat' dir='ltr'><strong>erat]</strong></span> <span class='ocrx_word' id='word_1_143' title='bbox 380 2420 429 2459; x_wconf 84' lang='lat' dir='ltr'><strong>om.</strong></span> <span class='ocrx_word' id='word_1_144' title='bbox 447 2402 535 2458; x_wconf 85' lang='lat' dir='ltr'><strong><em>BCF.</em></strong></span> <span class='ocrx_word' id='word_1_145' title='bbox 555 2408 642 2456; x_wconf 83' lang='lat' dir='ltr'><strong>iuerat</strong></span> <span class='ocrx_word' id='word_1_146' title='bbox 653 2404 730 2456; x_wconf 79' lang='lat' dir='ltr'><strong>Turr.</strong></span> <span class='ocrx_word' id='word_1_147' title='bbox 744 2402 756 2475; x_wconf 82' lang='grc' dir='ltr'><strong>ΙΙ</strong></span> <span class='ocrx_word' id='word_1_148' title='bbox 771 2408 850 2471; x_wconf 88' lang='lat' dir='ltr'><strong>atque</strong></span> <span class='ocrx_word' id='word_1_149' title='bbox 863 2406 912 2471; x_wconf 85' lang='lat' dir='ltr'><strong>ita]</strong></span> <span class='ocrx_word' id='word_1_150' title='bbox 932 2408 1013 2468; x_wconf 88' lang='lat' dir='ltr'><strong>atque</strong></span> <span class='ocrx_word' id='word_1_151' title='bbox 1025 2406 1050 2454; x_wconf 92' lang='lat' dir='ltr'><strong>is</strong></span> <span class='ocrx_word' id='word_1_152' title='bbox 1061 2401 1094 2455; x_wconf 77' lang='lat' dir='ltr'><strong>A.</strong></span> <span class='ocrx_word' id='word_1_153' title='bbox 1106 2417 1155 2453; x_wconf 82' lang='lat' dir='ltr'><strong>ura.</strong></span> <span class='ocrx_word' id='word_1_154' title='bbox 1168 2398 1194 2451; x_wconf 89' lang='grc' dir='ltr'><strong>Β</strong></span> <span class='ocrx_word' id='word_1_155' title='bbox 1202 2395 1257 2451; x_wconf 84' lang='grc'><strong>01)</strong></span> <span class='ocrx_word' id='word_1_156' title='bbox 1277 2470 1284 2482; x_wconf 41' lang='lat'>&#39;</span> <span class='ocrx_word' id='word_1_157' title='bbox 1296 2394 1322 2448; x_wconf 81' lang='lat' dir='ltr'><em>F</em></span> <span class='ocrx_word' id='word_1_158' title='bbox 1324 2394 1350 2448; x_wconf 84' lang='grc' dir='ltr'><em>Γ</em></span> <span class='ocrx_word' id='word_1_159' title='bbox 1357 2392 1434 2447; x_wconf 82' lang='lat' dir='ltr'><strong>Turr.</strong></span> 
     </span>
     <span class='ocr_line' id='line_1_19' title="bbox 221 2462 1435 2551; baseline -0.01 -24"><span class='ocrx_word' id='word_1_160' title='bbox 221 2475 227 2543; x_wconf 83' lang='grc' dir='ltr'>Ι</span> <span class='ocrx_word' id='word_1_161' title='bbox 247 2476 334 2542; x_wconf 86' lang='lat' dir='ltr'><strong>curru]</strong></span> <span class='ocrx_word' id='word_1_162' title='bbox 355 2474 417 2529; x_wconf 84' lang='lat' dir='ltr'><strong>odd.</strong></span> <span class='ocrx_word' id='word_1_163' title='bbox 437 2492 503 2545; x_wconf 76' lang='lat' dir='ltr'><strong>ergo</strong></span> <span class='ocrx_word' id='word_1_164' title='bbox 521 2474 659 2530; x_wconf 75' lang='lat' dir='ltr'><strong>EFTur-r.</strong></span> <span class='ocrx_word' id='word_1_165' title='bbox 671 2474 685 2542; x_wconf 76' lang='lat' dir='ltr'><strong>ll</strong></span> <span class='ocrx_word' id='word_1_166' title='bbox 699 2475 740 2529; x_wconf 84' lang='lat' dir='ltr'><strong>lli.</strong></span> <span class='ocrx_word' id='word_1_167' title='bbox 759 2494 811 2543; x_wconf 90' lang='lat' dir='ltr'><strong>quo</strong></span> <span class='ocrx_word' id='word_1_168' title='bbox 829 2475 861 2530; x_wconf 81' lang='lat' dir='ltr'><strong>F.</strong></span> <span class='ocrx_word' id='word_1_169' title='bbox 873 2475 887 2541; x_wconf 92' lang='grc' dir='ltr'><strong>ΙΙ</strong></span> <span class='ocrx_word' id='word_1_170' title='bbox 904 2479 1006 2527; x_wconf 88' lang='lat' dir='ltr'><strong>tantum</strong></span> <span class='ocrx_word' id='word_1_171' title='bbox 1023 2476 1148 2525; x_wconf 73' lang='lat' dir='ltr'><strong>medetur</strong></span> <span class='ocrx_word' id='word_1_172' title='bbox 1165 2470 1201 2523; x_wconf 86' lang='lat' dir='ltr'><strong>E.</strong></span> <span class='ocrx_word' id='word_1_173' title='bbox 1219 2470 1232 2537; x_wconf 92' lang='grc' dir='ltr'><strong>ΙΙ</strong></span> <span class='ocrx_word' id='word_1_174' title='bbox 1249 2466 1341 2533; x_wconf 77' lang='lat' dir='ltr'><strong>eham]</strong></span> <span class='ocrx_word' id='word_1_175' title='bbox 1362 2462 1435 2551; x_wconf 64' lang='lat' dir='ltr'><strong>eta.</strong></span> 
     </span>
     <span class='ocr_line' id='line_1_20' title="bbox 224 2537 1436 2617; baseline -0.01 -18"><span class='ocrx_word' id='word_1_176' title='bbox 224 2544 230 2617; x_wconf 85' lang='grc' dir='ltr'>Ι</span> <span class='ocrx_word' id='word_1_177' title='bbox 254 2544 294 2600; x_wconf 79' lang='lat'><strong>12.</strong></span> <span class='ocrx_word' id='word_1_178' title='bbox 314 2549 354 2599; x_wconf 88' lang='lat' dir='ltr'><strong>Ne</strong></span> <span class='ocrx_word' id='word_1_179' title='bbox 372 2576 407 2585; x_wconf 98' lang='lat'><em>-</em></span> <span class='ocrx_word' id='word_1_180' title='bbox 425 2550 531 2613; x_wconf 86' lang='lat' dir='ltr'><strong>patitur.</strong></span> <span class='ocrx_word' id='word_1_181' title='bbox 568 2547 629 2614; x_wconf 84' lang='lat' dir='ltr'><strong>Qui}</strong></span> <span class='ocrx_word' id='word_1_182' title='bbox 650 2548 790 2599; x_wconf 80' lang='lat' dir='ltr'><strong>Africanus</strong></span> <span class='ocrx_word' id='word_1_183' title='bbox 809 2549 943 2611; x_wconf 85' lang='lat' dir='ltr'><strong>posterior</strong></span> <span class='ocrx_word' id='word_1_184' title='bbox 960 2546 992 2599; x_wconf 82' lang='grc' dir='ltr'><strong>Γ.</strong></span> <span class='ocrx_word' id='word_1_185' title='bbox 1006 2545 1019 2616; x_wconf 79' lang='grc' dir='ltr'><strong>ΙΙ</strong></span> <span class='ocrx_word' id='word_1_186' title='bbox 1041 2540 1081 2597; x_wconf 81' lang='grc'><strong>13.</strong></span> <span class='ocrx_word' id='word_1_187' title='bbox 1106 2545 1202 2594; x_wconf 84' lang='lat' dir='ltr'><strong>solitae</strong></span> <span class='ocrx_word' id='word_1_188' title='bbox 1226 2541 1277 2592; x_wconf 89' lang='lat' dir='ltr'><strong>uiri</strong></span> <span class='ocrx_word' id='word_1_189' title='bbox 1297 2537 1330 2591; x_wconf 82' lang='grc' dir='ltr'><strong>Δ.</strong></span> <span class='ocrx_word' id='word_1_190' title='bbox 1354 2538 1436 2590; x_wconf 78' lang='lat' dir='ltr'><strong>solita</strong></span> 
     </span>
     <span class='ocr_line' id='line_1_21' title="bbox 211 2610 1262 2684; baseline -0.005 -15"><span class='ocrx_word' id='word_1_191' title='bbox 211 2620 261 2671; x_wconf 90' lang='lat' dir='ltr'><strong>uiri</strong></span> <span class='ocrx_word' id='word_1_192' title='bbox 278 2617 340 2673; x_wconf 84' lang='lat' dir='ltr'><strong>BC.</strong></span> <span class='ocrx_word' id='word_1_193' title='bbox 360 2621 438 2671; x_wconf 87' lang='lat' dir='ltr'><strong>solito</strong></span> <span class='ocrx_word' id='word_1_194' title='bbox 456 2620 514 2671; x_wconf 83' lang='lat' dir='ltr'><strong>fleri</strong></span> <span class='ocrx_word' id='word_1_195' title='bbox 532 2616 646 2671; x_wconf 83' lang='lat' dir='ltr'><strong>DTorr.</strong></span> <span class='ocrx_word' id='word_1_196' title='bbox 665 2620 743 2670; x_wconf 86' lang='lat' dir='ltr'><strong>solito</strong></span> <span class='ocrx_word' id='word_1_197' title='bbox 762 2616 823 2673; x_wconf 82' lang='lat' dir='ltr'><strong>EF.</strong></span> <span class='ocrx_word' id='word_1_198' title='bbox 843 2621 923 2670; x_wconf 86' lang='lat' dir='ltr'><strong>solito</strong></span> <span class='ocrx_word' id='word_1_199' title='bbox 940 2620 991 2669; x_wconf 90' lang='lat' dir='ltr'><strong>uiri</strong></span> <span class='ocrx_word' id='word_1_200' title='bbox 1008 2616 1041 2670; x_wconf 84' lang='grc' dir='ltr'><strong>Γ.</strong></span> <span class='ocrx_word' id='word_1_201' title='bbox 1051 2615 1065 2684; x_wconf 89' lang='grc' dir='ltr'><strong>ΙΙ</strong></span> <span class='ocrx_word' id='word_1_202' title='bbox 1078 2616 1211 2667; x_wconf 79' lang='lat' dir='ltr'><strong>sacrificia</strong></span> <span class='ocrx_word' id='word_1_203' title='bbox 1227 2610 1262 2665; x_wconf 86' lang='grc' dir='ltr'><strong>Β.</strong></span> 
     </span>
    </p>
   </div>
   <div class='ocr_carea' id='block_1_4' title="bbox 129 2755 1438 4827">
    <p class='ocr_par' dir='ltr' id='par_1_4' title="bbox 210 2755 1438 3615">
     <span class='ocr_line' id='line_1_22' title="bbox 213 2755 1436 2833; baseline -0.008 -19"><span class='ocrx_word' id='word_1_204' title='bbox 213 2765 289 2814; x_wconf 87' lang='lat' dir='ltr'><strong>uibus</strong></span> <span class='ocrx_word' id='word_1_205' title='bbox 307 2763 496 2828; x_wconf 82' lang='lat' dir='ltr'><strong>manuscriptis</strong></span> <span class='ocrx_word' id='word_1_206' title='bbox 520 2759 628 2814; x_wconf 75' lang='lat' dir='ltr'><strong>eandm</strong></span> <span class='ocrx_word' id='word_1_207' title='bbox 650 2761 736 2833; x_wconf 79' lang='lat' dir='ltr'><strong>ipsam</strong></span> <span class='ocrx_word' id='word_1_208' title='bbox 760 2765 896 2815; x_wconf 79' lang='lat' dir='ltr'><strong>exhibent</strong></span> <span class='ocrx_word' id='word_1_209' title='bbox 931 2764 1021 2823; x_wconf 80' lang='lat' dir='ltr'><strong>Quod.</strong></span> <span class='ocrx_word' id='word_1_210' title='bbox 1045 2777 1106 2812; x_wconf 90' lang='lat' dir='ltr'><strong>eum</strong></span> <span class='ocrx_word' id='word_1_211' title='bbox 1128 2759 1251 2810; x_wconf 86' lang='lat' dir='ltr'><strong>absolute</strong></span> <span class='ocrx_word' id='word_1_212' title='bbox 1274 2756 1355 2808; x_wconf 83' lang='lat' dir='ltr'><strong>etiam</strong></span> <span class='ocrx_word' id='word_1_213' title='bbox 1376 2755 1436 2806; x_wconf 85' lang='lat' dir='ltr'><strong>duci</strong></span> 
     </span>
     <span class='ocr_line' id='line_1_23' title="bbox 213 2826 1437 2900; baseline 0.002 -16"><span class='ocrx_word' id='word_1_214' title='bbox 213 2836 361 2886; x_wconf 73' lang='lat' dir='ltr'><strong>dicerentur</strong></span> <span class='ocrx_word' id='word_1_215' title='bbox 379 2835 423 2900; x_wconf 90' lang='lat' dir='ltr'><strong>qui</strong></span> <span class='ocrx_word' id='word_1_216' title='bbox 442 2837 468 2886; x_wconf 92' lang='lat' dir='ltr'><strong>in</strong></span> <span class='ocrx_word' id='word_1_217' title='bbox 487 2849 623 2886; x_wconf 86' lang='lat' dir='ltr'><strong>carcerem</strong></span> <span class='ocrx_word' id='word_1_218' title='bbox 642 2836 832 2894; x_wconf 82' lang='lat' dir='ltr'><strong>conicerentur,</strong></span> <span class='ocrx_word' id='word_1_219' title='bbox 850 2837 997 2899; x_wconf 84' lang='lat' dir='ltr'><strong>probarunt</strong></span> <span class='ocrx_word' id='word_1_220' title='bbox 1006 2835 1128 2886; x_wconf 84' lang='lat' dir='ltr'><strong>Veratius</strong></span> <span class='ocrx_word' id='word_1_221' title='bbox 1147 2829 1345 2882; x_wconf 70' lang='lat' dir='ltr'><strong>etPerizonius·</strong></span> <span class='ocrx_word' id='word_1_222' title='bbox 1381 2826 1437 2878; x_wconf 72' lang='grc' dir='ltr'><strong>8θᾶ</strong></span> 
     </span>
     <span class='ocr_line' id='line_1_24' title="bbox 212 2898 1437 2976; baseline -0.008 -20"><span class='ocrx_word' id='word_1_223' title='bbox 212 2907 487 2973; x_wconf 88' lang='lat' dir='ltr'><strong>praeterquamquod</strong></span> <span class='ocrx_word' id='word_1_224' title='bbox 508 2907 627 2957; x_wconf 87' lang='lat' dir='ltr'><strong>eiusdem</strong></span> <span class='ocrx_word' id='word_1_225' title='bbox 646 2908 697 2956; x_wconf 89' lang='lat' dir='ltr'><strong>loci</strong></span> <span class='ocrx_word' id='word_1_226' title='bbox 716 2909 876 2976; x_wconf 79' lang='lat' dir='ltr'><strong>significatio</strong></span> <span class='ocrx_word' id='word_1_227' title='bbox 900 2907 946 2957; x_wconf 81' lang='lat' dir='ltr'><strong>uix</strong></span> <span class='ocrx_word' id='word_1_228' title='bbox 970 2909 1069 2957; x_wconf 86' lang='lat' dir='ltr'><strong>deesse</strong></span> <span class='ocrx_word' id='word_1_229' title='bbox 1089 2907 1191 2969; x_wconf 80' lang='lat' dir='ltr'><strong>potest.</strong></span> <span class='ocrx_word' id='word_1_230' title='bbox 1216 2916 1285 2968; x_wconf 90' lang='lat' dir='ltr'><strong>quae</strong></span> <span class='ocrx_word' id='word_1_231' title='bbox 1308 2901 1388 2950; x_wconf 88' lang='lat' dir='ltr'><strong>etiam</strong></span> <span class='ocrx_word' id='word_1_232' title='bbox 1409 2898 1437 2947; x_wconf 93' lang='lat' dir='ltr'><strong>in</strong></span> 
     </span>
     <span class='ocr_line' id='line_1_25' title="bbox 212 2967 1437 3047; baseline -0.002 -21"><span class='ocrx_word' id='word_1_233' title='bbox 212 2978 279 3042; x_wconf 87' lang='lat' dir='ltr'><strong>ipsis</strong></span> <span class='ocrx_word' id='word_1_234' title='bbox 298 2979 398 3027; x_wconf 84' lang='lat' dir='ltr'><strong>decreti</strong></span> <span class='ocrx_word' id='word_1_235' title='bbox 417 2979 506 3028; x_wconf 91' lang='lat' dir='ltr'><strong>uerbis</strong></span> <span class='ocrx_word' id='word_1_236' title='bbox 534 2981 604 3044; x_wconf 89' lang='lat' dir='ltr'><strong>apud</strong></span> <span class='ocrx_word' id='word_1_237' title='bbox 631 2979 743 3029; x_wconf 81' lang='lat' dir='ltr'><strong>Gellium</strong></span> <span class='ocrx_word' id='word_1_238' title='bbox 769 2983 893 3047; x_wconf 77' lang='lat' dir='ltr'><strong>urgetur.</strong></span> <span class='ocrx_word' id='word_1_239' title='bbox 916 2977 1039 3038; x_wconf 69' lang='lat' dir='ltr'><strong>(alienum</strong></span> <span class='ocrx_word' id='word_1_240' title='bbox 1061 2973 1167 3027; x_wconf 80' lang='lat' dir='ltr'><strong>uidetur</strong></span> <span class='ocrx_word' id='word_1_241' title='bbox 1190 2987 1246 3026; x_wconf 80' lang='lat' dir='ltr'><strong>esse</strong></span> <span class='ocrx_word' id='word_1_242' title='bbox 1270 2986 1287 3022; x_wconf 86' lang='lat' dir='ltr'><strong>a</strong></span> <span class='ocrx_word' id='word_1_243' title='bbox 1310 2967 1437 3036; x_wconf 70' lang='lat' dir='ltr'><strong>diputtuitt</strong></span> 
     </span>
     <span class='ocr_line' id='line_1_26' title="bbox 211 3035 1437 3118; baseline -0.002 -18"><span class='ocrx_word' id='word_1_244' title='bbox 211 3046 255 3100; x_wconf 85' lang='lat' dir='ltr'><strong>rei</strong></span> <span class='ocrx_word' id='word_1_245' title='bbox 268 3045 391 3116; x_wconf 81' lang='lat' dir='ltr'><strong>publicae</strong></span> <span class='ocrx_word' id='word_1_246' title='bbox 409 3047 438 3098; x_wconf 84' lang='lat' dir='ltr'><strong>ia</strong></span> <span class='ocrx_word' id='word_1_247' title='bbox 456 3064 512 3098; x_wconf 86' lang='lat' dir='ltr'><strong>eam</strong></span> <span class='ocrx_word' id='word_1_248' title='bbox 530 3047 614 3100; x_wconf 82' lang='lat' dir='ltr'><strong>turam</strong></span> <span class='ocrx_word' id='word_1_249' title='bbox 631 3048 815 3117; x_wconf 75' lang='lat' dir='ltr'><strong>imperatorem</strong></span> <span class='ocrx_word' id='word_1_250' title='bbox 827 3047 924 3118; x_wconf 80' lang='lat' dir='ltr'><strong>pupuli</strong></span> <span class='ocrx_word' id='word_1_251' title='bbox 940 3047 1055 3102; x_wconf 66' lang='lat' dir='ltr'><strong>Reum</strong></span> <span class='ocrx_word' id='word_1_252' title='bbox 1073 3044 1144 3101; x_wconf 80' lang='lat' dir='ltr'><strong>duct,</strong></span> <span class='ocrx_word' id='word_1_253' title='bbox 1163 3042 1193 3095; x_wconf 80' lang='lat' dir='ltr'><strong>ia</strong></span> <span class='ocrx_word' id='word_1_254' title='bbox 1210 3043 1284 3112; x_wconf 74' lang='lat' dir='ltr'><strong>quea</strong></span> <span class='ocrx_word' id='word_1_255' title='bbox 1301 3039 1385 3092; x_wconf 70' lang='lat' dir='ltr'><strong>lom</strong></span> <span class='ocrx_word' id='word_1_256' title='bbox 1402 3035 1437 3090; x_wconf 67' lang='grc' dir='ltr'><strong>αὖ</strong></span> 
     </span>
     <span class='ocr_line' id='line_1_27' title="bbox 213 3113 1436 3193; baseline -0.009 -21"><span class='ocrx_word' id='word_1_257' title='bbox 213 3131 243 3172; x_wconf 80' lang='lat' dir='ltr'><strong>eu</strong></span> <span class='ocrx_word' id='word_1_258' title='bbox 261 3117 372 3171; x_wconf 73' lang='lat' dir='ltr'><strong>coniecti</strong></span> <span class='ocrx_word' id='word_1_259' title='bbox 388 3124 448 3170; x_wconf 81' lang='lat' dir='ltr'><strong>ruat</strong></span> <span class='ocrx_word' id='word_1_260' title='bbox 466 3116 545 3171; x_wconf 85' lang='lat' dir='ltr'><strong>duces</strong></span> <span class='ocrx_word' id='word_1_261' title='bbox 562 3119 693 3183; x_wconf 69' lang='lat' dir='ltr'><strong>metium),</strong></span> <span class='ocrx_word' id='word_1_262' title='bbox 713 3123 805 3172; x_wconf 86' lang='lat' dir='ltr'><strong>Cicero</strong></span> <span class='ocrx_word' id='word_1_263' title='bbox 825 3137 943 3188; x_wconf 79' lang='lat' dir='ltr'><strong>quoque,</strong></span> <span class='ocrx_word' id='word_1_264' title='bbox 969 3123 1040 3171; x_wconf 89' lang='lat' dir='ltr'><strong>undo</strong></span> <span class='ocrx_word' id='word_1_265' title='bbox 1062 3134 1113 3170; x_wconf 85' lang='lat' dir='ltr'><strong>sua</strong></span> <span class='ocrx_word' id='word_1_266' title='bbox 1136 3116 1287 3179; x_wconf 77' lang='lat' dir='ltr'><strong>desumpsit</strong></span> <span class='ocrx_word' id='word_1_267' title='bbox 1304 3113 1436 3193; x_wconf 76' lang='lat' dir='ltr'><strong>Valerius.</strong></span> 
     </span>
     <span class='ocr_line' id='line_1_28' title="bbox 212 3184 1436 3258; baseline -0.007 -16"><span class='ocrx_word' id='word_1_268' title='bbox 212 3188 301 3242; x_wconf 85' lang='lat' dir='ltr'><strong>eudem</strong></span> <span class='ocrx_word' id='word_1_269' title='bbox 318 3189 329 3241; x_wconf 86' lang='lat' dir='ltr'><strong>i</strong></span> <span class='ocrx_word' id='word_1_270' title='bbox 347 3205 403 3241; x_wconf 84' lang='lat' dir='ltr'><strong>rum</strong></span> <span class='ocrx_word' id='word_1_271' title='bbox 422 3188 484 3242; x_wconf 85' lang='lat' dir='ltr'><strong>duci</strong></span> <span class='ocrx_word' id='word_1_272' title='bbox 502 3193 617 3256; x_wconf 84' lang='lat' dir='ltr'><strong>scripsit.</strong></span> <span class='ocrx_word' id='word_1_273' title='bbox 654 3195 777 3245; x_wconf 88' lang='lat' dir='ltr'><strong>Ceterum</strong></span> <span class='ocrx_word' id='word_1_274' title='bbox 795 3195 854 3244; x_wconf 87' lang='lat' dir='ltr'><strong>iieri</strong></span> <span class='ocrx_word' id='word_1_275' title='bbox 870 3195 962 3258; x_wconf 89' lang='lat' dir='ltr'><strong>potest</strong></span> <span class='ocrx_word' id='word_1_276' title='bbox 977 3195 1008 3242; x_wconf 90' lang='lat' dir='ltr'><strong>ut</strong></span> <span class='ocrx_word' id='word_1_277' title='bbox 1019 3193 1046 3241; x_wconf 92' lang='lat' dir='ltr'><strong>iu</strong></span> <span class='ocrx_word' id='word_1_278' title='bbox 1059 3192 1150 3241; x_wconf 89' lang='lat' dir='ltr'><strong>uerbis</strong></span> <span class='ocrx_word' id='word_1_279' title='bbox 1169 3184 1282 3238; x_wconf 63' lang='lat' dir='ltr'><strong>uberum</strong></span> <span class='ocrx_word' id='word_1_280' title='bbox 1299 3186 1436 3235; x_wconf 69' lang='lat' dir='ltr'><strong>amiate</strong></span> 
     </span>
     <span class='ocr_line' id='line_1_29' title="bbox 210 3257 1437 3333; baseline -0.007 -22"><span class='ocrx_word' id='word_1_281' title='bbox 210 3260 303 3329; x_wconf 78' lang='lat' dir='ltr'><strong>pupuli</strong></span> <span class='ocrx_word' id='word_1_282' title='bbox 388 3261 433 3312; x_wconf 81' lang='lat' dir='ltr'><strong>oni</strong></span> <span class='ocrx_word' id='word_1_283' title='bbox 451 3265 550 3315; x_wconf 89' lang='lat' dir='ltr'><strong>codicis</strong></span> <span class='ocrx_word' id='word_1_284' title='bbox 568 3265 714 3315; x_wconf 79' lang='lat' dir='ltr'><strong>BeruensIs</strong></span> <span class='ocrx_word' id='word_1_285' title='bbox 732 3267 858 3316; x_wconf 82' lang='lat' dir='ltr'><strong>librarius</strong></span> <span class='ocrx_word' id='word_1_286' title='bbox 876 3265 1005 3330; x_wconf 77' lang='lat' dir='ltr'><strong>peculiari</strong></span> <span class='ocrx_word' id='word_1_287' title='bbox 1019 3263 1117 3313; x_wconf 86' lang='lat' dir='ltr'><strong>mendo</strong></span> <span class='ocrx_word' id='word_1_288' title='bbox 1128 3257 1323 3322; x_wconf 76' lang='lat' dir='ltr'><strong>transposuerit</strong></span> <span class='ocrx_word' id='word_1_289' title='bbox 1335 3257 1363 3304; x_wconf 88' lang='lat' dir='ltr'><strong>et</strong></span> <span class='ocrx_word' id='word_1_290' title='bbox 1374 3267 1437 3333; x_wconf 84' lang='lat' dir='ltr'><strong>con·</strong></span> 
     </span>
     <span class='ocr_line' id='line_1_30' title="bbox 213 3323 1438 3403; baseline 0.006 -21"><span class='ocrx_word' id='word_1_291' title='bbox 213 3333 310 3383; x_wconf 83' lang='lat' dir='ltr'><strong>fuderit</strong></span> <span class='ocrx_word' id='word_1_292' title='bbox 326 3337 405 3384; x_wconf 88' lang='lat' dir='ltr'><strong>notas</strong></span> <span class='ocrx_word' id='word_1_293' title='bbox 420 3347 451 3400; x_wconf 82' lang='lat' dir='ltr'><strong>p.</strong></span> <span class='ocrx_word' id='word_1_294' title='bbox 469 3349 493 3384; x_wconf 86' lang='lat' dir='ltr'><strong>r.</strong></span> <span class='ocrx_word' id='word_1_295' title='bbox 518 3338 545 3385; x_wconf 90' lang='lat' dir='ltr'><strong>et</strong></span> <span class='ocrx_word' id='word_1_296' title='bbox 569 3338 598 3383; x_wconf 90' lang='lat' dir='ltr'><strong>ut</strong></span> <span class='ocrx_word' id='word_1_297' title='bbox 621 3351 688 3386; x_wconf 86' lang='lat' dir='ltr'><strong>uera</strong></span> <span class='ocrx_word' id='word_1_298' title='bbox 707 3338 840 3400; x_wconf 86' lang='lat' dir='ltr'><strong>scriptura</strong></span> <span class='ocrx_word' id='word_1_299' title='bbox 858 3349 882 3387; x_wconf 87' lang='lat' dir='ltr'><strong>r.</strong></span> <span class='ocrx_word' id='word_1_300' title='bbox 897 3351 928 3403; x_wconf 78' lang='lat' dir='ltr'><strong>p.</strong></span> <span class='ocrx_word' id='word_1_301' title='bbox 945 3333 997 3396; x_wconf 77' lang='lat' dir='ltr'><strong>(ret</strong></span> <span class='ocrx_word' id='word_1_302' title='bbox 1016 3330 1151 3401; x_wconf 73' lang='lat' dir='ltr'><strong>publicae)</strong></span> <span class='ocrx_word' id='word_1_303' title='bbox 1173 3332 1201 3380; x_wconf 79' lang='lat' dir='ltr'><strong>ln</strong></span> <span class='ocrx_word' id='word_1_304' title='bbox 1223 3328 1311 3377; x_wconf 61' lang='lat' dir='ltr'><strong>&amp;lim</strong></span> <span class='ocrx_word' id='word_1_305' title='bbox 1334 3323 1438 3403; x_wconf 49' lang='lat' dir='ltr'><strong>f⁸¹l¹ll¹⁸</strong></span> 
     </span>
     <span class='ocr_line' id='line_1_31' title="bbox 213 3398 1437 3474; baseline -0.006 -19"><span class='ocrx_word' id='word_1_306' title='bbox 213 3407 322 3455; x_wconf 80' lang='lat' dir='ltr'><strong>seruata</strong></span> <span class='ocrx_word' id='word_1_307' title='bbox 340 3407 383 3462; x_wconf 78' lang='lat' dir='ltr'><strong>ult,</strong></span> <span class='ocrx_word' id='word_1_308' title='bbox 403 3406 430 3454; x_wconf 93' lang='lat' dir='ltr'><strong>in</strong></span> <span class='ocrx_word' id='word_1_309' title='bbox 449 3420 528 3470; x_wconf 89' lang='lat' dir='ltr'><strong>quam</strong></span> <span class='ocrx_word' id='word_1_310' title='bbox 547 3407 707 3456; x_wconf 85' lang='lat' dir='ltr'><strong>seutentiam</strong></span> <span class='ocrx_word' id='word_1_311' title='bbox 727 3409 849 3470; x_wconf 87' lang='lat' dir='ltr'><strong>equidem</strong></span> <span class='ocrx_word' id='word_1_312' title='bbox 869 3409 979 3465; x_wconf 80' lang='lat' dir='ltr'><strong>inclino,</strong></span> <span class='ocrx_word' id='word_1_313' title='bbox 1002 3406 1065 3467; x_wconf 84' lang='lat' dir='ltr'><strong>quia</strong></span> <span class='ocrx_word' id='word_1_314' title='bbox 1086 3404 1178 3454; x_wconf 75' lang='lat' dir='ltr'><strong>statim</strong></span> <span class='ocrx_word' id='word_1_315' title='bbox 1200 3398 1320 3462; x_wconf 85' lang='lat' dir='ltr'><strong>sequitur</strong></span> <span class='ocrx_word' id='word_1_316' title='bbox 1334 3407 1437 3474; x_wconf 55' lang='grc' dir='ltr'>φρίσ-</span> 
     </span>
     <span class='ocr_line' id='line_1_32' title="bbox 211 3462 1438 3545; baseline -0.007 -20"><span class='ocrx_word' id='word_1_317' title='bbox 211 3489 269 3525; x_wconf 81' lang='lat' dir='ltr'><strong>aem</strong></span> <span class='ocrx_word' id='word_1_318' title='bbox 296 3489 369 3526; x_wconf 76' lang='lat' dir='ltr'><strong>rreum</strong></span> <span class='ocrx_word' id='word_1_319' title='bbox 389 3473 505 3543; x_wconf 82' lang='lat' dir='ltr'><strong>populus</strong></span> <span class='ocrx_word' id='word_1_320' title='bbox 528 3473 662 3527; x_wconf 73' lang='lat' dir='ltr'><strong>Romarm</strong></span> <span class='ocrx_word' id='word_1_321' title='bbox 685 3491 702 3526; x_wconf 84' lang='lat' dir='ltr'><strong>a</strong></span> <span class='ocrx_word' id='word_1_322' title='bbox 727 3477 847 3528; x_wconf 66' lang='lat' dir='ltr'><strong>&amp;aerio</strong></span> <span class='ocrx_word' id='word_1_323' title='bbox 878 3473 1012 3545; x_wconf 78' lang='lat' dir='ltr'><strong>deceptam</strong></span> <span class='ocrx_word' id='word_1_324' title='bbox 1040 3471 1122 3531; x_wconf 79' lang='lat' dir='ltr'><strong>uidit.</strong></span> <span class='ocrx_word' id='word_1_325' title='bbox 1151 3473 1248 3532; x_wconf 88' lang='lat' dir='ltr'><strong>estque</strong></span> <span class='ocrx_word' id='word_1_326' title='bbox 1270 3481 1288 3517; x_wconf 87' lang='lat' dir='ltr'><strong>u</strong></span> <span class='ocrx_word' id='word_1_327' title='bbox 1311 3462 1438 3531; x_wconf 73' lang='lat' dir='ltr'><strong>departute</strong></span> 
     </span>
     <span class='ocr_line' id='line_1_33' title="bbox 211 3543 1267 3615; baseline -0.007 -18"><span class='ocrx_word' id='word_1_328' title='bbox 211 3543 253 3597; x_wconf 82' lang='lat' dir='ltr'><strong>rei</strong></span> <span class='ocrx_word' id='word_1_329' title='bbox 265 3545 391 3613; x_wconf 80' lang='lat' dir='ltr'><strong>publicae</strong></span> <span class='ocrx_word' id='word_1_330' title='bbox 408 3548 434 3596; x_wconf 92' lang='lat' dir='ltr'><strong>in</strong></span> <span class='ocrx_word' id='word_1_331' title='bbox 453 3548 513 3610; x_wconf 89' lang='lat' dir='ltr'><strong>ipso</strong></span> <span class='ocrx_word' id='word_1_332' title='bbox 533 3549 638 3598; x_wconf 77' lang='lat' dir='ltr'><strong>decretu</strong></span> <span class='ocrx_word' id='word_1_333' title='bbox 658 3550 729 3610; x_wconf 88' lang='lat' dir='ltr'><strong>apud</strong></span> <span class='ocrx_word' id='word_1_334' title='bbox 748 3548 870 3606; x_wconf 79' lang='lat' dir='ltr'><strong>Gellium.</strong></span> <span class='ocrx_word' id='word_1_335' title='bbox 888 3545 996 3615; x_wconf 80' lang='lat' dir='ltr'><strong>imperii</strong></span> <span class='ocrx_word' id='word_1_336' title='bbox 1013 3547 1084 3611; x_wconf 82' lang='lat' dir='ltr'><strong>apud</strong></span> <span class='ocrx_word' id='word_1_337' title='bbox 1103 3546 1267 3595; x_wconf 86' lang='lat' dir='ltr'><strong>Ciceronem.</strong></span> 
     </span>
    </p>

    <p class='ocr_par' dir='ltr' id='par_1_5' title="bbox 282 3615 630 3676">
     <span class='ocr_line' id='line_1_34' title="bbox 282 3615 630 3676; baseline -0.003 -7"><span class='ocrx_word' id='word_1_338' title='bbox 282 3615 308 3670; x_wconf 79' lang='lat' dir='ltr'><strong>ti.</strong></span> <span class='ocrx_word' id='word_1_339' title='bbox 328 3619 366 3668; x_wconf 83' lang='lat' dir='ltr'><strong>Ci.</strong></span> <span class='ocrx_word' id='word_1_340' title='bbox 385 3619 444 3669; x_wconf 87' lang='lat' dir='ltr'><strong>Liu.</strong></span> <span class='ocrx_word' id='word_1_341' title='bbox 463 3619 585 3676; x_wconf 78' lang='lat' dir='ltr'><strong>xxviii,</strong></span> <span class='ocrx_word' id='word_1_342' title='bbox 604 3615 630 3669; x_wconf 82' lang='lat' dir='ltr'><strong>ll.</strong></span> 
     </span>
    </p>

    <p class='ocr_par' dir='ltr' id='par_1_6' title="bbox 211 3678 1437 4040">
     <span class='ocr_line' id='line_1_35' title="bbox 283 3678 1437 3756; baseline -0.01 -18"><span class='ocrx_word' id='word_1_343' title='bbox 283 3693 361 3756; x_wconf 83' lang='lat' dir='ltr'><strong>utque</strong></span> <span class='ocrx_word' id='word_1_344' title='bbox 378 3687 417 3738; x_wconf 85' lang='lat' dir='ltr'><strong>itu</strong></span> <span class='ocrx_word' id='word_1_345' title='bbox 434 3686 492 3738; x_wconf 81' lang='lat' dir='ltr'><strong>riae</strong></span> <span class='ocrx_word' id='word_1_346' title='bbox 510 3695 600 3750; x_wconf 75' lang='lat' dir='ltr'><strong>cam)</strong></span> <span class='ocrx_word' id='word_1_347' title='bbox 619 3689 750 3739; x_wconf 86' lang='lat' dir='ltr'><strong>Notabilis</strong></span> <span class='ocrx_word' id='word_1_348' title='bbox 770 3689 867 3738; x_wconf 83' lang='lat' dir='ltr'><strong>lacuna</strong></span> <span class='ocrx_word' id='word_1_349' title='bbox 884 3691 911 3739; x_wconf 86' lang='lat' dir='ltr'><strong>b.</strong></span> <span class='ocrx_word' id='word_1_350' title='bbox 930 3689 948 3739; x_wconf 91' lang='lat'><strong>1.</strong></span> <span class='ocrx_word' id='word_1_351' title='bbox 966 3701 1060 3740; x_wconf 89' lang='lat' dir='ltr'><strong>ornnes</strong></span> <span class='ocrx_word' id='word_1_352' title='bbox 1073 3687 1183 3738; x_wconf 87' lang='lat' dir='ltr'><strong>atterius</strong></span> <span class='ocrx_word' id='word_1_353' title='bbox 1195 3681 1312 3733; x_wconf 74' lang='lat' dir='ltr'><strong>remittas</strong></span> <span class='ocrx_word' id='word_1_354' title='bbox 1330 3678 1437 3729; x_wconf 89' lang='lat' dir='ltr'><strong>codices</strong></span> 
     </span>
     <span class='ocr_line' id='line_1_36' title="bbox 212 3751 1435 3823; baseline -0.001 -15"><span class='ocrx_word' id='word_1_355' title='bbox 212 3759 371 3822; x_wconf 80' lang='lat' dir='ltr'><strong>deturpauit.</strong></span> <span class='ocrx_word' id='word_1_356' title='bbox 391 3771 468 3823; x_wconf 82' lang='lat' dir='ltr'><strong>quoa,</strong></span> <span class='ocrx_word' id='word_1_357' title='bbox 487 3759 510 3808; x_wconf 90' lang='lat' dir='ltr'><strong>si</strong></span> <span class='ocrx_word' id='word_1_358' title='bbox 529 3760 676 3809; x_wconf 85' lang='lat' dir='ltr'><strong>remoueris</strong></span> <span class='ocrx_word' id='word_1_359' title='bbox 688 3761 848 3810; x_wconf 78' lang='lat' dir='ltr'><strong>manifestas</strong></span> <span class='ocrx_word' id='word_1_360' title='bbox 868 3763 1042 3811; x_wconf 89' lang='lat' dir='ltr'><strong>recentiorum</strong></span> <span class='ocrx_word' id='word_1_361' title='bbox 1061 3760 1196 3809; x_wconf 88' lang='lat' dir='ltr'><strong>bominum</strong></span> <span class='ocrx_word' id='word_1_362' title='bbox 1207 3751 1435 3816; x_wconf 48' lang='lat' dir='ltr'><strong>interpolation&amp;</strong></span> 
     </span>
     <span class='ocr_line' id='line_1_37' title="bbox 212 3823 1436 3898; baseline -0.007 -20"><span class='ocrx_word' id='word_1_363' title='bbox 212 3843 307 3879; x_wconf 85' lang='lat' dir='ltr'><strong>omnes</strong></span> <span class='ocrx_word' id='word_1_364' title='bbox 325 3830 435 3892; x_wconf 87' lang='lat' dir='ltr'><strong>pianum</strong></span> <span class='ocrx_word' id='word_1_365' title='bbox 460 3833 502 3879; x_wconf 87' lang='lat' dir='ltr'><strong>est</strong></span> <span class='ocrx_word' id='word_1_366' title='bbox 525 3831 651 3880; x_wconf 87' lang='lat' dir='ltr'><strong>omisisse</strong></span> <span class='ocrx_word' id='word_1_367' title='bbox 675 3832 759 3880; x_wconf 88' lang='lat' dir='ltr'><strong>uerba</strong></span> <span class='ocrx_word' id='word_1_368' title='bbox 782 3835 841 3881; x_wconf 72' lang='lat' dir='ltr'><strong>mat</strong></span> <span class='ocrx_word' id='word_1_369' title='bbox 864 3835 940 3898; x_wconf 78' lang='lat' dir='ltr'><strong>utque</strong></span> <span class='ocrx_word' id='word_1_370' title='bbox 961 3831 1009 3883; x_wconf 84' lang='lat' dir='ltr'><strong>itu.</strong></span> <span class='ocrx_word' id='word_1_371' title='bbox 1054 3828 1200 3882; x_wconf 76' lang='lat' dir='ltr'><strong>tiernensis</strong></span> <span class='ocrx_word' id='word_1_372' title='bbox 1222 3826 1282 3875; x_wconf 89' lang='lat' dir='ltr'><strong>libri</strong></span> <span class='ocrx_word' id='word_1_373' title='bbox 1304 3823 1436 3886; x_wconf 78' lang='lat' dir='ltr'><strong>scriptura</strong></span> 
     </span>
     <span class='ocr_line' id='line_1_38' title="bbox 211 3894 1436 3966; baseline 0.002 -18"><span class='ocrx_word' id='word_1_374' title='bbox 211 3912 265 3948; x_wconf 90' lang='lat' dir='ltr'><strong>nun</strong></span> <span class='ocrx_word' id='word_1_375' title='bbox 284 3899 389 3964; x_wconf 87' lang='lat' dir='ltr'><strong>quidem</strong></span> <span class='ocrx_word' id='word_1_376' title='bbox 408 3913 513 3958; x_wconf 76' lang='lat' dir='ltr'><strong>manua.</strong></span> <span class='ocrx_word' id='word_1_377' title='bbox 534 3902 582 3950; x_wconf 86' lang='lat' dir='ltr'><strong>sed</strong></span> <span class='ocrx_word' id='word_1_378' title='bbox 601 3915 636 3952; x_wconf 90' lang='lat' dir='ltr'><strong>ne</strong></span> <span class='ocrx_word' id='word_1_379' title='bbox 653 3901 715 3966; x_wconf 88' lang='lat' dir='ltr'><strong>ipsa</strong></span> <span class='ocrx_word' id='word_1_380' title='bbox 733 3903 839 3965; x_wconf 78' lang='lat' dir='ltr'><strong>uiridem</strong></span> <span class='ocrx_word' id='word_1_381' title='bbox 852 3904 977 3954; x_wconf 86' lang='lat' dir='ltr'><strong>immunis</strong></span> <span class='ocrx_word' id='word_1_382' title='bbox 994 3903 1060 3954; x_wconf 92' lang='lat' dir='ltr'><strong>uitio</strong></span> <span class='ocrx_word' id='word_1_383' title='bbox 1078 3904 1130 3953; x_wconf 82' lang='lat' dir='ltr'><strong>eet.</strong></span> <span class='ocrx_word' id='word_1_384' title='bbox 1166 3900 1235 3950; x_wconf 84' lang='lat' dir='ltr'><strong>Nam</strong></span> <span class='ocrx_word' id='word_1_385' title='bbox 1247 3894 1436 3962; x_wconf 81' lang='lat' dir='ltr'><strong>quudaxbibot</strong></span> 
     </span>
     <span class='ocr_line' id='line_1_39' title="bbox 212 3969 1435 4040; baseline -0.003 -20"><span class='ocrx_word' id='word_1_386' title='bbox 212 3972 272 4020; x_wconf 85' lang='lat' dir='ltr'><strong>erut</strong></span> <span class='ocrx_word' id='word_1_387' title='bbox 288 3973 364 4037; x_wconf 79' lang='lat' dir='ltr'><strong>atque</strong></span> <span class='ocrx_word' id='word_1_388' title='bbox 381 3969 415 4024; x_wconf 82' lang='lat' dir='ltr'><strong>ir,</strong></span> <span class='ocrx_word' id='word_1_389' title='bbox 435 3973 626 4022; x_wconf 83' lang='lat' dir='ltr'><strong>demonstratio</strong></span> <span class='ocrx_word' id='word_1_390' title='bbox 645 3987 714 4038; x_wconf 90' lang='lat' dir='ltr'><strong>quae</strong></span> <span class='ocrx_word' id='word_1_391' title='bbox 732 3975 761 4023; x_wconf 86' lang='lat' dir='ltr'><strong>tit</strong></span> <span class='ocrx_word' id='word_1_392' title='bbox 779 3987 828 4038; x_wconf 87' lang='lat' dir='ltr'><strong>por</strong></span> <span class='ocrx_word' id='word_1_393' title='bbox 845 3972 882 4033; x_wconf 76' lang='lat' dir='ltr'><strong>iu,</strong></span> <span class='ocrx_word' id='word_1_394' title='bbox 908 3990 967 4026; x_wconf 87' lang='lat' dir='ltr'><strong>curn</strong></span> <span class='ocrx_word' id='word_1_395' title='bbox 986 3978 1013 4026; x_wconf 84' lang='lat' dir='ltr'><strong>tu</strong></span> <span class='ocrx_word' id='word_1_396' title='bbox 1031 3972 1254 4040; x_wconf 80' lang='lat' dir='ltr'><strong>praecedentibus</strong></span> <span class='ocrx_word' id='word_1_397' title='bbox 1272 3983 1324 4018; x_wconf 90' lang='lat' dir='ltr'><strong>uuo</strong></span> <span class='ocrx_word' id='word_1_398' title='bbox 1342 3970 1435 4019; x_wconf 85' lang='lat' dir='ltr'><strong>tenore</strong></span> 
     </span>
    </p>

    <p class='ocr_par' dir='ltr' id='par_1_7' title="bbox 129 4039 1436 4104">
     <span class='ocr_line' id='line_1_40' title="bbox 129 4039 1436 4104; baseline 0.005 -14"><span class='ocrx_word' id='word_1_399' title='bbox 129 4048 136 4058; x_wconf 87' lang='grc'>·</span> <span class='ocrx_word' id='word_1_400' title='bbox 213 4043 306 4092; x_wconf 87' lang='lat' dir='ltr'><strong>auctor</strong></span> <span class='ocrx_word' id='word_1_401' title='bbox 324 4044 357 4092; x_wconf 92' lang='lat' dir='ltr'><strong>de</strong></span> <span class='ocrx_word' id='word_1_402' title='bbox 376 4043 486 4092; x_wconf 87' lang='lat' dir='ltr'><strong>Claudio</strong></span> <span class='ocrx_word' id='word_1_403' title='bbox 505 4044 610 4094; x_wconf 90' lang='lat' dir='ltr'><strong>Nerone</strong></span> <span class='ocrx_word' id='word_1_404' title='bbox 630 4045 733 4095; x_wconf 87' lang='lat' dir='ltr'><strong>locutus</strong></span> <span class='ocrx_word' id='word_1_405' title='bbox 753 4047 796 4104; x_wconf 78' lang='lat' dir='ltr'><strong>sit,</strong></span> <span class='ocrx_word' id='word_1_406' title='bbox 815 4060 868 4096; x_wconf 91' lang='lat' dir='ltr'><strong>non</strong></span> <span class='ocrx_word' id='word_1_407' title='bbox 882 4049 1005 4098; x_wconf 87' lang='lat' dir='ltr'><strong>conuenit</strong></span> <span class='ocrx_word' id='word_1_408' title='bbox 1017 4047 1174 4098; x_wconf 87' lang='lat' dir='ltr'><strong>sententiae.</strong></span> <span class='ocrx_word' id='word_1_409' title='bbox 1211 4045 1298 4103; x_wconf 80' lang='lat' dir='ltr'><strong>Quam</strong></span> <span class='ocrx_word' id='word_1_410' title='bbox 1313 4039 1436 4101; x_wconf 71' lang='lat' dir='ltr'><strong>equidem</strong></span> 
     </span>
    </p>

    <p class='ocr_par' dir='ltr' id='par_1_8' title="bbox 206 4113 1438 4604">
     <span class='ocr_line' id='line_1_41' title="bbox 210 4113 1436 4170; baseline -0.004 -8"><span class='ocrx_word' id='word_1_411' title='bbox 210 4113 264 4162; x_wconf 89' lang='lat' dir='ltr'><strong>leni</strong></span> <span class='ocrx_word' id='word_1_412' title='bbox 282 4113 427 4165; x_wconf 84' lang='lat' dir='ltr'><strong>mutatione</strong></span> <span class='ocrx_word' id='word_1_413' title='bbox 446 4115 484 4165; x_wconf 80' lang='lat' dir='ltr'><strong>itu</strong></span> <span class='ocrx_word' id='word_1_414' title='bbox 502 4117 654 4166; x_wconf 84' lang='lat' dir='ltr'><strong>restituisse</strong></span> <span class='ocrx_word' id='word_1_415' title='bbox 672 4117 736 4167; x_wconf 89' lang='lat' dir='ltr'><strong>mibi</strong></span> <span class='ocrx_word' id='word_1_416' title='bbox 754 4119 847 4169; x_wconf 89' lang='lat' dir='ltr'><strong>uideor</strong></span> <span class='ocrx_word' id='word_1_417' title='bbox 866 4121 895 4166; x_wconf 91' lang='lat' dir='ltr'><strong>ut</strong></span> <span class='ocrx_word' id='word_1_418' title='bbox 918 4120 998 4170; x_wconf 89' lang='lat' dir='ltr'><strong>simui</strong></span> <span class='ocrx_word' id='word_1_419' title='bbox 1020 4120 1134 4168; x_wconf 82' lang='lat' dir='ltr'><strong>lacunae</strong></span> <span class='ocrx_word' id='word_1_420' title='bbox 1157 4114 1229 4166; x_wconf 91' lang='lat' dir='ltr'><strong>illius</strong></span> <span class='ocrx_word' id='word_1_421' title='bbox 1251 4123 1335 4160; x_wconf 84' lang='lat' dir='ltr'><strong>causa</strong></span> <span class='ocrx_word' id='word_1_422' title='bbox 1353 4121 1436 4170; x_wconf 79' lang='lat' dir='ltr'><strong>appa·</strong></span> 
     </span>
     <span class='ocr_line' id='line_1_42' title="bbox 210 4180 1436 4256; baseline 0.003 -23"><span class='ocrx_word' id='word_1_423' title='bbox 210 4185 278 4236; x_wconf 85' lang='lat' dir='ltr'><strong>reat.</strong></span> <span class='ocrx_word' id='word_1_424' title='bbox 314 4185 364 4235; x_wconf 82' lang='lat' dir='ltr'><strong>Est</strong></span> <span class='ocrx_word' id='word_1_425' title='bbox 382 4187 452 4236; x_wconf 89' lang='lat' dir='ltr'><strong>enim</strong></span> <span class='ocrx_word' id='word_1_426' title='bbox 470 4187 526 4237; x_wconf 90' lang='lat' dir='ltr'><strong>ueri</strong></span> <span class='ocrx_word' id='word_1_427' title='bbox 548 4189 635 4238; x_wconf 87' lang='lat' dir='ltr'><strong>simile</strong></span> <span class='ocrx_word' id='word_1_428' title='bbox 659 4188 795 4238; x_wconf 90' lang='lat' dir='ltr'><strong>librarium</strong></span> <span class='ocrx_word' id='word_1_429' title='bbox 820 4192 954 4252; x_wconf 88' lang='lat' dir='ltr'><strong>quendam</strong></span> <span class='ocrx_word' id='word_1_430' title='bbox 978 4191 1115 4240; x_wconf 84' lang='lat' dir='ltr'><strong>oculorum</strong></span> <span class='ocrx_word' id='word_1_431' title='bbox 1139 4190 1217 4250; x_wconf 86' lang='lat' dir='ltr'><strong>lapsu</strong></span> <span class='ocrx_word' id='word_1_432' title='bbox 1240 4185 1276 4232; x_wconf 83' lang='lat' dir='ltr'><strong>ab</strong></span> <span class='ocrx_word' id='word_1_433' title='bbox 1300 4180 1436 4256; x_wconf 60' lang='lat' dir='ltr'><strong>ultimu-</strong></span> 
     </span>
     <span class='ocr_line' id='line_1_43' title="bbox 206 4250 1437 4323; baseline 0.002 -19"><span class='ocrx_word' id='word_1_434' title='bbox 206 4258 282 4322; x_wconf 71' lang='lat' dir='ltr'><strong>perta</strong></span> <span class='ocrx_word' id='word_1_435' title='bbox 300 4257 390 4307; x_wconf 85' lang='lat' dir='ltr'><strong>statim</strong></span> <span class='ocrx_word' id='word_1_436' title='bbox 409 4260 444 4308; x_wconf 89' lang='lat' dir='ltr'><strong>ad</strong></span> <span class='ocrx_word' id='word_1_437' title='bbox 463 4259 580 4310; x_wconf 86' lang='lat' dir='ltr'><strong>ultimam</strong></span> <span class='ocrx_word' id='word_1_438' title='bbox 601 4275 625 4313; x_wconf 90' lang='lat' dir='ltr'><strong>u.</strong></span> <span class='ocrx_word' id='word_1_439' title='bbox 644 4255 684 4309; x_wconf 82' lang='lat' dir='ltr'><strong>ita</strong></span> <span class='ocrx_word' id='word_1_440' title='bbox 700 4263 885 4312; x_wconf 83' lang='lat' dir='ltr'><strong>transeuntem</strong></span> <span class='ocrx_word' id='word_1_441' title='bbox 903 4263 1029 4313; x_wconf 89' lang='lat' dir='ltr'><strong>omisisse</strong></span> <span class='ocrx_word' id='word_1_442' title='bbox 1046 4259 1204 4323; x_wconf 85' lang='lat' dir='ltr'><strong>interposita</strong></span> <span class='ocrx_word' id='word_1_443' title='bbox 1221 4257 1281 4305; x_wconf 69' lang='lat' dir='ltr'><strong>nat</strong></span> <span class='ocrx_word' id='word_1_444' title='bbox 1296 4255 1373 4317; x_wconf 64' lang='lat' dir='ltr'><strong>atqu</strong></span> <span class='ocrx_word' id='word_1_445' title='bbox 1389 4250 1437 4297; x_wconf 56' lang='lat'><strong>&#39;‘⁰-</strong></span> 
     </span>
     <span class='ocr_line' id='line_1_44' title="bbox 209 4317 1438 4397; baseline 0.002 -22"><span class='ocrx_word' id='word_1_446' title='bbox 209 4325 284 4377; x_wconf 89' lang='lat' dir='ltr'><strong>lnter</strong></span> <span class='ocrx_word' id='word_1_447' title='bbox 301 4341 409 4387; x_wconf 87' lang='lat' dir='ltr'><strong>causas,</strong></span> <span class='ocrx_word' id='word_1_448' title='bbox 429 4345 475 4379; x_wconf 88' lang='lat' dir='ltr'><strong>eur</strong></span> <span class='ocrx_word' id='word_1_449' title='bbox 494 4331 620 4380; x_wconf 86' lang='lat' dir='ltr'><strong>Claudius</strong></span> <span class='ocrx_word' id='word_1_450' title='bbox 638 4332 764 4396; x_wconf 89' lang='lat' dir='ltr'><strong>triumphi</strong></span> <span class='ocrx_word' id='word_1_451' title='bbox 782 4333 911 4383; x_wconf 86' lang='lat' dir='ltr'><strong>honorem</strong></span> <span class='ocrx_word' id='word_1_452' title='bbox 930 4335 1109 4397; x_wconf 80' lang='lat' dir='ltr'><strong>repudiasset,</strong></span> <span class='ocrx_word' id='word_1_453' title='bbox 1129 4330 1221 4379; x_wconf 92' lang='lat' dir='ltr'><strong>Liuius</strong></span> <span class='ocrx_word' id='word_1_454' title='bbox 1241 4321 1344 4376; x_wconf 79' lang='lat' dir='ltr'><strong>retulit.</strong></span> <span class='ocrx_word' id='word_1_455' title='bbox 1367 4317 1438 4383; x_wconf 50' lang='lat'>‘1⁰⁰³</span> 
     </span>
     <span class='ocr_line' id='line_1_45' title="bbox 211 4391 1438 4470; baseline -0.007 -23"><span class='ocrx_word' id='word_1_456' title='bbox 211 4403 255 4448; x_wconf 79' lang='lat' dir='ltr'><strong>‘eo</strong></span> <span class='ocrx_word' id='word_1_457' title='bbox 274 4399 325 4458; x_wconf 83' lang='lat' dir='ltr'><strong>die,</strong></span> <span class='ocrx_word' id='word_1_458' title='bbox 345 4415 397 4465; x_wconf 89' lang='lat' dir='ltr'><strong>quo</strong></span> <span class='ocrx_word' id='word_1_459' title='bbox 415 4402 562 4468; x_wconf 78' lang='lat' dir='ltr'><strong>pugnatum</strong></span> <span class='ocrx_word' id='word_1_460' title='bbox 582 4403 658 4458; x_wconf 71' lang='lat' dir='ltr'><strong>iuret,</strong></span> <span class='ocrx_word' id='word_1_461' title='bbox 679 4403 746 4453; x_wconf 85' lang='lat' dir='ltr'><strong>Liuii</strong></span> <span class='ocrx_word' id='word_1_462' title='bbox 765 4404 990 4468; x_wconf 73' lang='lat' dir='ltr'><strong>fortanuspleium</strong></span> <span class='ocrx_word' id='word_1_463' title='bbox 1001 4405 1106 4460; x_wconf 75' lang='lat' dir='ltr'><strong>luisset,</strong></span> <span class='ocrx_word' id='word_1_464' title='bbox 1125 4407 1152 4452; x_wconf 87' lang='lat' dir='ltr'><strong>et</strong></span> <span class='ocrx_word' id='word_1_465' title='bbox 1164 4396 1296 4450; x_wconf 85' lang='lat' dir='ltr'><strong>exercitus</strong></span> <span class='ocrx_word' id='word_1_466' title='bbox 1309 4391 1438 4470; x_wconf 69' lang='lat' dir='ltr'><strong>Liuianus</strong></span> 
     </span>
     <span class='ocr_line' id='line_1_46' title="bbox 209 4457 1438 4592; baseline -0.005 -74"><span class='ocrx_word' id='word_1_467' title='bbox 209 4469 340 4590; x_wconf 48' lang='lat' dir='ltr'><strong>dedpptrgs</strong></span> <span class='ocrx_word' id='word_1_468' title='bbox 360 4471 472 4592; x_wconf 58' lang='grc' dir='ltr'><strong>ἓοιηαιη</strong></span> <span class='ocrx_word' id='word_1_469' title='bbox 492 4475 625 4534; x_wconf 85' lang='lat' dir='ltr'><strong>uenisset,</strong></span> <span class='ocrx_word' id='word_1_470' title='bbox 650 4473 764 4525; x_wconf 88' lang='lat' dir='ltr'><strong>Neronis</strong></span> <span class='ocrx_word' id='word_1_471' title='bbox 788 4476 883 4526; x_wconf 86' lang='lat' dir='ltr'><strong>deduci</strong></span> <span class='ocrx_word' id='word_1_472' title='bbox 906 4491 960 4525; x_wconf 85' lang='lat' dir='ltr'><strong>non</strong></span> <span class='ocrx_word' id='word_1_473' title='bbox 984 4475 1118 4540; x_wconf 90' lang='lat' dir='ltr'><strong>potuisset</strong></span> <span class='ocrx_word' id='word_1_474' title='bbox 1135 4474 1169 4522; x_wconf 89' lang='lat' dir='ltr'><strong>de</strong></span> <span class='ocrx_word' id='word_1_475' title='bbox 1186 4463 1342 4533; x_wconf 83' lang='lat' dir='ltr'><strong>prouincia’.</strong></span> <span class='ocrx_word' id='word_1_476' title='bbox 1378 4457 1438 4510; x_wconf 77' lang='lat' dir='ltr'><strong>Vld·</strong></span> 
     </span>
     <span class='ocr_line' id='line_1_47' title="bbox 210 4541 386 4604; baseline 0.023 -14"><span class='ocrx_word' id='word_1_477' title='bbox 210 4541 247 4590; x_wconf 90' lang='lat' dir='ltr'><strong>ad</strong></span> <span class='ocrx_word' id='word_1_478' title='bbox 289 4579 297 4598; x_wconf 84' lang='lat'><strong>‚</strong></span> <span class='ocrx_word' id='word_1_479' title='bbox 334 4581 341 4604; x_wconf 82' lang='grc'><strong><em>,</em></strong></span> <span class='ocrx_word' id='word_1_480' title='bbox 379 4580 386 4594; x_wconf 97' lang='grc'><strong>.</strong></span> 
     </span>
    </p>

    <p class='ocr_par' dir='ltr' id='par_1_9' title="bbox 209 4601 1438 4827">
     <span class='ocr_line' id='line_1_48' title="bbox 278 4601 1438 4684; baseline 0.002 -19"><span class='ocrx_word' id='word_1_481' title='bbox 278 4611 324 4665; x_wconf 85' lang='lat' dir='ltr'><strong>iti.</strong></span> <span class='ocrx_word' id='word_1_482' title='bbox 343 4611 487 4666; x_wconf 80' lang='lat' dir='ltr'><strong>solitauraii</strong></span> <span class='ocrx_word' id='word_1_483' title='bbox 510 4611 653 4684; x_wconf 70' lang='lat' dir='ltr'><strong>sacrificio)</strong></span> <span class='ocrx_word' id='word_1_484' title='bbox 680 4615 843 4668; x_wconf 76' lang='lat' dir='ltr'><strong>solitaurilia</strong></span> <span class='ocrx_word' id='word_1_485' title='bbox 867 4618 926 4669; x_wconf 87' lang='lat' dir='ltr'><strong>siue</strong></span> <span class='ocrx_word' id='word_1_486' title='bbox 945 4616 1137 4670; x_wconf 89' lang='lat' dir='ltr'><strong>suouetaurilia</strong></span> <span class='ocrx_word' id='word_1_487' title='bbox 1160 4629 1215 4666; x_wconf 89' lang='lat' dir='ltr'><strong>non</strong></span> <span class='ocrx_word' id='word_1_488' title='bbox 1232 4607 1311 4658; x_wconf 82' lang='lat' dir='ltr'><strong>modo</strong></span> <span class='ocrx_word' id='word_1_489' title='bbox 1329 4605 1358 4654; x_wconf 78' lang='lat'><strong>¹1¹</strong></span> <span class='ocrx_word' id='word_1_490' title='bbox 1375 4601 1438 4653; x_wconf 51' lang='grc' dir='ltr'><strong>*ΠΒ</strong></span> 
     </span>
     <span class='ocr_line' id='line_1_49' title="bbox 209 4675 1438 4759; baseline -0.007 -27"><span class='ocrx_word' id='word_1_491' title='bbox 209 4676 413 4742; x_wconf 66' lang='lat' dir='ltr'><strong>initiationibus</strong></span> <span class='ocrx_word' id='word_1_492' title='bbox 432 4687 552 4738; x_wconf 85' lang='lat' dir='ltr'><strong>adhibita</strong></span> <span class='ocrx_word' id='word_1_493' title='bbox 570 4701 663 4738; x_wconf 87' lang='lat' dir='ltr'><strong>uerum</strong></span> <span class='ocrx_word' id='word_1_494' title='bbox 681 4689 761 4738; x_wconf 86' lang='lat' dir='ltr'><strong>etiam</strong></span> <span class='ocrx_word' id='word_1_495' title='bbox 779 4705 797 4738; x_wconf 89' lang='lat' dir='ltr'><strong>a</strong></span> <span class='ocrx_word' id='word_1_496' title='bbox 815 4692 973 4740; x_wconf 84' lang='lat' dir='ltr'><strong>censoribus</strong></span> <span class='ocrx_word' id='word_1_497' title='bbox 991 4691 1018 4740; x_wconf 89' lang='lat' dir='ltr'><strong>iu</strong></span> <span class='ocrx_word' id='word_1_498' title='bbox 1032 4689 1115 4739; x_wconf 90' lang='lat' dir='ltr'><strong>lustru</strong></span> <span class='ocrx_word' id='word_1_499' title='bbox 1134 4680 1271 4737; x_wconf 83' lang='lat' dir='ltr'><strong>condendo</strong></span> <span class='ocrx_word' id='word_1_500' title='bbox 1281 4689 1346 4728; x_wconf 82' lang='lat' dir='ltr'><strong>esse</strong></span> <span class='ocrx_word' id='word_1_501' title='bbox 1365 4675 1438 4759; x_wconf 71' lang='lat' dir='ltr'><strong>iacta</strong></span> 
     </span>
     <span class='ocr_line' id='line_1_50' title="bbox 211 4747 1436 4827; baseline 0.004 -21"><span class='ocrx_word' id='word_1_502' title='bbox 211 4755 332 4810; x_wconf 69' lang='lat' dir='ltr'><strong>decimat</strong></span> <span class='ocrx_word' id='word_1_503' title='bbox 349 4757 584 4812; x_wconf 73' lang='lat' dir='ltr'><strong>rsoueoasconiue</strong></span> <span class='ocrx_word' id='word_1_504' title='bbox 603 4760 638 4810; x_wconf 71' lang='lat' dir='ltr'><strong>aa</strong></span> <span class='ocrx_word' id='word_1_505' title='bbox 657 4759 709 4814; x_wconf 73' lang='lat' dir='ltr'><strong>cro.</strong></span> <span class='ocrx_word' id='word_1_506' title='bbox 729 4761 809 4815; x_wconf 74' lang='lat' dir='ltr'><strong>aaa.</strong></span> <span class='ocrx_word' id='word_1_507' title='bbox 827 4754 855 4824; x_wconf 79' lang='grc'><strong>3,</strong></span> <span class='ocrx_word' id='word_1_508' title='bbox 872 4755 890 4810; x_wconf 82' lang='lat'>8</span> <span class='ocrx_word' id='word_1_509' title='bbox 908 4778 934 4827; x_wconf 77' lang='lat' dir='ltr'><strong>p.</strong></span> <span class='ocrx_word' id='word_1_510' title='bbox 956 4755 1007 4814; x_wconf 74' lang='lat' dir='ltr'><strong>ltu</strong></span> <span class='ocrx_word' id='word_1_511' title='bbox 1025 4761 1108 4813; x_wconf 73' lang='lat' dir='ltr'><strong>oren</strong></span> <span class='ocrx_word' id='word_1_512' title='bbox 1143 4759 1237 4824; x_wconf 77' lang='lat' dir='ltr'><strong>reque</strong></span> <span class='ocrx_word' id='word_1_513' title='bbox 1257 4747 1373 4802; x_wconf 71' lang='lat' dir='ltr'><strong>dahiud</strong></span> <span class='ocrx_word' id='word_1_514' title='bbox 1390 4759 1436 4800; x_wconf 75' lang='lat' dir='ltr'><strong>aa</strong></span> 
     </span>
    </p>
   </div>
   <div class='ocr_carea' id='block_1_5' title="bbox 0 0 1712 5400">
    <p class='ocr_par' dir='ltr' id='par_1_10' title="bbox 0 0 1712 5400">
     <span class='ocr_line' id='line_1_51' title="bbox 0 0 1712 5400; baseline 0 0"><span class='ocrx_word' id='word_1_515' title='bbox 0 0 1712 5400; x_wconf 95' lang='lat' dir='ltr'><strong> </strong></span> 
     </span>
    </p>
   </div>
  </div>
 </body>
</html>
