3409 5400
259 484 384 549 ‘80

336 647 442 728 poium
465 647 626 712 caeciliam
644 641 651 734 Ι
670 645 821 729 tarquinii
838 646 945 727 peisti
967 645 1052 728 repis
1074 624 1227 729 morena}
1248 644 1394 725 optimam
1410 638 1545 725 lanificam

328 752 439 833 fiiiaae
452 750 468 853 I
483 760 513 816 et
533 756 603 819 ideo
624 757 800 818 institutum
822 759 856 815 ut
878 772 975 815 nouae
994 750 1000 841 Ι
1025 760 1138 835 nuptae
1161 758 1230 816 aitte
1251 752 1378 814 ianuam
1400 751 1472 813 nari
1496 746 1501 837 Ι
1524 752 1546 811 ti

240 849 248 859 ’
340 860 547 944 interropatae
569 884 718 945 peoeuam
738 859 745 950 Ι
763 866 951 923 uocarentur
970 862 1063 943 poios
1086 880 1154 923 erae
1183 879 1216 923 se
1235 855 1240 946 i
1260 852 1420 943 dicerentl
1446 892 1486 905 -
1499 857 1548 939 se-

339 968 443 1031 tieiter
452 972 611 1033 mundani
622 971 727 1033 deseri
745 966 751 1056 Ι
766 974 857 1050 ptum
868 968 1021 1031 rabennae
1034 970 1187 1032 rusticius
1207 964 1212 1053 Ι
1232 966 1386 1049 helpidius
1404 965 1549 1027 mattae

339 1096 405 1138 ae.
424 1072 430 1163 ι
450 1062 677 1148 -ομοὴοῐε
689 1077 817 1156 (56)-
836 1072 842 1161 t
863 1073 1052 1139 mvnvs
1065 1071 1423 1138 nuennvmroms
1442 1068 1447 1160 ι
1466 1071 1550 1134 aaut

339 1183 431 1264 probi
452 1185 529 1265 finit
558 1185 691 1264 epitoma
711 1178 717 1271 Ι
735 1184 939 1246 historiotum
969 1184 1167 1246 diuersarum
1195 1178 1200 1271 Ι
1227 1183 1433 1263 attemptatum
1458 1198 1551 1241 romo-

340 1310 460 1352 norum.
482 1324 528 1338 -
554 1288 702 1373 Apparet
723 1291 822 1376 igitur
850 1312 952 1355 unum
980 1290 1093 1354 folium
1124 1289 1263 1353 duarum
1291 1288 1481 1375 paginarum
1503 1284 1553 1347 uel

343 1407 492 1482 quattuor
516 1394 742 1460 columnarum
766 1411 840 1461 ante
864 1397 950 1462 hanc
975 1396 1167 1462 schedulam
1192 1418 1267 1460 esse
1298 1394 1458 1468 auulsum,
1484 1414 1554 1456 cum

342 1504 430 1588 prior
458 1504 619 1588 epitomae
642 1524 735 1587 pars,
765 1507 799 1569 in
828 1505 990 1569 Berncnsi
1018 1504 1131 1569 codice
1161 1502 1288 1567 duobus
1319 1502 1473 1567 columnis
1501 1500 1554 1563 ab·

342 1609 458 1685 soluta,
482 1633 587 1697 usque
611 1614 655 1678 ad
677 1636 731 1679 uu.
745 1615 927 1677 Postumum
950 1613 1115 1676 Aebutiam
1138 1613 1214 1697 ipsa
1237 1609 1374 1673 dimidia
1397 1607 1555 1691 sitdeper-

342 1716 428 1781 ditae
459 1741 481 1782 a
510 1740 566 1783 uu.
596 1722 728 1785 Heluam
762 1727 792 1783 et
828 1721 995 1803 Vopiscum
1025 1740 1130 1807 usque
1160 1718 1202 1783 ad
1239 1738 1295 1781 uu.
1333 1736 1426 1798 super
1460 1735 1559 1778 omues

341 1826 494 1889 celebrato
516 1834 578 1902 est,
607 1828 664 1891 illa
691 1848 770 1891 uero
800 1828 833 1890 in
859 1827 944 1913 Ang.
970 1826 1039 1892 Mai
1068 1826 1209 1890 editione
1232 1822 1297 1889 XX
1320 1844 1451 1896 uersus,
1478 1820 1558 1885 baec

340 1931 432 1996 XLII
460 1945 608 2017 occupet.
642 1934 754 1998 Fronti
783 1946 892 1999 autem
915 1934 1051 1999 secundi
1081 1956 1167 1997 nunc
1196 1933 1237 1997 ab
1266 1933 1357 1996 initio
1386 1930 1454 1994 folii
1475 1927 1561 1991 Pctri

340 2039 489 2105 Danielis
503 2039 752 2105 Aurelianensis
764 2064 886 2107 nomen
910 2044 1015 2128 ipsius
1029 2064 1130 2106 manu
1141 2040 1332 2125 Impositum
1345 2048 1405 2112 cst,
1428 2057 1561 2122 prorsus

341 2147 458 2211 eodem
480 2147 579 2211 modo
604 2148 777 2233 scriptum,
800 2160 836 2212 ut
859 2149 1044 2236 depingitur
1068 2173 1089 2214 a
1113 2149 1148 2215 C.
1174 2148 1213 2211 G.
1237 2144 1374 2211 Miillero
1404 2144 1438 2209 in
1467 2141 1561 2207 anull.

214 2282 225 2307 ο
341 2254 519 2320 Bernenss
544 2266 627 2340 part.
644 2254 690 2319 III
714 2256 761 2335 (in
783 2254 849 2321 ind.
868 2254 951 2324 lectt.
968 2257 1113 2322 uniuers.
1127 2256 1225 2319 Bern.
1243 2276 1324 2319 sem.
1348 2252 1463 2317 aestiu.
1488 2270 1561 2315 ann.

342 2362 429 2427 1841
452 2363 487 2425 in
508 2360 621 2425 tabula
643 2363 861 2446 speciminum
884 2362 973 2442 VII).
1026 2364 1181 2449 Sequitur
1204 2361 1322 2427 deinde
1351 2357 1561 2443 capitulorum

340 2468 449 2543 index,
473 2490 572 2555 quem
594 2470 686 2533 initio
711 2469 863 2535 editionis
887 2492 981 2534 meae
1012 2469 1159 2544 exhibui,
1189 2481 1220 2532 et
1247 2480 1316 2533 tum
1343 2468 1453 2551 ipsum
1482 2484 1561 2548 opus

341 2576 535 2661 inscriptum
566 2574 734 2640 VALERI
767 2575 933 2640 MAXIMI
965 2576 1210 2642 FAOTORVM
1242 2575 1298 2639 ΕΤ
1334 2568 1561 2639 DIOTORVM

341 2680 692 2748 MEMORABILIVM
724 2681 807 2748 LIB.
842 2682 1012 2750 PRIMVS
1046 2682 1216 2751 INCIPIT.
1273 2679 1431 2769 Singulos
1465 2677 1561 2743 libros

342 2802 513 2874 praeterea
535 2789 703 2875 praecedit
724 2791 838 2854 beuior
857 2791 1013 2856 elenchus
1032 2794 1175 2877 capitum
1194 2790 1235 2856 ad
1253 2812 1310 2854 eos
1327 2788 1559 2876 pertinentium

430 2895 526 2960 Hunc
550 2896 697 2962 codicem
721 2898 799 2964 olim
828 2910 905 2984 puto
930 2901 1033 2964 fuisse
1061 2900 1252 2964 monasterii
1281 2895 1504 2961 hioriacensis
1535 2895 1560 2956 S

342 2993 641 3089 Benedicti'prope
664 3004 848 3082 Aureliam,
879 3007 973 3071 cuius
997 3006 1231 3092 copiosissima
1257 3001 1464 3076 bibliotheca,
1494 3023 1561 3064 cun

342 3112 412 3174 iure
435 3108 510 3174 belli
534 3109 726 3196 diriperetur
749 3135 837 3177 anno
869 3115 970 3189 1562,
1000 3125 1134 3178 seruata
1162 3136 1183 3177 a
1211 3109 1307 3175 Petro
1330 3108 1471 3174 Daniele
1493 3106 1561 3170 lca

342 3217 584 3293 Aurelianensi,
608 3241 734 3306 magna
755 3241 795 3283 ex
818 3233 909 3305 parte
928 3223 961 3284 in
973 3220 1072 3284 huius
1085 3221 1147 3283 uiri
1163 3221 1291 3283 transiit
1307 3216 1561 3303 possessionem

341 3323 422 3389 lnde
444 3336 491 3388 tot
514 3327 543 3389 ei
567 3325 686 3411 quibus
710 3338 827 3412 postea
855 3327 1006 3392 inclaruit
1033 3329 1154 3390 uetusti
1183 3339 1214 3389 et
1241 3326 1369 3412 egregii
1396 3323 1473 3387 libri
1502 3343 1561 3386 ma

341 3432 512 3518 nuscripti.
546 3430 757 3498 Danielinam
769 3455 848 3498 uero
872 3433 1103 3500 bibliothecam
1127 3457 1156 3499 a.
1173 3434 1258 3498 1603
1283 3443 1432 3497 emerunt
1443 3429 1559 3494 Paulu

341 3540 497 3606 Patauina
523 3551 554 3602 et
576 3539 947 3628 Iacobusssongarsiua
993 3541 1217 3628 Bongarsiani
1229 3539 1312 3614 libri,
1337 3541 1491 3624 interque
1518 3559 1560 3599 eo

341 3647 457 3732 procul
484 3646 583 3710 dubio
615 3648 866 3735 antiquissimus
895 3659 1006 3712 noster
1028 3647 1163 3722 Valerii,
1197 3669 1284 3712 anno
1311 3645 1396 3711 1632
1426 3645 1561 3708 Burnan

342 3753 491 3818 translati
514 3765 590 3817 sunt
601 3760 634 3835 ¹).
682 3755 766 3819 Ante
790 3779 863 3832 nos,
889 3755 950 3820 sed
973 3777 1037 3819 non
1060 3776 1101 3819 ea
1123 3777 1189 3841 qua
1211 3775 1272 3839 par
1295 3764 1364 3816 erat
1388 3751 1561 3838 diligentie

342 3855 406 3934 hoc
428 3858 511 3922 libro
534 3881 616 3923 usus
640 3873 690 3924 est
713 3861 970 3949 Christophorus
996 3861 1141 3928 Golcrus

430 3966 472 4028 B.
497 3963 596 4029 COD.
619 3965 993 4045 VINDOBONENSIS,
1021 3969 1077 4055 qui
1101 3979 1291 4032 asseruntur
1314 3969 1349 4031 in
1372 3963 1561 4030 bibliothec

343 4070 497 4160 Augusta
519 4070 788 4149 VindobonenSI,
818 4075 1001 4162 descriptus
1026 4074 1067 4139 ab
1091 4073 1288 4139 Endlichero
1317 4075 1352 4136 in
1381 4085 1445 4137 cat.
1480 4071 1561 4134 cod*

343 4177 466 4264 philoll.
489 4178 572 4245 Latt.
597 4201 630 4265 p.
653 4181 707 4246 82.
732 4203 763 4246 n.
790 4182 865 4248 169.
911 4184 971 4248 Est
993 4181 1282 4255 membranaceae,
1309 4179 1419 4246 forma
1445 4192 1561 4267 quater

343 4286 447 4361 naria,
470 4285 622 4352 foliorum
645 4287 746 4352 XLII.
797 4289 825 4352 Ε
856 4293 1032 4376 scriptura,
1063 4311 1148 4376 quae
1176 4287 1398 4374 pulcherrima
1429 4309 1472 4351 ac
1508 4288 1561 4348 nit

344 4393 485 4459 dissime
521 4405 572 4458 est
603 4395 808 4481 singulisque
837 4397 970 4484 paginis
1006 4397 1040 4462 in
1068 4395 1164 4460 binas
1201 4394 1354 4460 distincta
1388 4393 1561 4459 columna

413 4591 434 4655 1)
454 4593 492 4642 ci
517 4592 613 4643 Baillet
631 4594 777 4660 jugemeus
802 4594 851 4644 des
877 4607 977 4644 sarens
1002 4594 1060 4643 voi
1086 4593 1124 4651 11,
1149 4609 1175 4656 p.
1203 4588 1259 4644 180.
1287 4592 1328 4642 ed.
1347 4605 1371 4641 a.
1395 4587 1470 4642 1725
1493 4592 1525 4640 ct
1548 4607 1561 4656 q

344 4663 381 4713 ibi
398 4666 493 4714 ututur
511 4665 625 4733 Voyage
643 4660 770 4714 litieraire
788 4666 822 4715 de
841 4667 911 4715 deux
929 4659 1100 4715 Bine'dicfins
1120 4665 1152 4713 de
1177 4664 1204 4713 la
1229 4677 1355 4730 congreg.
1384 4665 1418 4713 dc
1440 4662 1472 4713 S.
1496 4663 1561 4712 Meu

345 4748 372 4795 p.
390 4729 434 4793 65,
453 4730 495 4786 66.
533 4735 636 4788 Sinner.
656 4737 684 4786 in
701 4737 787 4801 prael.
806 4737 890 4788 catat.
910 4751 977 4789 msa.
995 4738 1073 4788 Bern.
1093 4751 1119 4800 p.
1139 4735 1205 4784 vlu.
