3409 5400
283 364 350 430 424
505 362 565 431 DE
588 363 773 436 PIETATE
796 369 919 440 ERGA·
941 369 1173 453 PARENTES
1196 376 1291 449 ΕΤΟ.

284 547 306 589 a
330 546 393 611 quo
410 532 503 611 pater
524 528 595 593 eins
613 528 787 599 damnatus
811 535 926 611 fuerat,
948 537 1137 623 postulauit
1160 552 1393 647 peractumque
1414 569 1513 617 reum
1605 603 1609 614 .

257 630 405 706 iudicio
436 632 573 711 adflixit,
607 647 638 700 et
665 639 836 725 ingenium
865 654 897 706 et
925 645 1189 721 adulescentiam¹
1209 654 1380 739 praeclaro
1409 678 1511 744 opere

283 740 484 825 auspicatus.
1263 833 1266 836 ,

241 841 271 910 5.
355 844 470 932 ,Αρυά
500 847 618 914 Gaium
656 873 786 940 quoque
815 854 1011 924 Flaminium
1048 865 1225 931 auctoritas
1259 869 1366 953 patria
1401 891 1508 958 aeque

281 963 399 1040 potens
422 955 497 1019 suit.
544 956 630 1021 Nam
655 980 729 1025 cum
758 960 906 1027 tribunus
931 965 1036 1051 plebis
1066 968 1176 1057 legem
1203 973 1245 1038 de
1269 974 1399 1041 Gallico
1423 998 1537 1065 agros

281 1062 400 1124 uiritim
437 1060 614 1127 diuidendo
649 1067 749 1130 inuito
785 1078 816 1130 et
849 1085 1055 1159 repugnante
1094 1090 1210 1143 senatu
1249 1082 1506 1171 promulgasset,

280 1167 433 1251 precibus
458 1170 622 1255 minisque
647 1173 718 1237 eius
736 1176 894 1241 acerrime
916 1180 1077 1247 resistens
1102 1207 1141 1249 ac
1158 1208 1199 1250 ne
1215 1192 1357 1259 exercitu
1373 1194 1504 1280 quidem

281 1272 457 1355 aduersum
486 1298 537 1339 se,
553 1281 755 1365 conscripto,
789 1284 819 1346 si
853 1285 887 1348 in
924 1287 1042 1354 eadem
1077 1294 1238 1359 sententia
1268 1315 1503 1382 perseueraret,

280 1379 489 1456 absterritum
518 1395 693 1471 postquam
722 1409 781 1474 pro
809 1392 926 1457 rostris
955 1396 986 1458 ei
1016 1396 1124 1484 legem
1147 1400 1215 1466 iam
1237 1403 1389 1470 referenti
1411 1420 1504 1494 pater

278 1508 413 1552 manum
436 1491 557 1565 iniecit,
585 1494 713 1577 priuato
737 1496 861 1562 fractus
884 1501 1021 1586 imperio
1051 1504 1223 1572 descendit
1253 1533 1271 1573 e
1299 1515 1431 1592 rostris,
1459 1536 1544 1581 neto

278 1595 412 1659 minimo
438 1596 571 1681 quidem
594 1619 759 1665 murmure
784 1604 956 1671 destitutae
979 1612 1141 1676 contionis
1164 1614 1397 1701 reprehensus.

235 1695 265 1762 o.
365 1699 492 1785 Magna
516 1713 593 1766 sunt
614 1702 697 1769 haec
721 1709 825 1776 uirilis
849 1716 979 1799 pietatis
1003 1739 1123 1803 opera,
1155 1721 1213 1785 sed
1246 1727 1357 1791 nescio
1381 1748 1425 1793 an
1446 1728 1501 1796 his

277 1804 427 1867 omnibus
444 1806 604 1873 ualentius
623 1821 654 1874 et
669 1815 852 1883 animosius
870 1820 1026 1887 Claudiae
1043 1822 1198 1893 Vestalis·
1211 1830 1351 1918 uirginis
1366 1834 1499 1901 factum.

277 1909 372 1990 Quae
396 1924 619 1999 compatrem
642 1941 739 1985 suum
763 1925 1015 2012 triumphantem
1043 1953 1061 1993 e
1085 1955 1183 1997 curru
1210 1936 1354 2004 uiolenta
1381 1942 1500 2007 tribuni

274 2037 374 2081 manu
403 2020 524 2083 serrati
547 2024 847 2106 animaduertisset.
880 2035 964 2100 mira
987 2038 1150 2105 celeritate
1172 2045 1317 2131 utrisque
1340 2069 1377 2112 se
1399 2051 1540 2115 inter-¹³

273 2122 427 2207 ponendo
458 2128 696 2213 amplissimam
725 2147 920 2220 potestatem
951 2143 1127 2211 inimicitiis
1158 2171 1336 2217 accensam
1365 2156 1496 2242 depulit.

271 2227 374 2315 Igitur
405 2230 540 2298 alterum
566 2216 762 2324 triumphum
791 2255 883 2328 pater
906 2248 940 2311 in
964 2249 1174 2334 Capitolium,
1206 2256 1342 2326 alterum
1370 2263 1435 2327 filia
1461 2266 1496 2329 in

272 2336 389 2402 aedem
414 2336 538 2404 Vestae
563 2343 661 2420 duxit,
685 2369 745 2410 nec
771 2348 914 2416 discerni
937 2358 1041 2440 potuit
1064 2361 1125 2423 utri
1148 2361 1223 2446 plus
1246 2364 1353 2433 laudis
1377 2371 1497 2435 tribue·

270 2451 367 2517 retur,
392 2446 444 2509 cui
467 2448 606 2514 uictoria
629 2473 672 2517 an
696 2456 747 2519 cui
771 2458 876 2541 pietas
900 2482 1013 2527 comes
1037 2464 1159 2534 aderat.

777 2575 989 2593 -ἣ

273 2573 297 2652 l.
317 2604 533 2669 pertractumqne
551 2606 677 2665 ACDE.
696 2618 910 2686 pertractumquo
929 2620 960 2674 F.
982 2621 1104 2678 Correer't
1119 2628 1228 2697 Ptytius
1246 2650 1260 2683 e
1278 2632 1336 2685 cod.
1358 2634 1492 2705 campens.

271 2676 297 2721 ct
313 2672 353 2723 sic
371 2673 433 2726 Par.
458 2673 517 2730 Vid.
537 2677 573 2729 etl
591 2678 640 2741 IX,
663 2680 703 2743 ll,
722 2682 747 2742 3.
759 2686 773 2754 Η
785 2688 811 2742 2.
831 2695 857 2742 ct
875 2694 1024 2762 ingenium]
1045 2703 1072 2748 ct
1089 2716 1139 2751 om.
1159 2701 1187 2754 F.
1205 2703 1219 2770 ΙΙ
1236 2708 1447 2760 adolescentiam
1465 2719 1494 2762 et

271 2745 405 2812 'ngenium
425 2742 512 2800 CEF.
524 2749 537 2817 ΙΙ
549 2749 577 2802 4.“
594 2753 619 2816 5.
638 2750 664 2806 5.
682 2772 730 2810 om.
751 2758 779 2813 Γ.
792 2762 805 2829 Η
822 2761 849 2815 5.
868 2767 989 2817 tribunus
1007 2770 1106 2837 plebis]
1126 2770 1160 2823 ti.
1180 2771 1215 2839 pl.
1233 2775 1266 2829 A.
1284 2777 1298 2845 ΙΙ
1315 2775 1339 2831 8.
1359 2784 1492 2833 aduersus

269 2759 276 2790 l

272 2811 348 2867 Torr.
360 2817 373 2883 Η
386 2819 527 2869 constricto
540 2819 575 2871 F.»
583 2821 594 2891 lt
609 2841 785 2887 perseuerare
791 2848 836 2900 pr.
846 2832 878 2885 A.
890 2834 904 2903 ΙΙ
919 2835 957 2889 10,
969 2843 1088 2908 manum}
1109 2841 1212 2897 uonnni
1226 2847 1302 2901 sicA
1319 2849 1378 2911 (sed
1388 2851 1493 2904 litterae

269 2901 285 2933 ο
303 2900 355 2969 rec.
375 2897 470 3009 mage*
481 2894 788 3037 mpralwm'lihpaig‘
808 2906 933 3038 ls'npmcn
950 2924 1041 3050 mpryp
1053 2911 1454 3058 Adllpobiecitqdhlllgractisnig.
1465 2924 1489 3062 ΙΙΙ

266 2970 399 3007 nemmto
447 2975 646 3024 .necmmtmo
691 3003 697 3017 .
781 3013 787 3026 .
827 3014 833 3026 .
872 2993 954 3032 .om.
997 3019 1004 3033 .
1058 3001 1074 3033 a
1112 3001 1135 3035 rs
1173 3002 1196 3041 r.
1237 3028 1245 3042 .
1329 3011 1397 3045 .om
1446 3011 1478 3045 us

268 3023 327 3076 add.
349 3032 376 3078 ct
393 3027 429 3081 D.
442 3029 455 3096 ΙΙ
468 3034 578 3154 uirginis
600 3041 709 3090 aestatis
729 3039 759 3093 F.
775 3046 786 3111 ΙΙ
805 3043 844 3098 14.
863 3049 970 3117 tribuni]
991 3052 1053 3106 add.
1073 3003 1171 3119 plebisp
1179 3066 1224 3111 ost
1241 3064 1277 3127 pl.
1296 3062 1360 3117 Pur.
1377 3071 1402 3116 et
1419 3081 1490 3119 corr.

257 3093 339 3153 -AD,
363 3098 439 3152 Torr.
458 3098 470 3172 ΙΙ
493 3101 501 3154 l
525 3143 532 3156 .
552 3109 665 3176 detrahi]
691 3127 740 3165 om.
818 3115 850 3168 A.
876 3123 947 3171 trahi
968 3121 1052 3176 CEF
1069 3132 1093 3177 et
1111 3134 1171 3179 uate
1190 3133 1307 3184 uiolenta
1324 3133 1362 3187 D.
1392 3133 1490 3189 vem

265 3165 353 3307 {ualli
365 3173 500 3296 ptrliipspyuc
514 3191 559 3242 pr.
578 3178 609 3232 Α.
630 3184 732 3245 utrique
750 3130 812 3255 gill
826 3185 867 3242 ll.
887 3195 1012 3256 capitolio
1030 3195 1066 3248 E.
1079 3197 1092 3265 ΙΙ
1105 3200 1186 3251 tiliam
1204 3201 1232 3256 F.
1244 3202 1258 3271 ΙΙ
1273 3204 1313 3258 18.
1333 3210 1401 3260 aede
1417 3206 1477 3278 Ε..ΙΙ

284 3254 327 3289 uxr
382 3259 396 3292 u
475 3281 482 3295 .

771 3349 982 3365 ...Μ-

336 3399 353 3434 a
371 3400 420 3453 quo
434 3393 515 3455 pater
533 3391 588 3442 eius
606 3391 745 3449 damnatus
761 3398 861 3465 suerat)
878 3402 955 3456 Anno
974 3405 1027 3460 683
1045 3425 1071 3462 a.
1091 3429 1115 3464 u.
1135 3430 1158 3465 c.
1177 3418 1443 3480 prosternentem
1461 3426 1488 3474 et

265 3456 420 3507 auiditatem
443 3461 469 3509 in
498 3463 645 3527 diripienda
669 3468 810 3521 Heraclea.
858 3475 907 3525 Dio
932 3481 1009 3531 Cass.
1034 3483 1063 3533 C.
1088 3486 1236 3538 Carbonem
1263 3493 1383 3556 appellat
1411 3495 1487 3545 cuius

265 3528 410 3591 praecipuo
430 3533 517 3583 studio
529 3536 679 3588 'damnatus
698 3541 777 3592 fucrit
796 3545 831 3596 Μ.
845 3546 969 3599 Aurelius
988 3553 1073 3613 Cotta.
1094 3561 1307 3621 quemquefltius
1321 3566 1399 3616 Cotta
1412 3581 1487 3618 reum

267 3610 331 3657 pere
354 3599 411 3649 erit.

332 3613 367 3719 gh.
387 3671 425 3721 ef.
445 3673 497 3725 Cic.
517 3677 550 3725 dc
568 3677 621 3728 inu.
640 3680 671 3735 11.
694 3678 733 3739 ll,
754 3682 797 3736 52.
817 3686 864 3750 (hl.
884 3692 955 3743 llrut.
977 3691 1018 3756 14,
1037 3691 1080 3748 57.
1105 3699 1199 3765 Polyb.
1219 3704 1251 3763 ll,
1270 3702 1325 3771 2l.)

340 3735 419 3800 leyem
438 3739 490 3790 iem
508 3743 644 3809 referenti)
661 3752 742 3803 Recte
762 3755 813 3805 hoc
832 3761 985 3822 explicasse
1004 3768 1107 3820 uidetur
1125 3773 1259 3836 Kappius.
1282 3785 1351 3828 ‘cnm
1371 3782 1405 3832 de
1422 3782 1485 3852 lege

268 3805 322 3852 iam
339 3807 365 3854 in
385 3811 505 3861 contione
525 3817 557 3863 ad
578 3821 703 3881 populum
723 3826 842 3884 referret.
863 3833 890 3877 ut
908 3832 931 3880 is
943 3848 1003 3884 eam
1017 3843 1101 3888 ratam
1115 3855 1178 3893 esse
1191 3845 1310 3900 iuberet’.
1347 3852 1396 3902 nst
1414 3857 1484 3905 enim

266 3874 336 3923 idem
356 3878 424 3939 quod
443 3881 469 3929 in
489 3886 583 3934 eudem
602 3903 631 3938 rc
650 3891 741 3943 Cicera
761 3897 793 3946 de
812 3899 865 3949 inu.
884 3902 901 3951 Ι.
921 3917 943 3954 c.
962 3907 1074 3972 simplici
1097 3916 1183 3965 uerbo
1207 3918 1272 3967 dixit
1291 3919 1374 3972 mrito
1391 3931 1483 3977 senatu

267 3947 293 3992 et
315 3944 418 3996 omnino
442 3957 534 4003 contra
557 3955 714 4012 uoluntatem
738 3966 850 4018 omnium
878 3971 1029 4038 optimatum
1051 3996 1104 4048 per
1126 3982 1278 4039 seditionem
1301 3989 1338 4043 od
1356 3994 1482 4061 possus·

265 4012 345 4079 leyem
363 4017 498 4082 aprutium
508 4022 627 4088 serebat.
648 4047 696 4082 nec
716 4049 782 4087 sane
801 4046 958 4095 necessaria
976 4049 1095 4102 Torrcnii
1114 4059 1264 4110 coniectura
1277 4062 1434 4129 perferenti.

336 4083 361 4138 6.
380 4090 419 4140 cf.
438 4091 489 4144 Cic.
509 4110 548 4156 pr.
568 4100 640 4152 Cael.
661 4100 702 4162 lt,
727 4101 770 4160 34.
794 4111 827 4159 nt
851 4112 960 4169 Sueten.
985 4120 1043 4174 Tib.
1067 4120 1085 4174 2
1108 4127 1217 4179 tratrem
1241 4132 1354 4196 Appium
1378 4140 1479 4188 iniussn

263 4159 353 4221 populi
371 4160 576 4226 triumphantem
595 4187 612 4219 a
631 4174 741 4227 Claudia
764 4185 856 4233 eontra
880 4187 931 4236 uim
951 4191 1113 4245 tribunorum
1132 4204 1278 4262 protectum
1298 4219 1363 4257 esse
1380 4213 1480 4260 narrat.

263 4229 343 4280 Pater
361 4232 419 4281 eius
439 4234 506 4299 App.
526 4238 651 4292 Claudius
671 4247 783 4301 Pulcher
802 4258 869 4312 erat.
888 4262 982 4311 consul
1000 4280 1025 4316 a.
1044 4261 1104 4323 ult.
1125 4269 1208 4321 uictor
1226 4272 1408 4332 Salassorum.

333 4301 446 4355 uiolenta
464 4305 565 4359 tribuat
582 4326 659 4365 manu
677 4315 790 4383 detrahi)
818 4325 875 4376 Hoc
894 4333 1003 4383 uerbum
1022 4337 1047 4386 in
1067 4341 1216 4407 archetypo
1232 4347 1327 4398 codice
1345 4352 1480 4402 excidisse

261 4370 419 4424 documento
437 4384 480 4427 est
504 4397 562 4430 cum
588 4386 708 4439 deiectus
733 4394 759 4443 iu
781 4396 849 4447 libro
873 4400 1003 4454 Beruensi
1027 4409 1081 4460 tum
1105 4413 1286 4478 discrepantia
1304 4422 1425 4472 codicum
1444 4427 1479 4474 ad

261 4442 373 4495 alteram
391 4446 520 4501 familiam
538 4458 732 4522 pertinentium,
753 4468 804 4530 qui.
823 4485 882 4520 cum
896 4489 990 4525 omncs
1009 4480 1123 4545 simplex
1142 4485 1264 4538 trahendi
1284 4494 1393 4542 uerbum
1414 4497 1479 4545 effe·

260 4516 328 4571 rant,
348 4516 453 4597 diuerso
472 4524 561 4575 tamen
581 4530 638 4580 loco
658 4538 765 4595 ponunt.
803 4545 891 4601 Quare
910 4548 1040 4600 omissum
1059 4553 1085 4604 in
1097 4555 1224 4618 primerio
1243 4563 1335 4614 codice
1352 4567 1478 4636 supplesti

275 4617 276 4620 =
294 4583 397 4637 Paridis
416 4594 534 4663 epitoma
551 4612 610 4651 cum
629 4609 778 4668 correctore
797 4611 856 4671 libri
874 4614 1012 4680 Dauietini.
1054 4671 1057 4676 .
