3409 5400
549 474 631 541 ΗΒ.
653 472 710 553 ΠΙ,
733 474 770 541 G.
793 476 825 553 2,
849 483 881 553 1.
905 476 1067 544 ΙΙΙ-19.
1355 476 1421 546 aii

200 632 356 721 quidnam
385 635 419 703 iii
449 634 505 699 tali
533 643 723 721 tempestate
746 633 934 701 faciendum
965 646 1054 700 esset
1081 634 1314 711 deliberabant,
1342 658 1421 701 cun-

200 744 327 828 ctisque
363 741 571 807 censentibus
607 753 642 805 ut
679 739 795 808 consul
836 744 937 807 armis
971 763 1042 807 rem
1074 739 1237 827 publicam
1271 752 1422 817 tueretur,

201 846 368 913 Scaeuola
396 850 533 934 negauit
560 869 597 913 se
629 850 804 935 quicquam
835 849 869 911 ui
897 870 973 913 esse
1001 859 1159 913 acturum.
1205 846 1286 913 Tum
1309 849 1421 933 Scipio

201 953 328 1019 Nasica
350 954 547 1035 ‘Quoniam',
570 957 691 1043 inquii,
720 954 862 1029 ‘consul‚
891 954 969 1019 dum
991 956 1071 1020 iuris
1094 954 1243 1020 ordinem
1265 955 1423 1039 sequitur,

176 1059 236 1125 aid
267 1062 335 1147 agit
362 1072 396 1125 ut
430 1084 504 1127 cum
536 1063 686 1127 omnibus
714 1062 843 1148 legibus
871 1062 1057 1128 Romanum
1086 1063 1257 1148 imperium
1283 1070 1424 1131 corruat,

203 1178 335 1253 egomet
355 1189 408 1233 me
431 1171 579 1253 priuatus
608 1168 765 1233 uoluntati
786 1180 918 1235 uestrae
942 1169 1059 1233 ducem
1083 1168 1213 1243 offers,
1241 1191 1281 1233 ac
1304 1166 1423 1231 deinde

202 1273 334 1339 laeuam
357 1296 491 1339 manum
515 1286 607 1359 parte
631 1286 728 1361 togae
752 1274 974 1349 circumdedit,
997 1274 1190 1361 sublataque
1213 1275 1327 1341 dextra
1347 1296 1424 1360 pro·

203 1380 357 1445 clamauit
380 1379 456 1460 ‘Qui
478 1402 548 1445 rem
572 1380 736 1465 publicam
759 1380 889 1449 saluam
912 1398 988 1445 esse
1016 1379 1130 1444 uolunt
1150 1404 1204 1445 me
1227 1380 1424 1467 sequantur,

204 1508 309 1574 eaque
333 1508 415 1551 uoce
432 1489 636 1553 cunctatione
652 1487 813 1551 bonorum
837 1488 957 1551 ciuium
973 1487 1129 1549 discussa
1143 1486 1328 1551 Gracchum
1351 1508 1423 1549 curn

165 1608 194 1653 io
204 1592 365 1665 scelerata
385 1592 526 1657 factione
551 1616 634 1679 quas
657 1594 842 1659 merebatur
865 1614 991 1677 poenas
1014 1591 1202 1678 persoluere
1225 1594 1343 1679 coegit.

292 1698 384 1775 Item,
407 1720 481 1767 cunr
504 1710 542 1763 tr.
566 1700 610 1786 pl.
633 1699 831 1765 Saturninus
855 1710 888 1763 et
910 1712 1041 1786 praetor
1060 1697 1199 1763 Glaucia
1221 1709 1254 1761 et
1274 1698 1425 1783 Equitius
1437 1700 1488 1768 18.

205 1806 397 1893 designatus
422 1817 459 1869 tr.
483 1805 526 1892 pl.
555 1807 716 1873 maximos
744 1807 779 1869 in
802 1807 933 1870 ciuitate
962 1816 1074 1871 nostra
1096 1804 1294 1871 seditionum
1315 1814 1424 1871 motus

206 1913 447 1989 excitauissent,
463 1932 522 1975 nec
537 1914 711 2001 quisquam
723 1934 760 1977 se
773 1912 894 1998 populo
907 1915 1068 1977 concitato
1080 1924 1269 1999 opponeret,
1285 1911 1425 1996 primum

205 2017 253 2082 M.
276 2016 434 2082 Aemilius
466 2020 612 2083 Scaurus
638 2018 673 2083 Ο.
697 2016 839 2081 Marium
869 2018 1075 2083 consulatum
1104 2029 1230 2081 sextum
1260 2028 1426 2105 gerentem

167 2124 354 2189 adhortatus
378 2136 429 2189 est
451 2135 486 2188 ut
507 2122 687 2188 libertatem
701 2122 859 2211 legesque
875 2146 977 2189 manu
991 2124 1191 2198 defenderet,
1213 2126 1426 2209 protinusque

207 2252 300 2295 arma
332 2230 395 2295 sibi
424 2229 545 2295 adferri
574 2231 680 2294 iussit.
728 2228 856 2311 Quibus
885 2230 991 2295 allatis
1022 2229 1136 2295 ultima
1158 2240 1324 2293 senectute
1348 2252 1425 2292 con·

207 2338 327 2401 fecium
351 2348 382 2399 ct
404 2358 510 2422 paene
533 2335 697 2420 dilapsum
714 2357 832 2420 corpus
853 2335 968 2411 induit,
992 2334 1183 2421 spiculoque
1198 2333 1329 2399 innixus
1352 2346 1427 2399 ante

206 2443 295 2507 fores
324 2445 434 2509 curiae
463 2442 621 2510 constitit.
652 2462 690 2505 ac
719 2439 865 2526 pamulis
895 2452 926 2506 et
949 2442 1101 2505 extremis
1125 2441 1258 2525 spiritns
1281 2440 1427 2525 reliqniis

207 2568 249 2611 ne
284 2568 338 2613 res
371 2548 502 2635 publica
537 2549 699 2633 expiraret
732 2546 850 2611 effecit.
902 2545 1095 2611 Praesentia
1122 2546 1207 2608 enim
1243 2546 1343 2609 animi
1377 2546 1428 2609 sui
1459 2567 1471 2604 ·.

168 2665 358 2721 arsenatum
383 2667 414 2718 et
434 2658 618 2742 equestrem
642 2654 790 2720 ordinem
814 2653 858 2720 ad
880 2652 1059 2718 uindictam
1083 2651 1279 2738 exigendam
1302 2651 1428 2738 inpulit.

297 2761 365 2828 Sed
397 2773 430 2824 ut
462 2784 628 2827 armorum
656 2769 685 2826 ei
715 2771 812 2849 togae
851 2761 1015 2846 superius,
1042 2781 1129 2824 nunc
1158 2761 1257 2824 etiam
1284 2759 1427 2824 siderum
1439 2756 1492 2822 19.

209 2866 332 2932 clarum
346 2868 459 2944 decus,
483 2868 594 2932 diuum
610 2866 736 2942 Iulium,
759 2867 978 2932 certissimam
1002 2885 1100 2929 uerae
1125 2866 1250 2928 uirtutis
1274 2866 1429 2954 effigiem.

208 2984 504 3058 repraesentemus.
551 2973 633 3068 Gum
655 2971 884 3040 innumerabili
906 2969 1107 3036 multitudine
1130 2982 1162 3034 et
1184 2971 1286 3036 feroci
1309 2972 1431 3055 impetu

712 3101 925 3118 ψ

208 3161 235 3219 3.
255 3169 395 3232 quicquam
415 3183 445 3218 se
464 3166 526 3220 ΕΓ.
543 3167 556 3234 Η
569 3169 687 3218 acturum
707 3181 771 3219 esse
790 3165 824 3220 Ε.
836 3168 849 3236 ΙΙ
860 3171 922 3218 tnnc
941 3165 972 3220 Γ.
984 3167 999 3235 ΙΙ
1014 3163 1041 3219 d.
1063 3167 1131 3287 mel7
1140 3171 1203 3234 port
1224 3169 1333 3219 uestrae
1353 3163 1431 3218 Torr.

220 3233 273 3304 ΙΙΙ.
292 3236 582 3304 leuamA.iinpa1te
595 3253 641 3304 pr.
660 3236 692 3287 Α.
717 3243 809 3302 aperte
828 3237 917 3290 ΒΕΓ
933 3243 958 3289 ct
976 3251 1023 3306 pr.
1043 3235 1070 3289 0.
1127 3241 1139 3286 t
1160 3252 1208 3288 nos
1231 3237 1309 3288 etiam
1333 3236 1395 3287 Par.
1407 3236 1421 3302 11

128 3339 132 3346 ·
209 3309 323 3360 dextera
343 3305 420 3359 Torr.
431 3307 444 3374 ΙΙ
457 3303 481 3358 8.
502 3310 556 3357 nult
573 3307 636 3358 Par.
647 3305 661 3372 ΙΙ
673 3315 801 3373 sequatur
818 3308 882 3359 Par.
899 3308 913 3376 Η
934 3306 973 3359 ll.
994 3312 1022 3358 et
1041 3309 1175 3356 satiirnins
1194 3305 1227 3357 Β.
1242 3307 1257 3372 ΙΙ
1273 3307 1432 3356 Saturninus

210 3407 246 3418 -—
265 3377 333 3446 (ii.)
352 3379 509 3444 designatus
526 3379 558 3430 tr.
577 3377 625 3442 pi]
644 3389 693 3431 om,
713 3377 738 3429 Γ
755 3383 780 3429 ct
792 3393 837 3444 pr.
856 3377 894 3427 D.
906 3378 920 3443 ΙΙ
932 3381 959 3426 et
976 3381 1128 3442 praetor—
1139 3375 1271 3440 Equitius]
1290 3375 1319 3424 rii
1336 3388 1433 3424 rorare

210 3447 243 3503 Α.
259 3445 270 3520 ΙΙ
288 3445 328 3502 13.
348 3450 512 3499 excitassent
532 3445 608 3500 rore.
630 3445 642 3516 p
665 3445 704 3500 iii.
724 3451 821 3498 asiani
842 3446 871 3498 c.
887 3447 901 3513 ιι
920 3443 961 3498 18.
980 3447 1107 3510 constan]
1128 3443 1194 3508 aaa.
1210 3448 1244 3494 ne
1262 3447 1314 3493 noe
1333 3447 1394 3494 nin.
1413 3445 1433 3495 1.

211 3523 241 3574 P.
259 3523 312 3572 ictu
331 3521 392 3570 saxi
410 3519 565 3568 uulneratus
585 3521 627 3568 est
645 3531 735 3582 maipa
753 3517 784 3568 A.
806 3516 847 3634 gs
862 3515 953 3582 praefi
964 3533 996 3583 p.
1014 3512 1082 3580 iau
1093 3516 1186 3578 paruis
1205 3513 1305 3580 Ε.11ο1
1323 3515 1433 3563 extremi

211 3589 364 3643 BCDEP
380 3595 406 3641 et
441 3604 463 3641 r.
482 3588 512 3640 A.
532 3591 643 3639 extremi
663 3601 732 3638 corr.
751 3585 784 3639 A.
829 3599 884 3634 orr.
895 3583 962 3650 1121.
982 3586 1037 3635 Sed
1049 3613 1082 3622 -ι
1100 3579 1168 3648 (23.)
1187 3584 1432 3648 repraesentemus}

211 3663 297 3712 Diuus
316 3663 395 3712 iulius
414 3601 445 3712 d.
457 3660 471 3730 Η
482 3664 509 3711 et
527 3675 575 3711 om.
595 3657 619 3709 Β
638 3664 663 3709 et
675 3671 721 3725 pr.
739 3653 800 3708 AO.
811 3655 825 3721 Η
837 3655 973 3720 superius]
999 3659 1058 3705 ante
1077 3669 1210 3706 armornm
1232 3653 1309 3706 Torr.
1327 3653 1341 3720 ΙΙ
1352 3654 1432 3718 nnnc]

213 3735 251 3783 ita
268 3748 338 3784 nnnc
356 3730 383 3784 ii
401 3737 427 3782 et
444 3746 514 3785 corr.
535 3729 566 3785 C.
589 3727 664 3782 Torr.
680 3723 752 3798 1123.
770 3727 960 3776 innumerabile
974 3739 1020 3792 pr.
1039 3723 1071 3776 A.

287 3903 327 3962 18.
347 3907 384 3960 Ci.
405 3907 458 3959 Cic.
476 3924 525 3972 pro
543 3909 571 3960 C.
590 3907 657 3958 Rab.
676 3908 749 3971 perd.
769 3903 794 3964 Ι,
813 3901 859 3958 21.
879 3903 956 3955 duct.
975 3905 1008 3954 dc
1029 3904 1078 3954 uir.
1094 3904 1134 3957 ill.
1154 3900 1196 3958 ii.

280 3977 405 4046 pamelii
422 3983 448 4028 et
465 3977 586 4029 eatrernis
602 3977 714 4045 spiritus
732 3975 790 4038 rel)
818 3977 893 4026 Libri
910 3989 977 4028 mss.
996 3989 1100 4025 summo
1119 3989 1253 4028 consensu
1274 3979 1301 4026 et
1317 3975 1433 4034 triremi.

215 4049 285 4100 uude
309 4051 442 4099 corrector
465 4050 524 4116 iibri
547 4051 693 4100 Beruensis
718 4052 744 4098 et
768 4049 931 4098 recentiores
958 4048 1127 4114 grammatici
1150 4050 1271 4098 delemni
1297 4053 1335 4106 ei.
1364 4051 1434 4114 quod

214 4121 324 4184 propter
343 4133 460 4185 sequens
479 4134 510 4170 ec
528 4121 607 4170 facile
632 4121 694 4170 addi
717 4121 838 4182 potuisse
863 4133 918 4168 uon
942 4119 1106 4185 negauerim.
1153 4119 1322 4170 Probabilius
1342 4123 1435 4170 tamen

215 4191 328 4241 emendo
338 4187 502 4242 rteairernis.
523 4191 597 4238 cuius
611 4191 710 4246 ultima.
730 4205 789 4238 cnm
806 4191 834 4238 in
851 4190 973 4252 proximo
986 4190 1117 4238 uocabulo
1134 4194 1279 4253 repetatur,
1294 4192 1322 4238 iu
1340 4192 1434 4238 arche·

214 4265 281 4326 typo
299 4262 435 4310 intercidit.
472 4260 598 4310 Similiter
615 4261 740 4311 Valerius
757 4260 810 4318 ix,
827 4255 873 4318 ia.
893 4261 947 4312 ext.
964 4257 982 4308 8
1005 4261 1071 4310 dixit
1094 4265 1183 4310 imre
1200 4265 1226 4311 rt
1242 4257 1322 4310 exiles
1336 4257 1434 4308 mrim

214 4329 341 4398 nldpaiar
358 4333 385 4381 et
402 4331 448 4387 ΙΙΙ,
466 4325 492 4388 8,
512 4325 528 4379 5
547 4328 665 4394 wara
683 4327 836 4396 senilemque
852 4328 1011 4395 anquirere.

289 4399 329 4454 19.
349 4402 388 4450 Gi.
409 4403 487 4451 Caes.
505 4403 532 4453 h.
553 4401 621 4450 Gali.
640 4402 672 4460 ΙΙ,
691 4396 735 4453 25.
757 4401 825 4451 Plut.
844 4403 923 4458 Caes.
942 4398 986 4452 20.

286 4485 354 4522 iaaac
372 4469 462 4531 eiiam)
489 4471 606 4539 Vulgata
624 4472 748 4534 exempla
766 4473 859 4522 contra
877 4473 996 4522 codicum
1014 4483 1081 4522 mss.
1099 4473 1179 4522 fldem
1197 4474 1260 4520 anie
1277 4482 1346 4521 nanc
1363 4470 1434 4521 inse·

215 4546 276 4594 runt
293 4541 340 4594 iia.
382 4541 437 4593 Sed
456 4543 550 4592 eodem
575 4543 654 4590 modo
678 4541 704 4591 in
729 4543 908 4606 comparando
932 4550 995 4605 post
1017 4548 1048 4592 at
1069 4543 1196 4592 omittitur
1218 4543 1287 4592 haec
1304 4543 1436 4605 particula

216 4613 274 4671 1111,
293 4611 318 4672 Ι,
337 4615 390 4664 ext.
412 4611 434 4672 i,
454 4610 536 4679 Atqu
553 4609 704 4662 stillarum
722 4613 968 4678 (caerimoniarum)
985 4611 1063 4664 aeder
1079 4626 1160 4662 sacra
1177 4607 1322 4666 domicilia.
1341 4610 1435 4664 mm

217 4683 417 4756 (amicitiarum)
427 4679 490 4752 fida
507 4679 636 4738 lomim
644 4686 757 4750 perere
774 4681 851 4749 quaa
862 4680 989 4748 quaedam
1005 4689 1096 4736 coacto
1106 4680 1205 4749 spirite
1221 4681 1322 4750 roseric
1340 4683 1435 4752 tarpio
