3409 5400
659 464 742 533 ΗΒ.
764 464 836 543 1111,-
859 466 895 535 G.
921 470 952 533 'b
1354 467 1422 537 tet

200 625 353 704 hominis,
376 628 495 693 nullius
520 628 681 693 amicitiae
705 629 812 691 cincta
826 628 1004 713 praesidio,
1026 632 1093 692 tam
1103 630 1329 695 necessarium
1343 630 1420 695 sub·
1433 636 1457 722 :⁵

200 732 320 799 sidium
341 744 462 801 temere
478 733 608 813 adsmni
622 756 689 799 non
705 734 811 808 debet,
835 734 938 799 semel
953 739 1061 800 autem
1075 746 1163 799 recte
1178 733 1422 819 adprehensum

200 844 310 924 sperni
338 864 406 908 non
435 844 597 907 conuenit.
655 842 814 906 Sincerae
841 862 923 904 uero
952 841 1030 906 fidei
1058 841 1158 906 amici
1183 841 1361 924 praecipue
1386 843 1424 905 in
1491 835 1493 838 ’

201 945 351 1013 aduersis
370 948 468 1013 rebus
485 957 739 1033 cognoscuntur,
762 948 797 1011 in
813 948 933 1033 quibus
949 948 1105 1035 quidquid
1121 956 1305 1032 praestatur
1321 954 1424 1009 mmm

176 1072 224 1119 ta
246 1056 408 1119 constanti
430 1053 658 1119 beneuolentia
680 1054 907 1139 proficiscitur.
957 1053 1133 1118 Felicitatis
1160 1052 1267 1117 ctrltus
1296 1050 1424 1117 maiore

201 1168 354 1242 exparte
379 1158 558 1224 adulationi
582 1180 680 1245 quam
708 1160 833 1223 caritati
861 1169 1032 1247 erogatum
1059 1171 1146 1223 certe
1174 1170 1349 1244 suspectus
1372 1162 1424 1222 est

200 1264 335 1348 perinde
363 1286 401 1328 ac
430 1264 504 1352 plus
533 1285 663 1351 semper
691 1276 780 1351 petat
808 1287 908 1351 quam
942 1265 1120 1352 impendat.
1175 1265 1314 1329 Accedit
1345 1262 1424 1340 huc,⁴

201 1370 290 1455 quod
311 1371 470 1437 infractae
493 1372 642 1435 fortunae
673 1370 824 1437 homines
855 1374 966 1458 magis
994 1373 1173 1437 amicorum
1202 1371 1311 1437 studia
1333 1372 1422 1436 desis

199 1475 316 1541 derant
338 1476 392 1541 uel
413 1476 571 1563 praesidii
598 1476 651 1541 uel
681 1476 796 1543 solacii
826 1481 942 1565 gratia.
999 1477 1085 1543 Nam
1113 1477 1200 1542 laeta
1229 1478 1362 1563 quidem
1390 1487 1423 1541 et

160 1590 361 1667 ropro'spera
387 1586 537 1670 negotia,
571 1595 691 1670 utpote·
717 1606 791 1649 cum
828 1584 941 1649 diuina
973 1584 1214 1670 suffragatione
1239 1585 1423 1651 foueantur.

199 1686 347 1755 humana
368 1689 477 1755 minus
499 1688 656 1776 indigent.
709 1690 872 1756 Tenacius
897 1692 998 1777 igitur
1020 1712 1135 1755 eorum
1156 1692 1292 1756 nomina
1313 1700 1423 1775 poste·

199 1796 303 1859 ritatis
327 1796 485 1861 memoria
509 1795 740 1881 adprehendit,
773 1800 829 1884 qui
852 1798 1010 1862 aduersos
1031 1818 1129 1862 casus
1152 1800 1333 1865 amicorum
1354 1820 1427 1863 non-

200 1900 413 1967 deserueruut
441 1923 542 1987 quam
570 1904 625 1989 qui
654 1924 849 1990 prosperum
880 1905 967 1967 uitae
999 1926 1130 1969 cursum
1164 1907 1308 1971 comitati
1334 1918 1421 1974 sunt.
1485 1940 1498 1980 ·.·

199 2004 306 2071 Nemo
341 2007 381 2071 de
417 2007 647 2094 Sardanapalli
680 2010 896 2075 familiaribus
932 2010 1093 2097 loquitur;
1127 2009 1264 2077 Orestes
1296 2011 1422 2099 Pylade
1523 2006 1531 2019 “

162 2130 307 2197 repaene
336 2115 442 2179 amico
474 2136 574 2199 quam
600 2114 852 2199 Agamemnone
882 2118 988 2180 notior
1015 2128 1066 2181 est
1091 2127 1195 2202 patre.
1250 2119 1422 2204 Siquidem
1511 2146 1514 2150 ’

198 2219 329 2284 illorum
353 2221 495 2284 amicitia
517 2221 551 2283 iu
574 2221 781 2285 consortione
810 2220 1001 2286 deliciarum
1025 2233 1057 2285 et
1078 2222 1223 2286 luxuriae
1247 2224 1422 2298 contabuit,

200 2323 319 2389 horum
342 2326 444 2389 durae
467 2336 563 2411 atque
587 2348 726 2412 asperae
750 2327 952 2393 condicionis
976 2326 1170 2391 sodalicium
1192 2330 1339 2413 ipsarum
1361 2326 1423 2391 ini·

101 2474 105 2479 -
201 2430 361 2497 seriarum
391 2434 611 2516 experimento
641 2434 763 2497 enituit.
814 2432 881 2498 Sed
913 2432 993 2519 quid
1022 2443 1156 2497 externa
1177 2436 1321 2521 attingo,
1348 2454 1423 2498 cum

202 2536 391 2621 domesticis
416 2540 504 2624 prius
527 2538 624 2603 liceat
645 2537 716 2603 um

205 2731 228 2784 l.
248 2737 343 2786 cuncta
358 2749 400 2802 pr.
419 2733 450 2787 A.
470 2737 559 2786 iuncta
575 2748 645 2787 corr.
664 2731 696 2786 A.
715 2735 786 2786 clota
802 2731 838 2786 E.
849 2732 864 2800 ΙΙ
881 2729 907 2786 3.
926 2736 980 2784 ami
996 2749 1044 2803 pr.
1067 2732 1101 2787 Δ.
1124 2737 1197 2786 hami
1221 2750 1290 2790 corr.
1309 2734 1341 2790 A.
1360 2735 1424 2792 add.

202 2807 221 2855 l'
239 2806 319 2855 animi
338 2821 428 2872 marpo
446 2803 477 2858 A.
499 2803 511 2871 ΙΙ
530 2807 691 2870 praecipuae
706 2819 751 2872 pr.
770 2803 802 2858 A.
817 2803 829 2876 ΙΙ
843 2800 869 2856 4.
888 2805 1009 2870 quicquid
1028 2820 1098 2858 cerr.
1116 2803 1147 2856 Α.
1164 2807 1178 2872 ΙΙ
1192 2801 1217 2858 5.
1237 2809 1424 2859 beneuolentiae

202 2873 235 2938 (A
242 2874 285 2931 Γ.)
304 2878 481 2928 beniuolentia
501 2874 624 2930 CDEF.
636 2874 649 2942 ΙΙ
666 2873 691 2927 e.
711 2881 846 2945 erogatas,
870 2880 943 2927 certe
962 2873 1039 2927 Torr.
1058 2878 1071 2942 ΙΙ
1091 2874 1116 2929 l.
1141 2877 1185 2942 ac]
1210 2873 1273 2930 aaa.
1297 2881 1320 2927 st
1346 2877 1423 2930 Terr.

205 2945 245 3012 Os.
270 2943 342 3005 Vlll.
365 2947 388 3006 1,
411 2946 495 2999 mma.
517 2945 540 2998 i.
552 2946 565 3014 ΙΙ
577 2961 686 3011 semper
703 2949 764 3011 pius
782 2946 842 3000 Fr.
859 2946 872 3014 ΙΙ
889 2943 913 2998 9.
932 2947 1034 3010 praedii
1054 2946 1083 2999 C.
1102 2946 1115 3014 ΙΙ
1136 2949 1225 2998 solatii
1243 2946 1273 3000 A.
1290 2947 1304 3016 ΙΙ
1341 2949 1422 3014 ratio]

203 3031 287 3066 causa
305 3016 341 3069 D.
353 3018 366 3085 ΙΙ
380 3017 421 3071 ll.
439 3018 530 3086 igitar]
551 3018 605 3086 igni
624 3015 655 3068 F.
668 3016 681 3084 ΙΙ
694 3019 814 3081 potestas
833 3015 866 3072 Α,
891 3013 940 3068 sed
956 3019 1119 3082 posteritatis
1137 3034 1227 3084 maroe
1239 3017 1277 3107 ⁸ei.
1289 3019 1303 3086 Η
1318 2965 1357 3074 ἦ
1377 3022 1423 3104 ed·

203 3102 298 3206 itit?
314 3087 844 3225 ttitt‘tffiit.ttaiptti‘t
862 3086 1144 3226 tt'ttttttitt
1159 3086 1424 3227 (Ξῆἷρλῖἒὲἕὲῗὲ

202 3231 247 3277 est
266 3224 342 3277 Terr.
364 3226 376 3294 tt
392 3225 433 3279 iti.
452 3230 571 3280 luxoriae
589 3227 621 3280 A.
639 3229 652 3296 ΙΙ
671 3227 711 3280 ll.
732 3232 801 3280 duae
822 3229 851 3282 0.
867 3231 881 3296 ΙΙ
898 3229 990 3297 atque]
1010 3233 1037 3280 et
1054 3228 1089 3280 E.
1111 3227 1123 3294 ΙΙ
1143 3227 1289 3293 asperat).
1305 3230 1320 3297 ΙΙ
1336 3233 1424 3282 coadi-
1461 3297 1466 3302 p

203 3300 294 3348 cinnes
313 3294 342 3348 C.
369 3295 374 3362 Ι
395 3300 437 3347 soi
450 3323 489 3352 a·
508 3299 638 3348 (iudicium
659 3297 719 3358 (titt.
738 3303 746 3350 l
764 3298 883 3361 inducta)
901 3298 933 3351 A.
957 3301 1085 3351 solatiam
1111 3298 1139 3351 C.
1161 3300 1286 3350 solatium
1311 3299 1423 3354 E'l'err.

203 3369 300 3418 solatio
319 3365 350 3419 F.
371 3365 430 3434 118.
450 3371 635 3432 expedimento
653 3367 684 3420 Α.

203 3545 273 3596 sima
298 3545 440 3596 mutatione
465 3545 616 3596 restituisse
640 3547 704 3595 mibi
728 3547 828 3598 uidcor.
871 3545 1003 3595 Credibile
1026 3545 1070 3594 est
1093 3543 1163 3593 euim
1188 3545 1321 3594 librarium
1346 3548 1424 3599 solito

204 3632 293 3668 errore
313 3617 466 3667 contudisse
484 3615 653 3683 negationem
672 3631 799 3666 aeacum
813 3631 853 3674 ae.
873 3617 952 3677 idque
970 3614 1065 3664 deiude
1084 3615 1250 3664 coniunctum
1270 3631 1329 3666 cum
1348 3633 1425 3682 prae·

204 3689 307 3739 cedenti
337 3683 475 3755 diremptio
504 3701 616 3736 causam
646 3688 768 3738 extitisse
796 3687 971 3749 corruptelae.
1020 3685 1191 3735 Grammatici
1221 3685 1309 3736 delete
1337 3689 1425 3752 priore

203 3758 291 3825 atique
315 3753 478 3826 gradationis
501 3759 660 3822 particulam
682 3760 740 3808 troci
758 3754 875 3808 leuitatis
894 3757 1043 3807 addendam
1061 3756 1200 3820 putarunt,
1224 3756 1369 3808 ‘sorrenius
1388 3763 1422 3812 et,

203 3825 357 3880 Perizonius
382 3828 459 3879 etiam
483 3830 526 3878 uel
550 3842 663 3896 quoque,
690 3831 759 3894 qued
784 3828 892 3878 soloeee
925 3828 1046 3891 Kappius
1070 3842 1119 3889 pro
1142 3827 1226 3876 altero
1249 3826 1337 3894 atique
1361 3832 1423 3880 sub·

204 3901 294 3950 stituit.
332 3903 446 3961 Qiiorum
466 3900 623 3950 coniecturis
643 3901 666 3949 id
681 3916 759 3949 unum
773 3913 888 3963 oppono.
907 3893 1110 3963 propinquitatis
1123 3897 1322 3961 diremptionem
1336 3915 1423 3966 neque

204 3972 309 4020 omnino
328 3971 490 4035 iniquitatem
515 3985 623 4034 semper
642 3972 776 4021 continere
796 3985 883 4033 neque
901 3986 919 4019 a
938 3969 1045 4020 Valerio
1064 3969 1199 4017 continere
1223 3969 1274 4018 diei
1291 3972 1421 4034 potuisse,

204 4043 300 4107 quippo
326 4043 368 4106 qui
392 4043 450 4106 ipse
470 4057 531 4090 eam
550 4041 608 4091 siae
627 4041 836 4106 reprehensione
854 4041 911 4091 tieri
928 4054 1011 4105 posse
1030 4038 1173 4088 confessus
1191 4041 1233 4090 sit.

275 4108 401 4162 adames
418 4125 497 4162 amaa
515 4109 667 4172 amicoram)
690 4113 790 4163 Aberat
808 4127 884 4162 casus
902 4115 937 4160 ab
956 4113 1105 4175 archetypo
1124 4110 1230 4168 codice,
1253 4126 1332 4173 qrrem
1351 4117 1423 4164 recte

202 4183 262 4231 sine
281 4184 361 4232 dubio
380 4197 414 4231 ea
431 4185 534 4232 tantam
547 4183 702 4234 exhibuisse
716 4185 886 4240 eoniecimus,
905 4197 975 4246 quae
992 4183 1055 4231 olim
1067 4183 1095 4231 in
1107 4181 1237 4230 Beruensi
1256 4183 1422 4250 legebantur.

203 4250 248 4319 qai
272 4249 398 4304 aduersas
422 4251 564 4304 amicerum
588 4268 638 4303 aaa
663 4251 838 4305 deseruerant.
893 4253 944 4303 iila
965 4253 1037 4302 notio
1062 4253 1235 4314 probabiliter
1257 4254 1284 4301 in
1312 4255 1422 4302 atterius

204 4322 321 4373 familiae
349 4323 434 4372 altero
461 4327 537 4388 parto
561 4326 703 4388 supplete,
728 4327 776 4374 sed
807 4325 876 4373 falso
901 4325 960 4373 leco
988 4322 1090 4373 inserta
1114 4326 1158 4372 est
1185 4324 1249 4388 post
1271 4320 1423 4372 amicorum

204 4395 270 4443 Oria
289 4395 356 4443 enim
377 4394 474 4444 lacuna
493 4399 545 4448 est,
565 4397 635 4457 quod
655 4395 779 4445 librarius
804 4398 838 4444 ab
858 4396 951 4445 ultima
968 4394 1078 4458 syllaba
1100 4394 1175 4442 uuas
1194 4391 1321 4442 aduam
1343 4393 1370 4439 in
1388 4392 1424 4438 si·

203 4464 291 4514 mitem
310 4467 522 4516 terminationem
540 4481 566 4518 u.
585 4479 663 4516 catus
684 4467 856 4516 tramitierat.
896 4465 980 4514 Aliter
999 4467 1075 4515 oerte
1097 4464 1163 4513 iilud
1186 4460 1328 4519 adurens,
1354 4462 1423 4525 quod

202 4536 332 4585 Beruensi
352 4538 418 4586 libro
437 4539 557 4595 traditur,
577 4537 704 4600 explicari
724 4539 768 4588 uix
786 4539 891 4601 poterit.

273 4603 474 4673 Sardanapalli)
505 4607 550 4657 Sic
574 4609 633 4657 ced.
657 4609 736 4661 Bern.
762 4609 886 4660 Probauit
907 4609 979 4657 haenc
1000 4603 1158 4668 scripturam
1182 4602 1252 4670 hog.
1275 4603 1364 4652 Maius
1388 4604 1422 4651 ad

204 4678 256 4732 cic.
276 4679 309 4729 de
327 4695 384 4743 rep.
404 4679 449 4738 111,
468 4675 504 4732 ee
523 4680 648 4744 ascriptis
667 4680 821 4746 iiicrenym.
840 4681 944 4746 prolog.
963 4679 998 4728 sd
1016 4677 1041 4728 ll
1064 4675 1091 4726 tn
1109 4674 1218 4726 Abacuc
1238 4677 1266 4726 et
1281 4674 1368 4736 achei.
1388 4675 1424 4726 ad
