3409 5400
506 421 590 487 mo.
613 420 686 500 vn,
710 420 748 487 c.
770 421 803 499 4,
826 420 898 505 aas.
922 429 953 501 s.
977 422 1006 490 1.
1031 424 1061 491 e.
1339 425 1403 491 su

273 582 379 663 Quid,
414 582 580 648 Hannibal
609 583 818 647 Cannensem
846 582 959 669 populi
990 583 1132 649 Romani
1164 585 1267 648 aciem
1295 586 1446 653 bonnet.

166 691 375 777 priusquam
400 689 441 754 ad
467 688 689 753 dimicandum
713 689 927 753 descenderet
954 690 1167 775 conpluribus
1190 691 1326 755 astutiae
1350 712 1405 755 co·

93 839 94 842 ¹
167 795 330 881 pulatam
359 795 487 882 laqueis
522 796 563 859 ad
598 808 662 859 tam
697 794 917 860 miserabilem
954 795 1102 881 perduxit
1139 794 1281 859 exitum?
1320 796 1405 861 Ante

170 903 296 967 omnia
325 903 411 966 euim
444 902 586 987 prouidit
614 915 648 966 ut
678 913 710 964 et
744 901 847 965 solem
879 914 910 964 et
937 901 1120 989 puluerem,
1159 902 1213 989 qui
1240 902 1285 965 ibi
1309 914 1405 967 uento

93 1025 97 1077 i
136 1008 304 1074 smultus
329 1009 462 1072 excitari
486 1008 584 1083 solet,
609 1008 785 1074 aduersum
810 1006 953 1073 haberet.
1001 1008 1127 1073 Deinde
1151 1020 1276 1095 partem
1294 1011 1405 1095 copia·

171 1136 254 1177 rum
282 1136 416 1178 suarum
432 1115 639 1200 interipsum
656 1114 772 1199 proelii
788 1125 916 1199 tempus
934 1115 973 1177 tle
993 1114 1154 1179 industria
1170 1115 1283 1202 fugere
1299 1117 1405 1180 iussit.

92 1260 97 1299 ,
174 1221 295 1301 Quam
318 1242 392 1284 cum
408 1244 428 1284 a
445 1220 569 1307 reliquo
587 1222 729 1285 exercitu
744 1219 914 1307 abruptam
931 1220 1018 1308 legio
1036 1220 1189 1285 Romana
1205 1232 1404 1307 sequeretur,

93 1366 96 1406 ,
174 1326 411 1391 trucidandam
435 1348 509 1391 eam
534 1328 574 1391 ab
598 1327 668 1403 his,
693 1349 777 1415 quos
801 1328 835 1391 iu
859 1326 988 1390 insidiis
1013 1326 1246 1401 collocauerat,
1270 1330 1404 1395 curauit.

93 1423 94 1508 J
174 1430 357 1525 Postremo
382 1433 639 1520 quadringentos
665 1434 790 1520 equites
815 1433 1016 1507 subornauit,
1042 1434 1096 1519 qui
1112 1432 1266 1497 simulata
1288 1436 1405 1499 transi·

93 1583 94 1616 .
133 1558 165 1603 so
175 1539 272 1602 tione
294 1541 455 1624 petierunt
483 1540 668 1616 consulem,
698 1562 718 1604 a
747 1560 812 1626 quo
839 1540 924 1604 iussi
952 1560 1042 1603 more
1073 1539 1318 1627 transfugarum
1348 1539 1405 1603 de·

175 1646 302 1731 positis
333 1647 434 1710 armis
463 1647 496 1710 iu
525 1646 671 1711 ultimam
706 1666 840 1733 pugnae
875 1656 1000 1732 partem
1038 1643 1209 1719 secedere,
1243 1645 1405 1711 destrictis

93 1811 94 1830 2
179 1750 318 1837 gladiis,
343 1772 426 1837 quos
443 1752 525 1814 inter
542 1753 670 1816 tunicas
687 1765 718 1815 et
732 1751 853 1816 loricas
870 1751 1075 1827 abdiderant,
1098 1750 1237 1837 poplites
1254 1772 1406 1839 pugnan-

93 1907 94 1912 ,
178 1858 264 1920 tium
288 1857 511 1921 Romanorum
536 1859 731 1925 ceciderunt.
777 1858 870 1924 Haec
893 1859 954 1922 fuit
976 1858 1103 1922 Punica
1125 1858 1297 1933 fortitudo,
1320 1857 1405 1922 dolis

179 1974 215 2026 et
237 1963 370 2029 insidiis
396 1974 427 2027 et
448 1964 583 2030 fallacia
605 1967 773 2032 instructa.
831 1966 926 2049 Quae
950 1986 1035 2031 nuuc
1060 1965 1244 2031 certissima
1268 1965 1405 2029 eircum-

690 2090 900 2105 m

184 2140 208 2196 l.
229 2144 359 2193 cannensi
377 2143 478 2207 proelio
496 2158 585 2194 nonne
604 2146 688 2195 aciem
710 2146 830 2195 nostram
852 2147 1008 2211 priusquam
1026 2142 1139 2198 DTorr.
1164 2146 1294 2195 cannensi
1316 2144 1361 2209 pl'i
1384 2159 1405 2196 r.

181 2215 243 2264 acie
262 2228 350 2263 nonne
368 2216 522 2279 priusquam
541 2211 572 2265 Γ.
584 2212 634 2278 112.
654 2232 712 2265 cum
730 2217 851 2279 pluribus
870 2214 901 2268 F.
914 2216 927 2282 11
939 2217 1123 2279 complicatam
1141 2213 1170 2266 D
1188 2220 1215 2266 et
1231 2228 1300 2267 corr.
1312 2212 1343 2265 Α.
1355 2210 1406 2280 114.

182 2290 213 2334 ut
231 2284 269 2350 et]
290 2288 318 2333 ut
334 2282 439 2343 (omaso
457 2289 494 2339 etl
510 2282 604 2351 11115.
624 2290 711 2336 mutus
730 2284 758 2340 F.
774 2284 825 2357 111.
846 2289 881 2337 ab
894 2284 924 2339 Γ.
937 2284 950 2353 11
962 2288 1037 2353 regio
1051 2284 1080 2338 0.
1091 2286 1105 2354 11
1117 2288 1300 2349 insequeretur
1318 2281 1406 2337 CEF.

194 2352 246 2421 118.
266 2358 300 2405 ab
319 2356 352 2404 iis
373 2352 517 2425 Toranio
536 2371 585 2407 om.
601 2372 645 2423 pr.
664 2357 696 2409 A.
709 2359 722 2426 11
736 2356 761 2409 9.
780 2356 1002 2425 quadringentos]
1026 2358 1073 2406 1111
1091 2353 1149 2417 (sed
1162 2361 1256 2423 postea
1274 2352 1406 2406 induam

184 2431 211 2476 et
228 2423 438 2493 suprascriptam
456 2425 559 2493 011111
578 2424 618 2479 10.
637 2430 779 2497 petierunt]
795 2434 860 2499 post
877 2430 1012 2478 consulem
1031 2424 1063 2477 F.
1086 2429 1236 2492 petiuerunt
1253 2425 1314 2549 11111
1330 2428 1407 2478 missi

184 2494 221 2548 D.
233 2496 248 2562 11
262 2494 302 2547 ll.
321 2503 422 2561 panem
441 2514 490 2552 om.
508 2496 540 2551 F.
553 2498 566 2564 11
577 2502 673 2550 cedere
691 2500 723 2554 F.
734 2500 748 2569 11
760 2502 899 2557 distinctis
905 2514 950 2566 pr.
968 2496 1001 2549 Α.
1020 2498 1145 2551 districtis
1166 2495 1284 2551 abab
1312 2499 1345 2565 ,11
1365 2494 1405 2549 12

184 2569 254 2617 intra
262 2565 291 2619 F.
303 2566 316 2632 11
333 2564 370 2618 ld.
382 2570 537 2620 addiderunt
546 2568 578 2621 F.
597 2573 753 2623 obdiderunt
763 2570 793 2625 Γ.
805 2572 818 2638 11
831 2572 950 2637 popliccs
968 2567 1005 2620 D·
1021 2567 1033 2639 11
1052 2566 1089 2623 13.
1100 2570 1243 2619 cicideruut
1255 2564 1405 2637 1111111οΕ

196 2638 211 2708 11
224 2634 265 2693 ll.
283 2646 310 2688 et
327 2640 441 2708 insidiis]
461 2646 488 2692 et
505 2658 554 2694 om.
572 2638 637 2694 EF.
649 2643 662 2712 11
674 2644 788 2694 fallaciis
806 2640 837 2696 F.

186 2800 344 2865 pluratioum
363 2802 469 2851 ueteres
487 2804 541 2852 iam
561 2805 691 2856 editiones
709 2807 909 2862 substituerunt.
935 2805 1102 2854 reserandum
1128 2804 1161 2853 ad
1185 2800 1295 2854 moenia.
1337 2803 1406 2854 Nam

187 2887 246 2920 cnm
264 2871 355 2921 Sicilia
373 2875 482 2923 uerbum
500 2874 563 2924 illud
577 2879 702 2945 coniungi
714 2879 812 2939 nequit,
831 2876 965 2940 quonism,
985 2879 1012 2924 ut
1024 2876 1188 2925 antestetis
1201 2875 1297 2934 terrae,
1316 2872 1407 2926 Africa

187 2942 300 3000 Siciliae,
318 2944 356 2992 ita
375 2945 417 2994 bie
435 2947 499 2993 urbs
519 2946 585 3004 urbi,
604 2946 759 3012 Syracusae
778 2947 947 3015 Karthagini.
965 2947 1092 3010 opposita
1110 2948 1160 2998 est.

240 3010 281 3075 γ2.
299 3015 338 3064 Gi.
357 3015 414 3066 Liu.
434 3016 519 3072 xxti.
537 3012 572 3068 46
591 3022 619 3068 et
636 3033 711 3084 seqq.
731 3019 819 3070 Front.
837 3021 914 3070 strat.
933 3017 965 3075 ll,
983 3012 1009 3076 2,
1030 3012 1054 3068 1.
1079 3017 1111 3076 11,
1130 3011 1157 3076 b.
1176 3012 1219 3068 27.
1238 3016 1308 3068 rior.
1327 3016 1361 3076 ll,
1379 3010 1405 3074 li,

191 3079 230 3136 lb.
252 3083 319 3147 App.
339 3085 425 3136 liano.
444 3082 481 3137 20
499 3091 527 3136 et
544 3101 620 3154 seqq.
643 3090 691 3142 Sit.
710 3092 768 3142 ital.
788 3091 822 3147 X,
844 3087 902 3141 187.
926 3089 1023 3138 Zonar.
1042 3089 1090 3148 tx,
1112 3083 1135 3136 l.

258 3152 415 3205 Cannensem
438 3154 535 3223 populi
557 3156 669 3210 Romani
696 3159 778 3211 aciem
806 3175 890 3210 nosne
909 3157 1076 3225 priusquam)
1105 3157 1174 3208 Ante
1198 3157 1321 3224 Ptgbium
1346 3157 1408 3220 post

191 3221 269 3274 aciens
287 3226 368 3292 arrigo
386 3227 555 3277 inserebatur
574 3228 735 3296 speculatus,
759 3233 828 3293 quod
852 3233 959 3294 praeter
984 3243 1088 3278 omnem
1112 3228 1301 3278 necessitatem
1326 3227 1407 3276 incul-

192 3299 296 3344 cauerat
306 3297 430 3345 librarius
442 3299 535 3347 nescio
549 3302 617 3365 quis,
636 3302 681 3361 qui
694 3301 878 3364 compendium
895 3301 973 3348 buius
993 3299 1108 3360 exempli
1122 3297 1268 3346 Paridense
1286 3299 1407 3354 nouerat,

192 3367 264 3416 euius
282 3368 366 3416 uerba
385 3367 452 3416 baec
471 3371 542 3424 sunt,
561 3368 695 3420 Hannibal
708 3368 866 3421 Cannensem
886 3367 968 3418 aciem
985 3366 1144 3434 speculatus.
1164 3370 1224 3415 ante
1242 3365 1329 3416 omnia
1343 3379 1408 3431 pro·

191 3433 257 3487 sidit
271 3441 301 3486 at
317 3434 430 3487 Romani
448 3443 474 3488 et
489 3437 568 3488 salem
588 3445 613 3490 et
625 3437 762 3506 puluerem
780 3431 919 3489 aduersam
931 3435 1062 3490 baberent.
1100 3437 1210 3503 Pighius
1226 3440 1315 3486 autom
1328 3437 1407 3486 malis

193 3509 344 3573 quibusdam
363 3509 498 3558 codicibus
515 3509 592 3568 tlsos,
611 3513 768 3572 quibuscum
787 3511 855 3558 inter
873 3522 947 3558 meos
966 3509 1041 3556 sotus
1059 3508 1122 3556 tacit
1135 3507 1315 3557 ttcrolinensis
1334 3507 1406 3558 dek-

192 3580 254 3636 rior,
276 3593 310 3628 ea
332 3580 358 3628 in
383 3581 532 3629 recentiora
556 3583 681 3644 exempta
703 3581 817 3634 inuexit,
842 3593 913 3640 qnae
938 3593 1020 3642 supra
1043 3593 1062 3628 e
1083 3577 1248 3627 'locrenlona
1276 3577 1408 3642 scripturn

194 3651 301 3700 enotaui.
337 3651 533 3701 atrectatus
552 3652 701 3702 Gronouius
725 3650 926 3701 adsensere
950 3651 990 3698 ira
1013 3649 1062 3706 ill,
1087 3643 1104 3697 8
1128 3649 1267 3698 monuerat
1288 3651 1406 3700 nostram

194 3721 325 3770 lectionem
344 3722 424 3789 longo
442 3723 494 3771 illis
513 3726 662 3786 praestare.
700 3723 759 3771 Vna
776 3721 932 3785 relinquitur
958 3719 1085 3769 dubitatio
1111 3721 1144 3768 de
1167 3719 1307 3782 participio
1331 3735 1407 3787 capa·

194 3788 275 3848 latam
293 3793 371 3852 quod,
391 3809 449 3842 cum
469 3795 624 3859 plerumque
643 3793 790 3858 simplicem
808 3788 933 3856 ianycads'
942 3791 1074 3840 notionem
1089 3791 1198 3847 babeat,
1217 3791 1267 3838 boc
1287 3791 1345 3841 loco
1359 3807 1406 3854 pro

196 3863 297 3926 eoquod
309 3865 350 3912 est
360 3866 529 3914 constrictum
541 3867 654 3928 positum
669 3879 732 3914 esse
741 3865 862 3928 apparet.
895 3863 1043 3912 Gronouius
1058 3863 1091 3912 de
1101 3863 1158 3910 ncie
1170 3861 1260 3910 uincta
1272 3864 1299 3911 ot
1311 3863 1408 3926 copula

195 3934 264 3994 qussi
281 3933 373 3984 induta
390 3937 522 3998 explicat:
547 3951 611 3986 csso
634 3938 703 3986 enim
729 3938 755 3984 et
774 3935 940 4001 singulorum
960 3934 1092 3996 copulam.
1128 3933 1161 3980 Et
1180 3945 1247 3981 sane
1267 3933 1290 3981 si
1309 3933 1407 3984 nomini

196 4005 353 4053 substantiuo
372 4019 406 4055 cs
424 4009 466 4055 uis
485 4011 541 4063 est,
561 4009 650 4073 quidni
668 4007 771 4057 uerbo?
796 4007 819 4055 si
843 4005 965 4054 Senecae
990 4004 1108 4066 epp.,ad
1132 4003 1216 4053 Lucil.
1240 3999 1271 4062 5.
1294 3999 1311 4054 b
1336 4019 1407 4054 eom·

196 4089 285 4138 ponere
304 4077 375 4125 licuit
383 4083 476 4128 catena
488 4105 522 4114 -
535 4077 641 4128 militem
653 4075 765 4145 copulat,
784 4077 875 4138 (midai
889 4074 1031 4131 Valerium,
1045 4075 1227 4136 quaesitarum
1246 4075 1407 4124 locutionum

197 4145 376 4204 affectatorem,
395 4149 541 4198 exercitum
565 4151 681 4200 astutiae
699 4149 804 4210 laqueis
821 4147 972 4212 copulatum
997 4145 1100 4194 dixisse
1124 4145 1265 4208 putemust
1294 4145 1407 4210 Pighius

197 4216 273 4266 tritum
290 4218 318 4266 in
336 4219 389 4267 hac
406 4220 513 4270 notione
533 4223 693 4271 uocabulum
710 4217 870 4286 implicatam
890 4217 1078 4274 substituerat,
1102 4217 1171 4277 quod
1194 4217 1284 4265 tamesi
1304 4231 1322 4264 a
1339 4215 1407 4264 litte·

198 4303 274 4337 rarum
293 4289 461 4341 similitudine
480 4293 579 4340 nuliam
598 4305 709 4354 prorsus
727 4292 810 4340 habet
827 4288 1092 4339 commendationem.

258 4362 282 4409 st
296 4358 375 4410 solem
394 4366 420 4411 et
431 4361 579 4429 puluerem)
596 4363 686 4411 Solem
700 4363 895 4426 peropportune
909 4359 1011 4420 utrique
1025 4357 1151 4407 exercitui
1164 4357 1298 4416 obliquum
1313 4355 1405 4413 luisse,

197 4431 311 4480 Romanis
328 4432 355 4480 in
374 4435 519 4494 meridiem,
539 4435 636 4484 Poenis
655 4435 682 4482 in
700 4433 906 4496 septentrionem
925 4430 1023 4488 uersis,
1041 4428 1158 4478 referunt
1175 4425 1270 4491 Polyb.
1289 4424 1334 4485 111,
1355 4421 1405 4477 tlt

198 4507 221 4554 et
235 4503 287 4553 liu.
305 4502 391 4562 xxti,
409 4500 453 4556 tt.

256 4570 457 4640 quadrinpentos
474 4574 582 4644 equites)
604 4576 697 4627 Liuius
716 4577 744 4626 ct
761 4572 900 4640 Appianas
919 4571 1080 4642 quingentos
1098 4567 1183 4618 subse
1205 4567 1319 4629 tradunt,
1343 4581 1404 4619 sex·

198 4648 276 4697 centos
294 4647 444 4698 Frontinus.
