3409 5400
629 496 713 567 LIB.
735 498 780 579 V,
803 500 840 569 G.
862 503 897 581 t.
920 510 951 581 ί.
973 504 1072 575 2-4.
1393 519 1464 587 423

232 656 360 744 ,posius
381 658 532 749 tribunus
554 660 662 748 plebis
685 662 824 742 dixerat,
857 665 946 753 quod
968 668 1145 735 occasione
1167 670 1252 736 bens
1275 678 1464 745 conficiendi

238 762 314 831 belli
345 765 496 833 inductus
529 767 710 855 legitimum
740 772 909 858 optinendi
937 774 1068 860 imperii
1097 786 1225 863 tempus
1255 784 1463 861 excessisset,

239 872 392 960 quodque
416 873 528 951 tilium,
552 877 693 963 optimae
708 877 828 944 indolis
845 879 1008 956 iuuenem,
1032 885 1155 948 rustico
1172 907 1271 970 opere
1288 900 1462 974 meusium

238 978 378 1066 publicis
407 980 524 1046 usibus
552 980 765 1051 subtraheret.
819 984 858 1050 ld
887 1000 1064 1077 postquam
1091 989 1235 1057 Manlius
1264 993 1461 1070 adulescens

215 1086 405 1171 scognouit,
428 1090 576 1173 protinus
602 1089 713 1155 urbem
737 1094 815 1177 petit
837 1104 870 1157 et
892 1116 930 1157 se
951 1096 988 1159 in
1001 1095 1178 1183 Pomponii
1200 1097 1333 1166 domum
1356 1103 1463 1186 prima

236 1191 309 1257 luce
333 1192 457 1261 direxit.
505 1194 569 1276 Qui
593 1198 783 1263 existimans
806 1199 842 1263 in
863 1197 927 1264 hoc
951 1223 1026 1267 eum
1049 1205 1195 1280 uenisse,
1216 1216 1253 1269 ut
1274 1208 1376 1292 patris
1399 1210 1461 1273 cri·

237 1300 341 1375 mina,
366 1323 387 1367 a
414 1321 480 1387 quo
508 1302 582 1388 plus
610 1304 696 1369 iusto
729 1326 846 1391 aspere
875 1308 1086 1385 tractabatur,
1114 1309 1271 1388 deferret,
1303 1313 1462 1378 excedere

238 1428 353 1472 omnes
381 1408 479 1474 iussit
506 1409 672 1485 cubiculo,
709 1432 773 1497 quo
803 1410 954 1481 licentius
982 1419 1117 1483 remotis
1147 1417 1276 1483 arbitris
1303 1420 1461 1487 indicium

236 1525 420 1601 perageret.
476 1515 601 1581 Nactus
630 1518 841 1583 occasionem
870 1533 1087 1608 opportunam
1115 1525 1286 1610 proposito
1321 1547 1381 1589 suo
1409 1528 1458 1591 iu·

199 1622 330 1687 iuuenis
360 1622 523 1709 gladium,
559 1644 655 1709 quem
685 1634 803 1691 tectum
831 1628 996 1705 attulerat,
1032 1632 1202 1696 destrinxit
1229 1632 1458 1718 tribunumque

235 1729 333 1794 minis
362 1750 401 1793 ac
432 1741 555 1793 terrore
584 1732 779 1818 conpulsum
806 1734 915 1799 iurare
943 1738 1054 1825 coegit
1081 1760 1103 1802 a
1129 1739 1231 1822 patris
1260 1739 1332 1803 eius
1361 1760 1457 1803 accu-

235 1836 363 1901 satione
386 1856 611 1913 recessurum,
642 1860 747 1927 eoque
778 1843 930 1908 effectum
960 1854 1011 1909 est
1038 1864 1081 1907 ne
1109 1842 1293 1931 Torquatus
1322 1865 1458 1910 causam

235 1941 365 2010 diceret.
412 1940 691 2011 Commendamus
717 1957 767 2012 cst
789 1950 911 2035 pictas,
942 1971 1029 2041 quae
1056 1952 1238 2015 mansuetis
1267 1952 1456 2036 parentibus

233 2058 426 2135 praestatur.
478 2050 547 2115 Sed
577 2050 722 2118 Manlius
752 2076 816 2141 quo
844 2054 1063 2121 horridiorem
1090 2068 1216 2142 patrem
1247 2056 1361 2122 habuit
1391 2056 1456 2123 hoc

197 2156 378 2243 tepericulo
402 2158 474 2223 eius
489 2155 685 2223 laudabilius
702 2161 863 2237 subuenit,
886 2163 942 2248 qui
958 2162 1093 2228 adeum
1111 2163 1313 2251 diligendum
1327 2174 1457 2249 praeter

234 2263 415 2329 naturalem
428 2285 575 2329 amorem
587 2265 675 2330 nullo
692 2266 915 2355 indulgentiae
932 2268 1152 2334 blandimento
1170 2270 1326 2335 inuitatus
1338 2271 1457 2333 fuerat.

321 2368 417 2434 Hanc
439 2371 593 2456 pietatem
617 2372 799 2438 aemulatus
822 2374 868 2437 Μ.
892 2376 988 2439 Cotta
1010 2397 1050 2439 eo
1074 2377 1148 2460 ipso
1173 2376 1236 2451 die,
1260 2382 1325 2462 q'uo
1343 2386 1455 2463 togam
1464 2380 1496 2448 4.

233 2477 358 2543 nirdam
374 2479 524 2563 sumpsit,
547 2479 694 2565 protinus
712 2490 746 2543 ut
768 2502 789 2544 a
805 2480 965 2566 Capitolio
981 2480 1161 2558 descendit,
1185 2481 1244 2561 Gn.
1259 2481 1455 2559 Carbonem,

737 2640 951 2655 m

236 2727 259 2784 1.
278 2729 443 2796 conficiendi]
467 2729 572 2780 fluendi
615 2743 638 2782 r.
656 2726 688 2784 Α.
714 2731 829 2782 faciendi
855 2729 1000 2786 casui*
1021 2736 1047 2784 et
1070 2746 1139 2784 corr.
1158 2730 1190 2784 Α.
1213 2734 1321 2784 liniendi
1340 2729 1443 2800 Tomi}

233 2799 258 2856 l.
278 2801 319 2869 Id]
344 2803 422 2866 idque
446 2814 516 2853 corr.
535 2795 572 2853 D.
590 2799 603 2867 ,j
621 2802 745 2852 msuiiius
768 2799 1023 2874 sosarnus.
1046 2805 1122 2869 petiit
1145 2800 1283 2856 EFTorr.
1300 2801 1314 2869 ΙΙ
1332 2801 1356 2856 8.
1375 2805 1455 2854 iussit

233 2889 327 2925 omnes
344 2869 409 2924 ΒΓ.
422 2869 435 2939 ΙΙ
448 2872 570 2922 iudicium
589 2869 656 2924 DE.
671 2871 682 2940 ΙΙ
700 2871 740 2924 10.
755 2875 840 2924 tectus
856 2871 908 2926 OE
919 2879 945 2925 et
951 2890 996 2943 pr.
1008 2871 1040 2928 A.
1054 2872 1069 2944 ss
1083 2875 1215 2926 distrinxit
1229 2871 1322 2926 ΟΜ.
1340 2874 1454 2924 distrixit

232 2941 261 2998 P.
274 2943 287 3010 ΙΙ
301 2941 344 2997 ll.
360 2945 419 2996 aius
437 2957 485 2996 om.
504 2941 539 2997 ii.
554 2941 566 3008 ΙΙ
585 2941 624 2995 ll.
643 2945 768 2995 manilius
785 2941 968 2999 AODEFP.
982 2944 996 3012 ΙΙ
1011 2946 1074 3013 boc}
1094 2962 1127 2997 eo
1145 2942 1182 2997 D.
1199 2945 1213 3013 ΙΙ
1231 2939 1273 3002 15.
1291 2945 1453 2996 laudabilius

232 3017 349 3082 periculo
368 3016 427 3066 eius
448 3011 525 3068 Torr.
538 3013 552 3082 ΙΙ
564 3016 726 3084 diligendum
745 3031 806 3066 eurn
823 3014 861 3070 D.
872 3016 887 3085 ΙΙ
902 3014 942 3070 ib.
959 3018 1124 3087 indigentias
1145 3014 1173 3070 C.
1187 3015 1200 3084 ΙΙ
1217 3014 1257 3069 ti.
1277 3017 1303 3082 s.
1316 3013 1342 3067 4.
1359 3031 1408 3066 ors.
1420 3011 1452 3067 Γ.

245 3087 257 3156 ΙΙ
271 3089 386 3140 miorta
395 3085 430 3140 D.
445 3083 458 3157 ΙΙ
475 3083 515 3140 18.
525 3087 622 3138 sumsit
631 3088 734 3139 uirilem
746 3084 823 3141 Torr.
838 3085 850 3156 ΙΙ
865 3104 880 3139 e
899 3090 1026 3154 capitolio
1047 3085 1218 3142 CDETorr.
1237 3090 1272 3140 de
1284 3081 1452 3153 capituiioF.

232 3321 260 3370 iu
283 3318 366 3368 tilium
391 3317 489 3368 mantio
512 3319 647 3378 iniciatus,
671 3320 757 3370 eidem
782 3335 860 3386 quem
882 3323 994 3386 putabat
1015 3321 1132 3380 Manlio,
1156 3321 1198 3370 cui
1220 3319 1293 3371 recte
1313 3317 1454 3380 imperiosi

232 3404 330 3441 nomen
347 3389 491 3447 tribuatur,
518 3390 598 3438 simui
615 3389 742 3456 Torquati
767 3406 917 3458 cognomen
940 3393 1050 3440 inditum
1074 3391 1123 3445 sit.
1154 3405 1214 3440 cum
1242 3389 1346 3439 constet
1368 3388 1453 3438 fliium

233 3463 339 3512 demum
358 3460 436 3510 huius
455 3459 486 3510 li.
505 3460 607 3518 iiisniii,
627 3460 713 3510 Titum
731 3463 919 3525 praenomine,
941 3475 1091 3528 cognomen
1109 3459 1237 3524 Torquati
1253 3460 1359 3508 nactum
1379 3469 1451 3509 esse.

232 3531 286 3583 Sed
305 3546 357 3581 non
376 3531 564 3582 animaduertit
581 3529 704 3580 Veratius
723 3531 757 3580 de
774 3531 835 3594 ipso
853 3532 906 3581 boc
924 3531 978 3580 tilio
996 3531 1029 3581 T.
1047 3531 1157 3588 Manlio,
1175 3530 1220 3594 qui
1238 3545 1257 3580 a
1272 3531 1349 3592 patre
1367 3527 1451 3577 Lucio

233 3603 372 3667 imperiosi
388 3616 539 3670 cognomen
557 3602 708 3666 acceperat,
729 3601 775 3662 qui
792 3603 890 3664 postea
907 3601 1036 3662 Torquati
1052 3615 1204 3668 cognomen
1220 3601 1248 3651 in
1266 3598 1395 3649 familiam
1412 3598 1451 3649 in·

232 3676 300 3734 tunt,
319 3675 395 3724 cuius
407 3671 600 3723 adulescentuli
618 3685 780 3740 generosum
799 3687 831 3720 sc
849 3673 922 3735 pium
940 3684 1008 3740 arga
1021 3674 1124 3736 patrem
1142 3671 1242 3721 iactum
1254 3671 1305 3720 boc
1317 3669 1450 3733 exemplo,

232 3749 267 3798 de
286 3761 338 3812 quo
357 3745 471 3814 agimus,
491 3744 654 3802 recensetur,
673 3744 770 3808 quique
790 3743 859 3793 adeo
877 3757 990 3793 seuerus
1007 3743 1035 3792 in
1052 3742 1135 3792 fliium
1154 3743 1220 3800 erat,
1238 3742 1268 3791 ut
1284 3741 1373 3791 securi
1390 3754 1452 3790 eum

232 3819 391 3882 percuteret,
410 3815 456 3866 iiio
467 3816 526 3866 ioco
544 3827 696 3864 sermonem
715 3827 778 3864 esse
797 3815 877 3879 atque
896 3815 965 3864 adeo
983 3816 1055 3864 recte
1073 3815 1143 3863 hunc
1164 3814 1275 3878 utroque
1292 3811 1451 3880 cognomina

231 3889 406 3953 Imperiosum
435 3887 599 3952 Torquatum
623 3885 763 3951 appellari.
815 3886 855 3938 Gi.
879 3885 1008 3936 Perizonii
1035 3886 1115 3936 anim.
1145 3884 1208 3935 hist.
1234 3899 1257 3936 e.
1281 3878 1307 3934 8.
1336 3898 1364 3947 p.
1387 3877 1451 3934 361.

232 3963 274 4012 eri.
293 3959 368 4010 ilari.

304 4029 368 4082 dese
385 4026 539 4098 woradi
556 4025 628 4092 briis)
645 4030 746 4080 Omnes
765 4028 822 4079 iere
840 4028 948 4078 codices
966 4021 1166 4092 benefaciendi
1182 4021 1252 4085 dciii,
1273 4025 1344 4087 quod
1363 4025 1452 4074 iocum

234 4105 336 4154 babere
354 4116 407 4152 non
429 4115 514 4166 posse
538 4099 630 4153 contra
653 4099 788 4150 Vorstiurn
812 4100 910 4151 euincit
931 4098 1090 4156 Turranius,
1113 4097 1203 4147 multis
1226 4097 1357 4160 exemplis
1379 4109 1451 4145 com-

233 4177 352 4240 probans
371 4169 463 4223 delium
478 4171 577 4238 sarcre
599 4173 669 4222 idem
693 4171 785 4220 ualere
810 4172 890 4236 atque
913 4167 1006 4221 bedam
1027 4167 1139 4236 inserte.
1174 4168 1225 4232 (Gi.
1242 4169 1301 4218 Liu.
1320 4166 1340 4221 1.
1365 4160 1407 4222 lt.
1424 4161 1451 4215 4.

233 4245 325 4296 lustin.
344 4245 389 4303 iii,
407 4239 433 4302 5.
453 4240 479 4295 5.
497 4243 610 4302 xxxtl,
628 4238 655 4300 3,
673 4237 699 4293 5.
717 4241 789 4292 iter.
807 4241 851 4300 iii,
870 4239 908 4304 i.)
944 4241 1046 4291 indicat
1068 4241 1157 4290 mendi
1179 4253 1292 4290 causam
1315 4237 1374 4287 iibri
1398 4235 1451 4284 Ds-

233 4317 323 4368 nielini
345 4316 474 4381 primaria
497 4313 629 4380 scriptura
657 4309 720 4362 besa
741 4309 867 4380 ficiesdi,
896 4313 966 4374 quod
991 4313 1103 4380 Pighius
1131 4327 1185 4362 non
1208 4310 1279 4360 maie
1306 4306 1451 4356 secundum

235 4387 430 4439 Gombiacsnee
443 4386 594 4450 exemplum
607 4385 798 4436 emcndauersi
809 4382 873 4434 dese
881 4379 1005 4450 fisimds'.
1024 4383 1113 4432 minus
1124 4381 1296 4447 probabiliter
1307 4376 1453 4426 Torrenius

234 4457 298 4511 bose
401 4455 407 4468 '
458 4455 476 4508 i.
512 4455 566 4506 Sed
585 4457 667 4523 longe
686 4455 808 4520 praestet
825 4456 940 4506 aiterum
957 4454 1030 4512 iliud,
1049 4455 1121 4516 quod
1138 4467 1157 4502 a
1174 4451 1269 4520 Pigbio
1286 4446 1453 4512 propositum

234 4534 286 4587 est.
305 4473 402 4580 ἕσπεο
474 4526 480 4538 “
537 4525 551 4583 ’,
573 4544 626 4593 qua
643 4527 775 4578 locutione
792 4527 895 4576 tanturn
912 4541 966 4576 non
985 4539 1092 4589 semper
1110 4523 1190 4572 utitur
1207 4519 1340 4601 Valerius.
1362 4516 1402 4566 Gi.
1421 4515 1452 4571 li,

234 4604 260 4662 b,
281 4598 305 4654 7.
325 4602 356 4658 V.
379 4597 402 4658 l,
438 4600 498 4657 .V,
516 4596 542 4658 u.
561 4597 587 4652 8.
607 4599 637 4656 i'.
657 4595 683 4656 i,
704 4593 728 4650 l.
747 4599 783 4649 ui.
819 4597 882 4648 Sine
901 4589 1453 4658 dubieenimiuarcbstypocodrceprae·

233 4673 375 4740 positionis
393 4671 457 4722 nota
474 4664 491 4722 c*
508 4671 646 4722 exciderat
662 4671 773 4734 prepter
790 4670 957 4733 praecedens
976 4683 998 4717 s.

305 4739 332 4798 4.
352 4743 391 4797 ci.
409 4743 468 4796 Dio.
486 4744 565 4798 Cass.
582 4741 708 4804 xxxvi,
726 4735 771 4794 2³.
789 4756 817 4806 p·
837 4735 888 4791 10⁰
906 4739 990 4790 lisim.
