3409 5400
264 524 329 590 254
685 514 749 587 Dlil¹
768 518 1074 589 FORTITVDINE.

203 684 254 749 16.
353 680 491 745 Felicior
514 683 671 768 progenie
696 704 757 747 sua
776 685 926 769 superior
940 682 1033 758 Cato,
1058 704 1078 748 a
1102 706 1166 770 quo
1181 682 1319 748 Porciae
1342 683 1486 749 familiae

265 789 425 875 principia
458 798 641 852 manarunt.
686 790 757 869 ‚Qui
793 812 866 855 cum
902 791 944 855 ab
978 789 1074 853 hoste
1106 792 1142 854 in
1178 790 1248 855 acie
1277 790 1487 855 uehementer

265 894 432 979 tparunlo
456 904 625 979 peteretur,
647 896 771 980 uagina
795 894 926 981 gladius
954 898 1026 960 eius
1048 896 1182 984 elapsus
1206 896 1334 961 decidit.
1379 898 1487 978 Quem

265 1000 446 1066 subiectum
473 1000 699 1085 proeliantium
728 1000 826 1087 globo
852 1012 948 1087 atque
978 1003 1121 1089 tmdique
1151 1002 1324 1067 hostilibus
1348 1004 1486 1089 pedibas

266 1108 510 1181 circumdatum,
532 1116 708 1192 postquam
733 1108 850 1171 abesse
875 1109 938 1172 sibi
961 1109 1198 1184 animaduertit,
1221 1111 1305 1174 adeo
1326 1114 1509 1176 constantie

266 1214 374 1276 animo
393 1216 426 1277 in
445 1236 539 1277 sumn
557 1224 749 1297 potestatem
767 1213 895 1299 redegit
912 1225 945 1275 ut
961 1213 1049 1277 illurn
1070 1236 1134 1277 non
1147 1216 1291 1299 periculo
1305 1235 1484 1303 oppressus

265 1339 380 1405 rapere
415 1320 475 1382 sed
509 1330 596 1383 metu
629 1340 753 1381 uacuus
788 1338 919 1381 sumere
952 1318 1124 1383 uideretur.
1187 1322 1261 1402 Quo
1297 1324 1484 1408 spectaculo

267 1426 400 1489 adtoniti
431 1424 542 1488 hostes
571 1436 704 1508 postero
734 1424 786 1487 dic
816 1425 860 1488 ad
888 1443 961 1487 eam
993 1427 1158 1511 supplices
1187 1449 1303 1513 pacem
1339 1441 1483 1514 petentes

265 1542 432 1595 uenerunt.

203 1636 254 1700 17.
354 1635 467 1723 Togae
496 1658 624 1723 quoque
654 1636 805 1699 fortitudo
834 1636 1025 1700 militaribus
1049 1638 1203 1722 operibus
1226 1640 1403 1703 inserenda
1425 1651 1523 1714 estre

267 1745 344 1829 quia
367 1744 504 1807 eandem
527 1742 656 1807 laudem
679 1744 750 1805 foro
775 1752 873 1828 atque
896 1744 1013 1807 eastris
1038 1744 1125 1807 edita
1147 1756 1297 1810 meretur.
1339 1745 1421 1808 Cum
1437 1744 1485 1808 li.

266 1848 435 1913 Gracchus
462 1851 495 1911 in
519 1848 680 1912 tribunatu
709 1848 948 1933 profusissimis
977 1848 1202 1934 largitionibus
1233 1853 1347 1915 fauore
1375 1850 1485 1935 populi

177 2020 183 2025 ,
266 1966 424 2041 occupato
459 1976 527 2017 rem
561 1953 723 2039 publicam
752 1974 947 2038 oppressam
974 1966 1097 2017 teneret
1124 1954 1298 2039 palamque
1328 1956 1487 2019 dictitaret

265 2062 455 2146 interempto
479 2071 596 2125 senatu
619 2062 730 2124 omnia
753 2080 810 2144 per
832 2059 961 2145 plebem
985 2060 1039 2145 agi
1056 2060 1185 2133 debere,
1208 2062 1242 2123 in
1260 2060 1376 2124 aedem
1393 2060 1485 2123 Fidei

265 2166 420 2231 Publicae
448 2169 619 2231 conuocati
648 2178 757 2251 patres
781 2167 958 2249 conscripti
981 2186 1002 2227 a
1031 2164 1165 2228 conside
1187 2165 1297 2230 Mucio
1322 2165 1522 2231 Scaeuolam

771 2280 983 2293 m

268 2328 290 2379 1.
310 2329 422 2378 Felicior
440 2328 568 2395 progenie
588 2342 638 2376 sua
657 2342 705 2377 om.
724 2324 755 2378 Γ.
774 2327 787 2393 ΙΙ
805 2327 944 2390 superiore
962 2322 994 2374 Β.
1011 2323 1024 2392 ΙΙ
1041 2322 1067 2376 2.
1093 2327 1141 2386 Qui
1167 2341 1215 2376 om.
1234 2323 1265 2377 Γ.
1284 2324 1297 2392 ΙΙ
1316 2328 1486 2375 uehementer

265 2398 388 2464 paruulo]
409 2400 613 2449 uehementer*
626 2414 670 2448 aa
690 2395 719 2449 C.
739 2398 911 2446 uehementer
929 2398 1057 2457 paruulus
1076 2392 1113 2445 D.
1132 2393 1194 2447 add.
1220 2398 1237 2445 l'
1262 2399 1412 2447 uehementi
1430 2402 1484 2446 tra·

265 2474 330 2539 guia
347 2484 437 2534 mcrpo
456 2469 487 2521 A.
506 2472 656 2519 uehementi
675 2469 792 2532 periculo
814 2465 892 2517 Torr.
903 2465 917 2531 Η
928 2460 953 2517 3.
973 2482 1024 2529 que
1046 2464 1078 2517 Β.
1091 2465 1105 2532 ΙΙ
1116 2464 1141 2519 l.
1159 2469 1335 2530 prostibulum
1352 2466 1390 2517 D.
1400 2466 1415 2532 ΙΙ
1426 2468 1485 2533 glo·

266 2546 327 2591 bmn
347 2538 403 2605 Β.ΙΙ
417 2541 508 2605 atquc]
529 2543 556 2589 et
576 2538 651 2589 'Fora
669 2536 681 2605 ΙΙ
701 2536 723 2589 7.
744 2538 826 2603 metu]
847 2552 889 2585 me
904 2549 949 2601 pr.
967 2534 998 2585 rt.
1016 2534 1029 2602 ΙΙ
1050 2534 1090 2588 10.
1109 2538 1203 2604 'logne
1222 2567 1256 2574 -
1275 2534 1344 2604 (il.)
1369 2540 1485 2587 meretur

236 2625 245 2640 ·
266 2626 315 2661 om.
334 2609 365 2660 Γ.
380 2607 391 2676 ΙΙ
406 2610 499 2677 Togae
519 2610 634 2673 quoquc]
654 2610 788 2676 togaeque
806 2606 841 2659 Ε.
857 2608 869 2672 ll
888 2605 925 2656 ll.
946 2607 1020 2672 quia]
1040 2609 1085 2668 qai
1093 2622 1138 2673 pr.
1151 2606 1183 2657 A.
1203 2624 1272 2673 quae
1290 2604 1352 2659 BC.
1364 2608 1378 2674 ΙΙ
1389 2608 1484 2656 eadem

265 2683 345 2732 laude
363 2678 387 2730 Β
406 2686 430 2730 et
443 2694 488 2746 pr.
508 2678 539 2731 Α.
558 2682 670 2730 candem
689 2681 769 2729 baula
790 2676 819 2730 C.
840 2674 851 2743 ΙΙ
877 2674 916 2729 13.
935 2682 1067 2741 aucupato
1086 2678 1154 2729 eoai.
1171 2676 1288 2746 Lipsius.
1307 2675 1321 2748 ΙΙ
1340 2682 1483 2729 obsessam

266 2749 296 2803 Γ.
309 2750 322 2818 ΙΙ
335 2753 446 2800 dictaret
466 2748 493 2801 C.
507 2749 519 2816 ΙΙ
536 2745 573 2800 15.
593 2752 697 2813 publice
716 2747 919 2800 BCDETorr.
935 2747 947 2815 ll
962 2749 990 2815 a]
1010 2765 1069 2798 curu
1088 2746 1124 2801 D.
1137 2749 1150 2817 ΙΙ
1162 2755 1251 2800 mutuo
1272 2749 1306 2802 Ε.

340 2887 378 2942 tb.
399 2893 436 2944 Gt.
456 2893 545 2942 Front.
564 2892 640 2942 strat.
658 2892 719 2948 llll,
740 2887 765 2948 5,
787 2888 827 2942 lt.
852 2893 921 2943 Plat.
940 2891 1016 2943 Aera.
1035 2892 1109 2941 Paul.
1128 2887 1170 2942 2¹.
1195 2891 1286 2940 lustin.
1304 2890 1438 2947 xxxta,
1457 2887 1484 2940 2.

336 2958 550 3029 repertorium)
580 2965 654 3020 Quae
679 2963 810 3026 superiori
836 2963 941 3020 Catoni,
966 2964 983 3010 i.
1007 2977 1030 3010 c.
1051 2963 1086 3011 li.
1112 2961 1203 3008 Porcio
1228 2962 1348 3010 censorio
1374 2963 1401 3010 et
1425 2962 1483 3010 duci

267 3033 372 3095 quidem
393 3034 525 3082 exercitus
544 3033 704 3088 tribmntm.
732 3048 792 3082 nam
813 3034 906 3082 dacem
932 3047 992 3081 eum
1017 3049 1034 3080 a
1052 3031 1159 3081 Valerio
1182 3033 1301 3080 habitum
1324 3045 1389 3081 esse
1412 3033 1484 3080 recte

268 3105 328 3154 inde
347 3105 455 3171 collegit
474 3104 631 3160 Glareanus,
652 3106 721 3167 quod
740 3105 834 3154 hostes
847 3107 957 3167 postero
976 3105 1019 3152 die
1031 3105 1066 3152 ad
1078 3118 1138 3153 eum
1149 3118 1245 3166 pacem
1257 3103 1364 3166 petituri
1377 3103 1485 3152 uenisse

268 3177 394 3232 dicuntur,
414 3189 448 3223 ca
465 3175 614 3229 Frontinus,
634 3173 800 3233 Plutarchus,
820 3175 937 3224 lustinus
956 3191 973 3223 a
991 3175 1027 3224 bt.
1046 3176 1155 3232 Catone,
1176 3175 1288 3223 censorii
1307 3174 1370 3229 illio,
1388 3175 1484 3222 iuuene

267 3247 338 3296 bello
358 3246 530 3294 Macedonico
549 3244 652 3293 Aemilii
670 3246 746 3294 Pauli
770 3249 848 3296 dircia
873 3248 900 3294 et
918 3245 1045 3307 auspiciis
1063 3247 1145 3310 gesta
1169 3259 1232 3295 esse
1256 3245 1400 3294 memoriae
1423 3258 1484 3308 pro·

268 3318 396 3367 diderunt.
433 3316 540 3363 Miscuit
557 3316 637 3380 igitur
650 3315 771 3364 Valerius
785 3318 811 3364 et
828 3317 944 3365 contudit
955 3319 1059 3378 patrem
1076 3331 1135 3364 eum
1154 3316 1216 3373 tilio,
1236 3316 1367 3364 communi
1379 3315 1485 3365 nontinc

269 3389 404 3450 deceptus,
424 3385 569 3435 incredibili
588 3385 632 3433 illa
651 3387 676 3433 in
696 3387 836 3436 scribendo
856 3387 972 3443 leuitate,
993 3401 1072 3450 quam
1091 3386 1181 3434 notaui
1199 3387 1225 3434 in
1244 3385 1328 3448 praei.
1348 3403 1373 3449 p.
1394 3379 1437 3435 30.

338 3455 499 3507 uehementer
516 3453 673 3522 †pcrualo)
692 3456 782 3520 inepte
801 3457 882 3520 plane
900 3459 1038 3520 bucusque
1057 3458 1186 3505 edebatur
1203 3454 1345 3506 seducenti
1353 3452 1483 3522 pertento.

269 3529 317 3576 nst
335 3541 401 3578 sane
420 3529 666 3592 desperatissimum
679 3529 818 3592 archetypi
837 3527 941 3585 uulnus,
961 3530 986 3576 in
1000 3544 1051 3592 quo
1065 3529 1185 3575 sanando
1199 3539 1361 3576 strarmorum
1372 3527 1485 3575 uirorum

268 3599 377 3667 ingenia
396 3601 493 3649 trustra
517 3599 678 3648 laborarunt.
715 3600 888 3647 Coniecturae
907 3603 950 3648 sat
969 3599 1082 3654 multae,
1103 3595 1206 3662 percito
1231 3595 1347 3662 (Vorst.)
1371 3594 1484 3661 camb.

264 3667 404 3737 parmata,
431 3668 538 3736 sperato
562 3668 669 3733 (t’eriz.)
694 3667 836 3718 aetaaeati
853 3667 907 3717 ictu
927 3669 1044 3733 (coiea),
1064 3669 1213 3717 emendatio
1231 3669 1313 3719 arilia.
1347 3665 1486 3716 Armorum

270 3754 370 3806 genus,
395 3757 445 3805 quo
464 3741 561 3802 petitus
582 3741 616 3788 sit
635 3740 708 3797 Cato,
730 3741 864 3790 Valerium
884 3741 935 3787 bec
960 3755 1026 3788 uoce
1046 3740 1191 3788 denotasse
1215 3739 1336 3803 equidem
1361 3739 1405 3786 uix
1431 3751 1486 3786 cre·

271 3812 394 3867 diderim,
424 3813 472 3859 sed
497 3813 620 3860 desidero
651 3823 751 3860 causae
780 3811 987 3872 descriptionem
1017 3826 1063 3859 cur
1093 3811 1185 3858 Catoni
1215 3810 1321 3876 gladius
1346 3823 1362 3858 e
1386 3809 1487 3874 uagina

271 3883 404 3930 deciderit.
448 3882 588 3929 Frontinus
613 3897 680 3944 equo
705 3883 811 3943 lapsum
836 3897 897 3929 eum
916 3882 1140 3929 animaduertisse
1165 3881 1256 3928 scribit
1275 3881 1409 3929 excidisse
1428 3880 1485 3944 gla-

271 3952 356 4006 dium;
388 3952 504 4000 lustinus
536 3965 603 4015 equo
634 3952 739 4012 quidem
765 3952 905 4012 delapsum
937 3953 964 3998 et
988 3952 1122 4012 manipulo
1147 3951 1263 3998 hostium
1288 3952 1486 4002 circumdatum,

271 4023 319 4070 sed
338 4023 415 4070 citius
433 4022 574 4071 recollecto
593 4035 712 4084 corpore,
732 4037 791 4070 cum
804 4035 943 4083 procerum
962 4021 1095 4080 quendam
1108 4023 1219 4083 peteret,
1239 4022 1360 4087 gladium
1372 4035 1389 4070 e
1406 4033 1485 4068 manu

271 4092 396 4141 omisisse
415 4092 503 4142 refert.
540 4093 586 4140 Cui
605 4092 729 4155 reiquae
748 4094 832 4140 uerba
851 4091 1055 4140 accommodata
1073 4094 1126 4140 sint
1143 4093 1243 4142 neseio.

344 4158 384 4214 il.
393 4162 443 4282 ss(il.
462 4161 528 4212 Velt.
548 4162 580 4220 ll,
599 4156 624 4212 3.
644 4163 709 4211 Plut.
729 4161 768 4213 Ti.
788 4163 900 4212 Graecb.
922 4157 962 4213 itt.
981 4162 1050 4225 App.
1069 4164 1119 4214 cin.
1139 4163 1159 4221 I,
1182 4157 1213 4212 lb
1230 4177 1257 4225 p.
1279 4157 1337 4212 168.
1358 4160 1434 4214 auct
1453 4162 1487 4209 de

270 4233 319 4282 uir.
337 4233 373 4284 ill.
429 4270 436 4284 .

341 4301 421 4354 Ftrtet
436 4301 570 4365 Publicae)
597 4303 641 4352 Sic
666 4306 737 4353 reete
756 4321 771 4352 a
791 4305 926 4367 plerisque
951 4305 1013 4354 ante
1031 4303 1128 4354 llldum
1146 4306 1245 4354 editum
1263 4305 1349 4354 tuisse
1367 4317 1487 4366 compro·

271 4375 337 4425 bant
354 4391 422 4425 nunc
446 4377 552 4425 codices
577 4376 720 4424 tiernensis
744 4377 770 4424 et
794 4378 966 4425 abbreuiatus
990 4377 1228 4440 Guelferbytanus,
1254 4390 1313 4424 eam
1337 4376 1431 4438 reliqui
1453 4387 1487 4422 ex

272 4463 346 4496 more
365 4448 519 4498 recentioris
538 4447 598 4496 aeui
617 4447 734 4494 habeant
748 4442 864 4511 publice.
886 4450 956 4508 qaod
976 4447 1066 4496 nescio
1086 4449 1191 4510 quade
1210 4459 1295 4497 euersa
1313 4447 1405 4494 contra
1422 4444 1488 4493 Tor·

272 4519 374 4568 renium
393 4519 557 4568 retinendum
576 4516 670 4564 dixerit
688 4517 822 4578 liuppius3
842 4531 906 4565 nam
924 4515 1028 4580 publice
1047 4519 1189 4568 commeari
1202 4523 1294 4580 patres
1312 4516 1487 4578 conscriptos,

272 4592 296 4636 si
314 4591 404 4638 tamen
422 4591 473 4638 boc
487 4589 528 4638 est
541 4588 647 4651 aliquid,
662 4601 719 4634 cum
735 4587 863 4636 uocantur
875 4603 892 4635 a
905 4589 1022 4641 consule,
1037 4604 1085 4650 per
1099 4603 1130 4638 se
1143 4588 1310 4656 intellegitur.
1347 4587 1488 4649 Templum

272 4662 362 4708 autem
379 4663 494 4716 litator
509 4658 638 4729 δημοσίας
654 4661 843 4710 commemorat
858 4659 972 4722 Dionys.
998 4659 1057 4710 liat.
1076 4661 1108 4719 ti,
1132 4655 1172 4710 15.
1198 4661 1237 4712 Cf.
1255 4659 1365 4709 becker.
1387 4657 1487 4706 bandb.

272 4729 298 4781 d.
316 4731 391 4783 Rom.
411 4731 515 4782 elterth.
533 4732 553 4792 l,
571 4739 598 4794 p.
616 4723 677 4783 ⁴03.
