3409 5400
570 500 651 571 nte.
674 500 730 580 ΙΙΙ,
753 502 791 571 G.
814 504 846 580 2,
869 510 900 579 ς.
923 501 1066 568 8-10.
1361 498 1428 569 251

297 662 457 727 Strenuus
481 661 534 726 ille
559 684 688 749 quoque
711 664 772 729 flos
797 664 920 728 ordinis
945 661 1116 747 equestris,
1140 662 1234 725 cuius
1256 662 1341 726 mira
1363 662 1470 731 uir-9.

193 778 267 831 tute
301 766 423 833 Fabius
453 767 618 835 Maximus
647 769 818 835 Rullianus
849 770 1008 854 magister
1037 768 1181 852 equitum
1211 767 1311 841 bello,
1341 768 1429 853 quod

193 874 369 937 aduersus
396 874 564 941 Samnites
601 877 789 963 gerebatur,
823 875 910 943 male
941 874 1109 938 commissi
1144 873 1261 959 proclii
1294 874 1428 939 crimine

191 980 333 1045 leuatus
358 991 417 1048 est.
452 982 602 1069 Namque
621 983 752 1069 Papirio
770 984 912 1047 Cursore
931 993 1062 1067 propter
1084 981 1233 1065 auspicia
1254 980 1431 1065 repetenda

169 1087 233 1153 ein
269 1086 385 1152 urbem
416 1091 643 1172 proficiscente
673 1091 791 1155 castris
819 1091 1028 1175 praepositus
1057 1110 1095 1152 aa
1119 1089 1234 1151 uetitus
1261 1088 1297 1149 in
1324 1088 1429 1151 aciem

196 1194 385 1259 creceium
408 1194 537 1269 ducere,
561 1195 771 1262 nihilominus
794 1218 915 1261 manus
928 1218 1004 1259 cum
1025 1194 1131 1269 hoste,
1154 1194 1215 1259 sed
1237 1204 1303 1261 tam
1325 1192 1429 1257 infeli·

197 1302 287 1365 citer
321 1321 420 1387 quam
455 1312 575 1365 temere
609 1306 789 1378 conseruit;
823 1303 938 1388 procul
966 1302 1052 1365 enim
1080 1301 1177 1365 dubio
1206 1300 1430 1385 superabatur.

199 1407 361 1471 Ceterum
384 1409 525 1492 optimae
549 1408 668 1473 indolis
691 1411 842 1474 iuuentus
858 1409 1010 1472 detractis
1029 1428 1187 1492 equorum
1207 1408 1309 1471 frenis
1331 1405 1432 1470 uehe-

198 1524 334 1577 menter
366 1534 423 1578 ees
459 1514 642 1579 calcaribus
677 1516 859 1581 stimulatos
893 1517 929 1578 in
962 1514 1123 1579 aduersos
1151 1514 1319 1577 Samnites
1355 1514 1431 1599 egit,

162 1632 190 1677 1⁰
201 1618 437 1707 obstinataque
454 1622 554 1687 anirni
566 1624 753 1707 praesentia
766 1633 923 1687 extortam
938 1620 1091 1685 manibus
1101 1618 1247 1683 hostium
1261 1619 1430 1682 uictoriam

203 1734 240 1787 et
266 1746 340 1789 cum
364 1748 405 1791 ea
427 1748 521 1813 spem
544 1730 676 1793 maximi
699 1730 781 1793 ciuis
805 1728 948 1801 Rulliani
971 1728 1095 1813 patriae
1118 1726 1265 1790 restituit.

301 1831 416 1910 Qualis
434 1832 552 1897 deinde
564 1834 692 1899 roboris
704 1834 751 1900 illi
768 1834 898 1910 milites,
916 1836 972 1920 qui
990 1833 1174 1897 uehementi
1186 1834 1253 1898 ictu
1267 1852 1432 1895 remorum
1443 1831 1494 1897 10.

207 1939 408 2003 concitatam
438 1940 520 2026 fuga
545 1940 705 2005 Punicam
740 1945 872 2006 classem
904 1948 1013 2004 males
1041 1940 1173 2003 lubricis
1202 1941 1309 2022 pelopi
1342 1939 1432 2021 quea

209 2064 398 2130 camporum
423 2046 571 2111 firmitate
594 2047 721 2131 pedites
744 2050 778 2111 in
801 2049 875 2111 litus
899 2044 1124 2110 cenaret-unii

214 2182 236 2236 l.
259 2187 284 2249 s.
303 2184 328 2239 b.
347 2202 397 2239 om,
415 2186 446 2240 Γ.
461 2186 474 2255 ΙΙ
487 2186 512 2240 2.
533 2187 670 2239 rutilianus
688 2186 903 2241 ARCDEPcr.
925 2184 987 2237 Via.
1005 2184 1041 2237 alt
1057 2183 1094 2240 ll,
1116 2184 1141 2245 l,
1161 2183 1185 2239 8,
1198 2186 1211 2253 ΙΙ
1223 2183 1248 2238 l.
1266 2187 1383 2250 papyrio
1401 2182 1431 2235 A.

233 2254 279 2325 to.
299 2259 364 2325 tam]
384 2258 413 2309 ia
430 2274 528 2311 rasura
544 2256 576 2313 Δ.
603 2262 766 2311 tumentem
786 2259 821 2312 D.
844 2261 974 2311 nontam
991 2254 1102 2309 ETcrr.
1121 2257 1135 2323 ΙΙ
1152 2258 1263 2307 feliciter
1280 2252 1431 2307 ABCDE.

232 2324 278 2397 19.
298 2332 386 2397 coegit
404 2326 440 2381 D.
452 2330 467 2399 ΙΙ
481 2327 519 2382 11.
545 2331 657 2380 rutiliani
676 2328 795 2382 subn
813 2335 837 2380 et
858 2343 927 2379 carr.
946 2327 977 2378 Δ.
1001 2324 1124 2394 Repetite
1141 2324 1259 2377 Raibaai
1276 2323 1433 2391 aprificatio

209 2405 333 2468 suspecta
352 2404 410 2450 erat
426 2396 598 2475 Perierunt
615 2397 655 2454 12.
676 2404 701 2464 s.
724 2398 763 2451 to.
782 2416 831 2450 om.
850 2397 882 2449 Γ.
898 2396 912 2464 ΙΙ
932 2392 972 2449 13.
998 2398 1082 2464 fugae
1105 2393 1364 2460 incusserat!
1382 2392 1431 2443 Ριι-

210 2474 300 2523 nicam
325 2498 360 2509 ·-
385 2467 452 2536 (14.)
477 2472 642 2539 camporum]
669 2474 887 2535 punicamporum
910 2466 1024 2528 (omissis
1046 2465 1165 2533 reliquis)
1187 2464 1212 2516 li
1238 2471 1321 2586 cipi.
1337 2461 1432 2515 ΑΘΒ.

210 2540 367 2611 suppleatur
388 2540 485 2592 omnes
508 2542 536 2593 ia
562 2558 643 2609 marp.
667 2540 760 2593 ΑΘΒ.
785 2544 909 2606 punicam
932 2541 1050 2589 classem
1074 2537 1242 2588 brachiorum
1293 2536 1324 2604 ,11
1342 2535 1433 2585 lubrici

213 2611 348 2679 marpissa
366 2608 428 2663 CD.
447 2614 546 2663 lubrico
568 2610 644 2665 Torr.
657 2612 670 2680 ΙΙ
681 2615 790 2680 peitago
808 2626 899 2676 marpo
920 2608 949 2663 C.

286 2733 311 2787 b.
331 2739 370 2786 Gi.
389 2739 447 2790 Liu.
467 2739 534 2796 Vlll,
553 2733 595 2789 30.

285 2805 334 2858 sed
350 2813 403 2859 lam
421 2807 581 2875 infeliciter)
599 2811 730 2868 lidilores,
750 2810 912 2858 recentiores
925 2809 1033 2857 codices
1049 2808 1142 2864 secuti,
1161 2823 1220 2855 cum
1240 2807 1268 2854 iu
1286 2806 1434 2868 archetypo

215 2883 311 2930 luisset
329 2877 377 2929 sed
394 2883 447 2930 tam
456 2878 587 2945 feliciter,
607 2883 778 2948 negationem
795 2880 963 2930 inseruerant
982 2884 1043 2927 ente
1055 2881 1116 2930 tam.
1155 2878 1322 2926 Probabilius
1342 2878 1435 2924 doctus

218 2952 315 3012 aliquis
333 2952 413 2999 borno
438 2953 465 3000 in
491 2953 581 3001 codice
601 2953 756 3000 liiturieensi
779 2953 879 3015 primo,
905 2950 949 3012 qui
975 2953 1084 2998 uocatur
1108 2965 1125 2996 u
1143 2947 1286 3003 Torreuio,
1313 2949 1436 2997 ruendum

217 3022 325 3070 sustulit
343 3022 483 3071 scribendo
502 3017 550 3071 sed
572 3026 624 3072 tam
648 3020 797 3086 infeliciter.
834 3021 1063 3083 Praepositionem
1086 3016 1114 3068 ia
1138 3020 1287 3069 sescenties
1312 3022 1338 3067 in
1362 3013 1436 3066 libris

216 3105 284 3142 raas.
304 3093 330 3140 et
347 3093 432 3141 ortam
452 3096 478 3142 et
496 3095 651 3156 absorptam
670 3107 734 3141 esse
753 3094 832 3142 simili
845 3094 948 3142 litterae
961 3086 986 3139 ia
998 3093 1085 3157 ligura
1096 3092 1215 3140 notares
1228 3094 1279 3140 est.
1315 3091 1437 3140 Ceterum

217 3165 403 3226 inprosperam
421 3165 515 3226 proelii
534 3165 607 3212 initio
626 3165 757 3212 loctunam
785 3165 870 3213 luisse
895 3165 953 3225 ipse
973 3163 1096 3210 Valerius
1120 3163 1171 3210 sibi
1195 3160 1306 3209 linxisse
1324 3159 1436 3215 uidetur,

218 3249 271 3298 quo
291 3234 386 3282 clarior
404 3236 520 3284 eluceret
539 3235 638 3284 ordinis
657 3235 789 3299 eqrrestrts
808 3235 904 3301 gloria,
923 3234 1061 3282 uictoriam
1080 3233 1195 3280 bostium
1213 3231 1336 3279 manibus
1352 3232 1438 3278 extor-

214 3305 331 3372 quentis.
370 3305 460 3354 {liuius
480 3321 557 3370 quem
577 3307 602 3354 in
627 3306 736 3368 reliquis
762 3307 881 3366 scipritur
903 3306 946 3353 bic
970 3305 1096 3365 scriptor,
1122 3303 1188 3351 nibil
1211 3302 1329 3350 relictum
1353 3300 1437 3348 titisse

218 3374 307 3430 relect,
320 3391 381 3440 quio,
394 3377 417 3423 si
430 3377 562 3425 siluisset
574 3377 693 3433 dictator,
709 3389 752 3424 res
763 3377 858 3424 melius
868 3376 925 3442 geri
938 3375 1079 3436 potuisset,
1093 3375 1249 3433 eqrritesque
1263 3387 1294 3420 eo
1308 3370 1437 3419 cerdaniae

219 3461 319 3512 genere
340 3457 404 3494 usos
424 3461 497 3507 esse,
522 3449 583 3512 quia
608 3447 767 3508 aliquotiens
793 3447 882 3508 inpetu
907 3446 985 3506 capto
1010 3458 1183 3507 perrumpere
1207 3457 1260 3491 non
1289 3443 1439 3504 potuissent

219 3517 334 3566 bostium
354 3531 461 3578 agmon.

292 3584 332 3637 tu.
352 3585 507 3638 concitatam
519 3587 590 3654 supa
606 3586 730 3638 Punicam
748 3585 867 3647 classem)
886 3586 987 3635 Vitiosa
1000 3585 1026 3634 in
1039 3585 1175 3633 codicibus
1195 3586 1221 3632 et
1240 3585 1266 3632 iu
1281 3583 1439 3632 editionibus

219 3659 454 3708 circumferebatur
464 3657 557 3724 sapae,
581 3661 649 3723 quod
669 3675 722 3722 qua
741 3659 843 3706 ratione
863 3657 1054 3719 explierurcrint
1072 3654 1240 3721 granimatiet
1264 3654 1343 3704 uelim
1362 3656 1439 3703 scire.

220 3729 365 3778 Dicendum
385 3730 473 3794 ntique
492 3733 550 3778 erat
569 3733 614 3780 aut
632 3727 660 3779 iu
671 3727 768 3794 sapam
787 3729 857 3789 tliu.
876 3728 962 3785 xxu,
984 3723 1024 3782 tl,
1043 3722 1081 3788 a.)
1101 3728 1155 3782 aru,
1174 3727 1244 3785 quod
1264 3727 1360 3789 Guyeti
1378 3740 1439 3773 cou-

219 3801 320 3849 iectura
344 3801 415 3849 recte
441 3801 501 3849 buia
526 3801 585 3850 loco
608 3801 763 3856 uinuieauit,
783 3798 864 3864 sapei.
907 3798 952 3846 Sic
976 3797 1066 3848 Valer.
1091 3797 1179 3846 Flaec.
1203 3797 1239 3844 lli
1264 3796 1363 3862 Argon.
1387 3791 1441 3846 583

219 3871 370 3933 composuit
388 3869 436 3920 lali
453 3885 481 3920 se
500 3869 614 3921 concitat
632 3867 729 3922 ardere
746 3868 777 3920 la
796 3869 858 3935 iupa
875 3874 950 3920 senta
966 3867 1045 3934 sapa.
1090 3868 1130 3917 be
1152 3868 1261 3916 notabili
1279 3868 1327 3916 itia
1344 3869 1442 3917 lacuna

218 3942 438 4006 insequentibus,
458 3957 537 4005 qtram
552 3943 609 3991 libri
622 3942 751 3992 Danieliui
766 3943 942 3990 correctorem
955 3941 1103 4000 antiquiore
1116 3939 1205 3999 aliquo
1219 3939 1310 3988 codice
1322 3940 1442 3988 adiutura·

219 4013 348 4074 explesse
367 4017 576 4062 cousentaneum
595 4015 646 4070 est,
666 4015 720 4062 dini
739 4015 765 4062 in
784 4013 951 4076 praelatione
969 4028 995 4074 p.
1014 4005 1058 4059 tlt.
1094 4011 1175 4059 Recte
1200 4025 1264 4058 uero
1282 4010 1309 4058 in
1328 4012 1379 4059 boc
1397 4025 1440 4058 co·

219 4084 286 4132 uias
306 4084 451 4132 Beruensis
471 4084 657 4146 supplemento
677 4089 801 4136 sarriatur
819 4080 945 4135 lubricis,
965 4083 1035 4142 atroci
1054 4081 1080 4128 in
1099 4081 1291 4131 recentioribus
1310 4081 1441 4144 exemplis

219 4157 395 4217 deprecatum
414 4157 458 4204 est
475 4155 501 4204 in
518 4151 622 4211 lucia,
642 4156 668 4204 in
687 4156 846 4204 editionibus
864 4155 891 4203 iu
909 4149 1019 4202 lairico.
1055 4150 1221 4214 Saepissime
1234 4153 1305 4202 enim
1322 4153 1441 4202 locorum

219 4227 317 4275 natura
344 4226 482 4274 adiectiuis
512 4227 605 4275 neutra
636 4241 736 4291 gernere
764 4226 904 4290 pluraliter
927 4239 986 4272 cnm
1015 4223 1130 4272 nominis
1153 4224 1271 4289 genitiuo
1294 4222 1441 4271 coniunctis

219 4296 387 4352 descnbitur,
407 4295 446 4344 sic
465 4311 483 4344 a
502 4297 589 4346 Curtio
609 4297 676 4352 Vlll,
700 4293 739 4352 ll,
760 4293 774 4344 Ι
794 4306 852 4364 (per
869 4291 972 4344 lubrica
990 4297 1066 4359 atque
1083 4291 1177 4350 isaia),
1198 4307 1279 4357 quem
1296 4292 1441 4340 Torrenius

220 4368 320 4418 citauit.
349 4367 388 4416 Cl.
408 4366 484 4430 Apul.
504 4369 514 4416 l
534 4365 595 4418 met.
615 4368 669 4416 init.
688 4363 775 4418 ardun
794 4364 916 4416 anubem
934 4369 960 4415 et
976 4361 1079 4414 nicea
1097 4362 1212 4413 nauium.
1239 4361 1304 4411 'lea
1325 4362 1359 4409 lli
1378 4375 1439 4408 ann.

219 4433 256 4488 54
270 4451 322 4502 per
340 4435 442 4487 incerta
459 4435 550 4490 maris.
575 4439 606 4488 cl,
627 4439 760 4488 Biliticber
779 4441 830 4488 lex.
848 4437 913 4487 'luc
931 4453 958 4498 p.
977 4431 1021 4485 35.
1049 4435 1107 4485 Vul.
1126 4435 1151 4490 l,
1178 4431 1193 4480 7
1215 4434 1268 4481 eat.
1294 4426 1311 4479 «Ι
1336 4427 1440 4499 Olympi

220 4507 316 4560 monus
340 4506 417 4560 caba.
460 4509 546 4574 Atque
571 4509 650 4558 etiam
676 4511 847 4577 singulariter
871 4507 1001 4558 abactam
1026 4519 1092 4555 usos
1116 4504 1158 4553 est
1182 4501 1247 4552 Sall.
1267 4501 1323 4568 lug.
1348 4497 1391 4557 ts,
1414 4495 1440 4560 l,

219 4577 291 4630 leat
315 4575 392 4629 arida
416 4583 492 4646 atque
516 4594 634 4632 arenoso.
672 4581 736 4630 Rem
760 4581 861 4644 ipsam,
881 4595 899 4628 a
917 4579 1027 4638 reliquis
1046 4574 1221 4638 scriptoribus
1239 4572 1344 4622 silentio
1363 4585 1440 4634 prae·

220 4651 390 4708 terraneam,
416 4654 533 4701 secundo
558 4652 657 4703 Punico
677 4653 746 4703 bello
771 4651 904 4702 accidisse
927 4649 1068 4713 sequentia
1091 4645 1289 4702 demonstrant,
1314 4639 1441 4696 Eiusdem

221 4719 346 4790 temporis
362 4725 388 4773 el
406 4725 483 4774 rotae
499 4719 580 4776 aries.
