3409 5400
267 362 336 435 m
651 352 713 421 DE
736 346 961 421 CENSORIA
983 348 1115 419 NOTA.

268 520 405 587 crimina
428 516 617 584 temeritatis
649 523 708 581 ant
728 512 862 601 periurii
891 513 1003 581 teneri
1056 507 1166 575 Vnam
1198 508 1421 575 tantummodo
1446 511 1500 576 tri·

267 628 381 701 buum,
403 624 581 698 Maeciam,
603 643 746 687 uacuam
769 631 848 685 nota
871 616 1010 704 reliquit,
1034 638 1118 705 quae
1143 638 1218 681 eum
1235 616 1406 703 suffragiis
1430 618 1499 681 suis

268 742 307 798 ut
332 752 403 798 non
430 730 653 801 damnatione,
676 728 722 793 ita
751 745 791 791 ne
813 723 940 812 honore
965 724 1098 811 quidem
1122 723 1258 809 dignum
1286 722 1500 788 indicauerat.

272 838 383 920 Quam
406 847 557 924 putemus
581 834 762 899 constantis
786 841 818 893 et
840 830 1024 916 praeualidi
1047 829 1137 894 illum
1160 830 1286 917 ingenii
1308 829 1422 905 fuisse,
1446 830 1502 915 qni

272 964 379 1031 neque
403 942 486 1007 tristi
499 940 695 1005 iudiciorum
711 937 798 1000 exitu
817 936 960 1023 conpelli
975 958 1083 1024 neque
1097 936 1260 1002 honorum
1276 935 1525 1024 magnitudines

274 1049 394 1116 adduci
415 1047 519 1133 potuit
541 1066 605 1130 quo
627 1065 667 1107 se
689 1041 895 1109 blandiorem
919 1045 953 1107 in
976 1044 1259 1109 administratione
1281 1044 1329 1107 roi
1352 1041 1502 1129 publicae

231 1255 264 1323 7.
273 1150 534 1345 80ιἯΙιοῖῘῙῗιιιειιίι
558 1274 689 1341 quoque
713 1253 839 1318 ordinis
864 1252 953 1319 boua
981 1277 1170 1344 magnaque
1194 1278 1286 1344 pars,
1316 1252 1426 1319 0000
1453 1254 1502 1318 iu·

274 1384 376 1432 uenes
405 1362 591 1425 censoriam
620 1373 731 1427 notam
759 1362 903 1447 patiente
933 1362 1042 1427 animo
1074 1365 1310 1435 sustinuerunt,
1339 1381 1423 1446 quos
1446 1358 1503 1424 Μ’.

273 1469 429 1536 Valerius
453 1478 485 1531 et
506 1466 545 1530 P.
568 1468 797 1553 Sempronius,
821 1467 899 1552 quia
923 1467 957 1530 in
974 1468 1088 1533 Sicilia
1111 1468 1154 1533 ad
1177 1470 1393 1533 munitionum
1416 1488 1502 1553 opus
1514 1488 1541 1534 to

276 1573 504 1663 explicandum
525 1572 573 1635 ire
595 1574 679 1638 iussi
700 1574 811 1637 facore
834 1571 870 1636 id
893 1571 1115 1659 neglexerant,
1143 1575 1236 1661 cquis
1260 1574 1400 1661 publicis
1424 1594 1503 1659 spo·

274 1682 371 1748 liatos
394 1683 430 1746 in
452 1700 623 1744 nnmerum
646 1681 851 1744 aerariorum
874 1677 1061 1743 retulerunt.

231 1781 266 1849 8.
365 1785 482 1873 Turpis
506 1788 605 1852 etiam
627 1798 736 1851 metus
759 1806 918 1849 censores
936 1808 1066 1851 summa
1082 1808 1156 1851 cum
1173 1788 1344 1851 seueritate
1360 1807 1504 1871 poenam

275 1904 461 1978 exegerunt.
509 1892 644 1957 Marcus
667 1893 755 1955 enim
776 1889 895 1955 Atilius
914 1891 1064 1979 Regulus
1089 1903 1120 1955 et
1143 1890 1180 1956 Ii.
1191 1891 1309 1956 Furius
1324 1890 1439 1957 Philus
1455 1892 1503 1959 M.

274 1996 439 2063 Metellum
464 2009 673 2083 quaestorem
700 1996 942 2083 conpluresque
972 1998 1098 2083 equites
1120 1998 1309 2067 Romanos,
1341 1998 1397 2083 qui
1427 2010 1543 2083 postte

274 2102 446 2172 infeliciter
468 2105 681 2169 commissam
706 2102 918 2167 Cannensem,
942 2124 1089 2189 pugnarn
1117 2126 1191 2169 cum
1221 2124 1262 2168 eo
1291 2104 1435 2169 abituros
1465 2126 1505 2168 se

279 2277 304 2334 1.
323 2279 381 2345 ant]
400 2280 427 2329 et
443 2276 602 2333 Ancus.
619 2282 664 2332 nel
674 2277 751 2332 Torr.
762 2277 776 2345 ΙΙ
795 2294 876 2329 unum
895 2276 927 2332 Β.
943 2278 958 2345 11
973 2282 1070 2331 tribum
1088 2277 1115 2330 E
1133 2286 1157 2331 et
1174 2280 1316 2331 taratara
1332 2276 1367 2333 A.
1389 2278 1492 2347 'remu

278 2349 305 2404 2.
323 2350 468 2416 Maeciam]
488 2352 568 2401 etiam
588 2350 618 2403 C.
642 2352 774 2402 Moeciam
794 2347 873 2401 Torr-
890 2348 945 2415 114.
969 2354 1094 2415 putamus
1112 2350 1141 2402 D
1165 2356 1191 2403 et
1210 2356 1272 2419 poti
1295 2353 1368 2402 ilium
1390 2350 1466 2406 Torr.
1478 2350 1491 2419 ΙΙ

279 2422 455 2472 consonantis
473 2418 631 2473 Auens.
649 2417 705 2489 115.
725 2423 823 2470 exitum
848 2434 919 2470 corr.
938 2419 970 2472 Α.
989 2420 1001 2487 Η
1018 2423 1127 2472 honoris
1146 2420 1183 2473 D.
1202 2420 1258 2489 118.
1278 2423 1303 2485 5.
1324 2418 1348 2472 I.
1367 2438 1416 2473 oar.
1435 2420 1465 2475 Γ.
1478 2423 1491 2490 ΙΙ

279 2488 305 2542 S.
324 2508 359 2544 m.
378 2492 496 2541 ualerios
513 2488 729 2543 Asonssar.
750 2488 827 2542 Torr.
846 2488 916 2555 1110.
936 2493 953 2543 i.
973 2494 1141 2555 sempronius
1161 2494 1181 2557 (I
1200 2491 1228 2542 ia
1245 2499 1353 2552 rasura)
1370 2490 1393 2544 A
1413 2492 1504 2546 cI'nr.

288 2556 358 2630 1118.
377 2562 473 2626 Turpis
492 2590 526 2599 -
545 2565 692 2631 exegerunt
709 2576 758 2612 oar.
777 2558 808 2612 Γ.
821 2560 835 2626 ΙΙ
849 2557 890 2613 tt.
909 2563 979 2611 enim
1002 2576 1050 2627 ota.
1069 2559 1097 2614 Γ.
1115 2560 1129 2628 li
1146 2564 1175 2612 Ρ.
1193 2564 1290 2613 Furius
1312 2560 1388 2615 Torr.
1406 2564 1419 2631 ΙΙ
1431 2566 1503 2629 pilus

280 2646 349 2686 cerr.
358 2630 392 2687 Δ.
403 2632 465 2684 Pur.
477 2629 544 2701 Nep.
558 2634 694 2699 philippus
704 2628 857 2684 BcDEt'
866 2636 891 2681 ct
897 2646 943 2699 pr.
957 2630 986 2683 A.
1000 2632 1013 2700 ΙΙ
1026 2634 1062 2681 Μ.
1075 2634 1211 2684 Metellum
1225 2660 1259 2670 -
1269 2636 1310 2702 (p.
1320 2628 1381 2691 233,
1392 2632 1429 2697 ἱ.)
1443 2650 1503 2685 eos·

281 2705 406 2842 quepaos
424 2701 455 2757 1³.
470 2701 482 2775 ΙΙ
496 2721 531 2756 ιιι.
547 2708 675 2756 meruium
690 2703 724 2756 B.
742 2705 774 2752 Ι..
793 2699 931 2754 Metellum
951 2701 1027 2754 Torr.
1039 2704 1052 2772 ΙΙ
1067 2699 1107 2756 15.
1128 2707 1229 2756 romani
1242 2703 1275 2757 Β.
1289 2721 1458 2760 romanorum
1468 2705 1503 2758 E.

300 2775 329 2845 ΙΙ
353 2811 360 2826 .
378 2777 515 2828 habituros
533 2773 570 2827 E.

782 2861 997 2879 ——ss-

281 2939 430 2996 nocentem,
449 2938 510 3004 quia
527 2935 641 2986 eundem
660 2933 796 2984 consulem
815 2935 841 2984 et
861 2948 1001 2986 censorem
1021 2936 1137 2995 iecIsIIs,
1161 2937 1318 2988 temeritatis
1338 2938 1439 2988 crimini
1456 2942 1503 2988 ob-

281 3010 355 3060 noxii
371 3009 455 3062 astis'.
491 3008 584 3069 Itaque
601 3019 716 3055 necesse
734 3007 794 3055 erat
818 3007 932 3055 alteram
958 3007 1063 3070 cuipam
1088 3009 1123 3056 nb
1148 3008 1235 3057 altera
1259 3008 1419 3058 disiunctiua
1442 3025 1503 3074 par-

281 3081 364 3130 ticula
382 3081 498 3138 secerni,
523 3077 593 3144 quod
617 3077 781 3138 probabilius
806 3076 835 3125 st
860 3077 1003 3125 substituto
1028 3081 1074 3126 aut
1097 3094 1146 3141 pro
1170 3079 1289 3128 codicum
1314 3079 1447 3143 scriptura
1470 3085 1502 3140 ct,

282 3165 363 3214 quam
383 3153 406 3201 si
425 3167 484 3202 cum
501 3148 632 3213 prioribus
652 3147 781 3210 exemplis
800 3148 952 3202 scribamus
970 3144 1014 3196 ael
1025 3145 1152 3213 periurii.

355 3217 379 3273 I.
399 3223 438 3273 cf.
456 3221 513 3274 Liu.
533 3219 594 3284 epit.
612 3219 670 3268 libr.
689 3217 784 3267 XVIII.

354 3289 543 3351 inveterate)
563 3291 603 3339 lta
620 3290 674 3338 iam
691 3289 804 3357 Pighius
822 3288 849 3336 in
868 3289 991 3358 margine
1011 3289 1125 3352 exempli
1145 3289 1187 3338 sui
1206 3289 1303 3338 falsum
1324 3291 1408 3341 biarcl
1426 3308 1502 3356 prac-

282 3377 380 3416 nomen
397 3365 543 3416 secundum
568 3361 671 3426 lapides
695 3357 857 3423 Capitolinos
883 3361 1086 3417 etrrendauerat,
1115 3361 1185 3425 quod
1210 3373 1303 3409 omnes
1328 3363 1504 3432 neglexerunt

282 3437 445 3486 recentiores
458 3435 582 3484 editores.
613 3432 711 3481 Consm
729 3434 787 3480 erat
799 3429 845 3482 M'.
859 3431 983 3480 Valerius
996 3432 1129 3480 Maximus
1144 3447 1202 3480 cum
1216 3431 1261 3479 Μ’.
1272 3433 1385 3482 Otacilio
1404 3437 1502 3484 Crasso

284 3518 310 3554 a.
328 3518 354 3557 u.
373 3521 397 3556 c.
414 3501 475 3557 tel.
503 3505 542 3554 ct.
561 3506 634 3553 Grut.
652 3504 731 3552 inser.
750 3517 777 3564 p.
796 3495 858 3551 292.
888 3502 961 3551 Alter
979 3515 1075 3552 censor
1093 3501 1137 3550 illc
1157 3501 1185 3552 P.
1203 3500 1376 3564 Sempronius
1396 3503 1503 3568 Sophus

285 3585 348 3624 esse
366 3578 479 3633 uidetur,
498 3575 542 3641 qui
560 3591 585 3626 a.
603 3567 657 3624 «lSd
675 3586 734 3622 cum
752 3571 819 3635 App.
839 3571 950 3622 Claudio
969 3573 1069 3622 Crasso
1089 3573 1255 3622 consulatum
1275 3573 1432 3626 obtinuerat.

355 3641 381 3694 8.
400 3648 438 3697 CI.
457 3647 516 3697 Liu.
535 3645 646 3699 XXIIII,
666 3641 708 3694 Ill.

354 3709 389 3765 L.
407 3711 506 3764 Furias
516 3713 606 3766 etue
623 3711 662 3765 Μ.
673 3711 816 3774 Metellum)
832 3713 913 3764 Ferrio
932 3713 968 3762 iiii
982 3713 1066 3772 Philo,
1086 3731 1164 3780 quem
1178 3727 1270 3764 omnes
1285 3714 1383 3764 Valerii
1397 3717 1503 3767 codices

284 3777 448 3844 Philippum,
473 3783 577 3834 Paridis
596 3786 712 3850 epitoma
730 3788 756 3833 et
775 3799 809 3834 ex
827 3799 862 3833 ea
880 3785 1036 3836 emendatus
1056 3785 1113 3834 cod.
1129 3786 1274 3835 Ilernensis
1292 3785 1378 3836 Pilum
1397 3791 1502 3845 uocant,

284 3861 339 3900 non
356 3847 431 3899 Lucii
449 3853 498 3902 sed
509 3854 595 3905 Publii
612 3869 775 3919 praenomen
793 3853 879 3903 inisse
899 3857 1002 3903 constat
1021 3867 1036 3902 e
1056 3855 1134 3904 tastis
1148 3855 1302 3918 Capitolinis
1322 3857 1408 3918 (Grut.
1424 3859 1503 3910 inser.

285 3936 313 3986 p.
330 3911 384 3968 292
402 3922 429 3966 et
447 3933 462 3968 e
480 3925 598 3984 pluribus
616 3926 684 3974 Liuii
706 3926 773 3975 Iocis
800 3925 851 3988 (CI.
870 3923 984 3981 XXIIII,
1012 3919 1057 3980 II,
1084 3921 1126 3974 ib.
1153 3925 1268 3982 xxiiii,
1293 3921 1337 3984 4³,
1363 3922 1395 3986 4,
1421 3931 1504 3994 cett).

284 3991 379 4050 Itaque
398 4004 457 4038 cnm
476 4003 529 4038 non
547 3995 632 4045 solum
653 3997 679 4046 in
702 3995 812 4063 integris
829 3995 909 4044 huius
933 3995 1069 4058 scrIptoris
1095 3996 1230 4044 codicibus
1255 4011 1347 4046 uerum
1373 4001 1452 4049 etiam
1477 4001 1504 4050 in

285 4065 399 4122 utraque
418 4060 535 4124 epitoma
552 4059 625 4121 (Par.
642 4070 669 4115 et
687 4067 766 4130 Nep.)
784 4066 885 4115 Lucius
903 4065 1066 4128 appelletur,
1088 4067 1215 4116 incertum
1239 4068 1282 4116 est
1300 4069 1385 4131 Ipsius
1406 4071 1504 4120 Valerii

287 4149 322 4186 an
340 4131 507 4182 librariorum
526 4130 699 4194 perantiquus
716 4139 770 4187 iam
788 4151 863 4188 error
881 4139 925 4188 sit.
945 4137 996 4200 (ct
1009 4135 1093 4199 praei.
1107 4153 1131 4201 p.
1144 4131 1199 4200 33.)
1218 4138 1308 4206 Magis
1319 4141 1400 4190 etiam
1413 4141 1503 4191 dubito

286 4209 320 4260 de
333 4203 433 4256 Metelli
446 4199 627 4268 praenomine.
641 4216 718 4265 quem
727 4211 788 4267 post
797 4209 965 4259 Cannensem
976 4207 1080 4256 cladem
1090 4209 1255 4258 deserendae
1264 4209 1358 4259 Italiae
1367 4213 1503 4262 auctorem

286 4293 346 4330 cum
365 4275 434 4326 Liuii
453 4274 559 4324 codices
578 4271 669 4328 xxti,
689 4268 723 4323 bd
740 4276 782 4324 bis
805 4279 916 4330 Lucium
940 4278 1088 4340 appellent,
1114 4295 1146 4328 eo
1171 4280 1325 4341 pronomine
1350 4283 1503 4331 constanter

284 4349 464 4419 insignierunt
480 4343 551 4396 Liuii
570 4344 597 4394 ti
615 4342 715 4393 Valerii
732 4344 846 4398 editores
865 4349 925 4400 inde
945 4363 961 4396 a
980 4347 1083 4416 Pighio.
1120 4349 1172 4398 Sed
1186 4349 1256 4411 apud
1269 4349 1374 4400 Liuium
1390 4351 1502 4410 XXIIII,

286 4417 321 4472 18
340 4421 367 4469 et
383 4418 493 4476 XXVII,
515 4413 544 4467 ll
564 4415 636 4464 idem
654 4413 733 4460 homo
751 4412 781 4462 in
796 4413 870 4466 iibri·
888 4433 954 4470 mss.
967 4417 1060 4468 dicitur
1072 4419 1107 4470 Μ.
1118 4420 1250 4476 Meteilus,
1269 4435 1321 4470 non
1335 4422 1412 4473 aliter
1423 4424 1503 4489 atqua

285 4491 313 4539 In
330 4487 491 4546 Valerianis,
509 4488 537 4539 in
554 4483 660 4535 Paridis
679 4481 706 4532 et
721 4480 749 4530 in
766 4481 908 4544 Nepotiani
924 4489 1055 4554 opItomis.
1093 4491 1160 4550 Quia
1178 4491 1258 4539 etiam
1275 4492 1303 4541 In
1314 4491 1384 4542 Liuii
1401 4493 1504 4545 XXIIII

287 4573 310 4608 a
328 4551 372 4620 ts,
391 4575 450 4612 eum
469 4559 571 4612 omisso
589 4555 616 4604 in
634 4549 741 4620 optimis
758 4549 833 4600 libris
850 4559 1022 4618 praenomine
1040 4559 1085 4612 alit
1103 4560 1225 4614 Publium
1243 4561 1288 4610 aiii
1306 4561 1435 4626 Appium,
1459 4565 1504 4617 aiii
