3409 5400
296 665 328 734 b.

297 1204 328 1271 6.

339 506 404 573 teo
753 495 813 560 DE
834 490 1146 560 NECESSITATE.

427 658 505 725 Diui
516 654 576 725 Iuli
599 659 771 731 exereitus,
794 656 826 719 id
851 666 901 719 est
923 654 1035 720 inuicti
1059 652 1152 717 ducis
1175 644 1304 715 inuicta
1322 650 1491 723 dextera,
1519 672 1581 711 cun

338 769 440 836 armis
456 766 614 830 Mundam
630 763 806 829 clausisset
818 762 1000 849 aggerique
1017 757 1194 823 extruendo
1210 758 1348 822 materia
1366 756 1580 822 deficerem

338 874 492 962 congerie
519 870 686 935 hostilium
722 868 920 933 cadauerum
956 889 1052 953 quam
1084 864 1331 929 desiderauerat
1364 862 1574 927 altitudines

337 981 488 1045 instruxit
511 998 648 1063 eamque
672 974 809 1061 tragulis
835 973 979 1058 eapitis,
1010 976 1087 1059 quia
1110 971 1267 1036 roboreae
1292 970 1401 1033 sudes
1432 970 1577 1032 deerant.

338 1088 500 1173 magistra
523 1102 630 1147 notrae
652 1081 829 1146 molitionis
853 1080 1051 1144 necessitate
1076 1102 1166 1153 usna,
1190 1076 1333 1141 uallauit.

428 1190 535 1275 Atque
564 1201 599 1252 ut
628 1187 773 1251 diuinam
804 1186 860 1249 lilii
883 1188 1080 1249 mentionem
1109 1184 1260 1249 caelestis
1284 1186 1391 1268 patris
1420 1182 1575 1246 recorda-

339 1298 419 1361 tioni
435 1296 637 1367 subnectam,
654 1315 728 1356 cum
741 1292 907 1355 effusurus
924 1312 961 1353 se
974 1292 1007 1353 in
1020 1302 1151 1356 nostras
1163 1292 1356 1377 prouincias
1369 1287 1574 1353 Parthorum

338 1426 396 1467 rex
418 1401 578 1467 Phraates
602 1398 766 1464 uideretur
788 1397 981 1482 uicinaeque
1006 1398 1143 1482 imperio
1171 1396 1241 1459 eius
1270 1396 1439 1481 regiones
1473 1396 1574 1460 subin

338 1509 452 1575 indicti
481 1508 634 1573 tumultus
672 1505 915 1572 denuntiatione
946 1514 1170 1589 quaterentur,
1200 1504 1346 1565 tantuin
1370 1500 1575 1588 Bosporau·

340 1625 443 1681 tractu
467 1623 668 1679 commentus
693 1611 831 1696 panteria
853 1610 1003 1683 incessit,
1035 1610 1079 1673 uti
1103 1606 1149 1671 VI
1172 1607 1303 1672 milibus
1327 1604 1489 1672 denariis
1515 1611 1595 1671 stu-t

341 1720 420 1807 gula
433 1740 519 1783 uasa
535 1718 597 1781 olei
612 1718 828 1801 frumentique
841 1714 961 1779 modiis
974 1714 1105 1778 totidem
1118 1714 1282 1798 mancipia
1293 1726 1574 1798 permutat-entur.

341 1826 410 1891 Sed
434 1824 677 1889 amarissimam
700 1832 927 1907 tempestatem
951 1821 1093 1908 Augusti
1117 1842 1197 1884 eura
1224 1819 1340 1883 tutelae
1366 1834 1451 1885 tunc
1478 1834 1573 1884 terra·

340 1954 412 1997 rum
436 1950 560 1995 uacans
583 1927 725 2014 dispulit.

343 2088 368 2145 l.
385 2094 412 2142 td
430 2090 484 2157 est]
503 2103 552 2141 om.
571 2084 604 2140 E.
624 2089 693 2137 idem
711 2082 744 2139 A.
764 2082 806 2137 idi
824 2085 855 2140 Γ.
875 2088 894 2142 1.
913 2086 941 2141 F.
962 2083 974 2158 ΙΙ
992 2084 1018 2138 2.
1037 2088 1136 2137 menda
1155 2082 1212 2139 OF.
1236 2085 1381 2135 numidiam
1400 2083 1445 2139 D.
1465 2103 1572 2137 naiman·

341 2164 405 2213 tiam
424 2159 455 2214 Γ.
467 2160 481 2227 ΙΙ
493 2161 620 2210 clusisset
636 2157 699 2209 Par.
715 2156 729 2224 ΙΙ
747 2160 888 2226 egerriquu
902 2173 947 2225 pr.
966 2158 997 2211 A.
1012 2156 1024 2225 ΙΙ
1044 2156 1169 2207 deiiceret
1186 2151 1280 2208 DFI'.
1305 2157 1462 2207 defecisset
1481 2156 1571 2210 sear.

343 2232 387 2301 cs.
404 2229 457 2288 lll.
479 2228 504 2287 1,
517 2235 575 2299 ¹est.
595 2227 618 2283 1.
641 2226 674 2283 V.
694 2227 721 2282 b.
741 2224 767 2281 3.
797 2226 858 2285 Vll.
879 2224 906 2283 b,
926 2227 952 2285 2.
980 2226 1055 2283 Vlll.
1074 2224 1101 2280 3.
1121 2222 1147 2279 2.
1175 2222 1249 2280 Viti.
1269 2224 1295 2281 i.
1316 2223 1334 2276 4
1353 2231 1380 2277 et
1398 2233 1457 2279 eet.
1480 2228 1504 2281 l.
1522 2228 1570 2291 lit.

344 2304 469 2355 instruxit
487 2303 650 2351 altitudinem
668 2297 701 2351 Γ.
711 2299 725 2367 ΙΙ
736 2302 817 2362 piltiis
836 2298 866 2351 F.
877 2297 891 2365 ΙΙ
904 2305 998 2351 robore
1016 2298 1051 2353 Ε.
1066 2296 1077 2367 ΙΙ
1097 2294 1122 2351 b.
1143 2299 1168 2361 S.
1187 2294 1204 2349 li
1223 2312 1271 2348 em.
1290 2294 1320 2348 P.
1336 2295 1348 2354 11
1364 2299 1504 2365 diuinam]
1526 2304 1570 2349 diui

343 2377 396 2426 iam
415 2372 528 2425 eomedit
543 2369 705 2425 Perizonius.
726 2368 768 2437 Os.
784 2369 874 2439 praef.
889 2386 918 2439 p.
937 2369 981 2424 31.
998 2371 1012 2438 ΙΙ
1030 2371 1140 2421 ertelesti
1163 2370 1247 2433 putris
1266 2370 1461 2420 recordatione
1479 2370 1514 2423 A.
1527 2370 1540 2437 Η
1551 2368 1569 2419 l.

341 2449 477 2511 partorum
496 2440 527 2496 Α.
543 2442 556 2509 ΙΙ
573 2441 598 2495 8.
622 2458 670 2493 rex
688 2456 738 2492 em.
756 2439 788 2491 F.
808 2440 820 2507 ΙΙ
841 2443 951 2504 pirates
969 2440 992 2493 C
1008 2447 1034 2492 et
1046 2456 1090 2508 pr.
1109 2436 1174 2491 AD.
1199 2441 1328 2503 pharates
1346 2437 1375 2490 E
1394 2446 1423 2489 et
1443 2456 1518 2493 corr.
1541 2440 1569 2491 h.

342 2518 472 2580 prabates
489 2511 518 2565 F.
543 2515 688 2563 Phraartes
707 2509 784 2565 Turr.
800 2510 814 2578 ΙΙ
830 2515 889 2562 ciris
907 2514 1018 2577 imperio
1035 2510 1071 2563 Ε.
1088 2510 1101 2577 ΙΙ
1118 2509 1217 2576 subito]
1241 2508 1270 2559 ie
1292 2522 1392 2560 rasura
1415 2508 1460 2562 D.
1485 2516 1569 2561 subita

343 2582 401 2638 EF
417 2589 443 2636 et
460 2598 530 2634 eurr.
548 2581 587 2636 A.
617 2581 695 2634 Tarr.
711 2582 724 2651 ΙΙ
740 2578 764 2634 ll.
786 2582 886 2647 indicti}
910 2582 939 2633 in
956 2596 1053 2634 rasura
1072 2578 1108 2633 D.
1131 2581 1223 2631 indulti
1242 2578 1271 2631 F.
1288 2579 1301 2645 ΙΙ
1318 2582 1499 2649 Bosporanol
1526 2586 1569 2632 bor

344 2656 446 2707 tariano
464 2652 495 2706 F.
507 2653 521 2723 ΙΙ
534 2650 574 2707 10.
593 2655 622 2702 ut
642 2650 717 2707 Torr.
730 2653 743 2723 ΙΙ
756 2655 790 2707 Vl
810 2670 827 2704 a
844 2656 950 2712 millib:
969 2651 1002 2707 A.
1024 2652 1199 2705 sexamiiibns
1220 2649 1248 2705 0.
1259 2649 1273 2719 ΙΙ
1288 2645 1328 2703 lb.
1346 2668 1463 2721 negans
1477 2669 1526 2722 pr.
1542 2654 1567 2704 A.

344 2795 567 2848 crecentiortbus
586 2794 722 2844 codicibus
739 2795 850 2863 Pighius
868 2797 894 2844 in
914 2800 960 2845 tua
976 2793 1111 2846 teterrima
1128 2791 1277 2846 arcessiat.
1323 2793 1392 2842 Nam
1419 2799 1489 2846 ante
1511 2811 1563 2845 eun

344 2867 427 2916 nihilo
446 2866 563 2914 deterius
582 2866 712 2915 edebatur
728 2868 798 2927 quod
818 2881 868 2915 nos
887 2868 1134 2929 superposuimus.
1171 2867 1257 2927 litque
1274 2865 1312 2914 iia
1325 2863 1469 2915 Valerium
1488 2869 1563 2928 scrip

345 2937 418 2986 sisse
437 2936 587 2985 certissima
605 2937 737 2999 quaedam
756 2937 847 3000 optimi
860 2938 931 2986 itlius
944 2937 1003 2986 libri
1016 2937 1159 2987 tiernensis
1173 2935 1290 3003 uestigia
1302 2937 1485 3000 comprobant
1504 2939 1563 2986 inter

345 3006 422 3056 uaria
439 3006 544 3061 menda,
564 3019 633 3070 quae
650 3009 740 3055 tumen
759 3007 877 3057 tortasse
895 3021 929 3056 ne
948 3022 981 3056 ex
1000 3009 1147 3072 archetypo
1167 3007 1270 3072 quidem
1290 3007 1434 3064 translata,
1456 3010 1507 3058 scd
1526 3023 1562 3071 pe

345 3076 455 3127 culiaria
473 3076 534 3125 hulc
553 3074 636 3124 codici
655 3079 738 3127 erant.
781 3077 848 3126 Nam
874 3093 932 3126 eum
958 3080 1042 3140 prima
1065 3091 1161 3128 marrus
1185 3079 1210 3126 in
1230 3091 1262 3127 eo
1281 3078 1319 3126 ita
1337 3080 1506 3136 exorauerit,
1524 3075 1564 3127 sai

346 3161 362 3199 a
380 3151 406 3197 te
423 3144 553 3197 teterrime
564 3144 717 3196 necessitate
729 3146 875 3198 truculenta
887 3163 986 3206 manus,
1005 3149 1156 3211 corruptela
1174 3147 1235 3198 inde
1251 3147 1371 3212 protacta
1383 3161 1452 3199 esse
1466 3151 1563 3198 uidetur

345 3219 413 3285 quod
438 3231 487 3282 per
509 3218 708 3284 dittographian
731 3220 818 3282 prima
840 3220 950 3283 syllaba
981 3221 1054 3270 uocis
1089 3217 1237 3269 teterrimae
1266 3218 1392 3282 repetita,
1432 3229 1563 3270 eorremor

343 3289 508 3354 pronominis
527 3288 645 3338 ablatiuo
663 3304 741 3350 quam
760 3292 872 3352 pertubat
890 3291 1027 3352 praemisit
1046 3289 1268 3354 praepositionem
1287 3302 1313 3338 a.

415 3357 441 3412 b.
460 3360 499 3409 Cf.
518 3361 588 3411 acret.
607 3359 669 3410 bell.
687 3360 762 3424 llisp.
781 3356 824 3412 32.
844 3360 914 3410 Flor.
935 3359 989 3418 lltl,
1009 3356 1034 3417 2,
1054 3355 1097 3411 85.
1123 3361 1171 3410 hio
1191 3358 1381 3414 cass.x1.111.
1401 3355 1449 3410 38.
1469 3377 1495 3425 p.
1512 3355 1559 3410 :tut

343 3429 428 3483 Reim.
456 3429 533 3494 Apud
552 3431 701 3480 Cordubam
720 3432 771 3479 huc
789 3431 888 3479 tactum
908 3443 972 3480 esse
991 3432 1071 3480 reteri
1089 3429 1202 3494 Appiae.
1221 3431 1270 3479 ciu.
1289 3431 1321 3486 11,
1343 3425 1401 3480 tub.

415 3497 446 3550 id
463 3505 502 3552 est
517 3499 611 3551 inuicti
628 3496 714 3554 decis)
737 3501 847 3568 Pighius
866 3502 891 3550 in
911 3501 1046 3551 codicibus
1066 3501 1237 3551 atrebatensi
1255 3503 1282 3550 et
1300 3500 1493 3550 Gemblacensi
1512 3519 1562 3551 coe

343 3572 441 3622 rectius
465 3572 545 3620 scribi
568 3572 662 3629 refert,
687 3572 758 3633 qtrod
781 3586 831 3621 nos
856 3573 881 3620 in
901 3573 1029 3622 lternensi
1054 3587 1158 3637 quoque
1175 3572 1356 3635 repperimus.
1381 3567 1454 3621 idem
1473 3571 1562 3622 baim

344 3637 433 3700 dacis,
458 3642 537 3706 idque
555 3641 670 3704 recepit,
692 3655 751 3690 enm
770 3643 859 3691 tamen
878 3656 912 3692 ne
932 3643 993 3692 terri
1017 3643 1121 3708 quidem
1144 3643 1239 3706 possit.
1281 3642 1372 3706 Neque
1392 3643 1466 3692 enirn
1484 3647 1562 3692 antea

343 3711 416 3761 aliud
433 3712 574 3776 quiequam
593 3713 627 3759 de
645 3711 761 3760 exercitu
780 3713 834 3761 diui
853 3712 910 3762 Iulii
930 3714 1112 3776 praedicatum
1138 3715 1211 3771 erat,
1237 3715 1265 3760 ut
1287 3714 1339 3762 iam
1363 3712 1390 3761 ln
1414 3727 1488 3762 noua
1508 3717 1561 3766 eins

343 3781 539 3847 significatione
558 3781 635 3848 pergi
653 3784 748 3844 posset
765 3779 842 3834 idern.
890 3783 1013 3833 Mundum
1033 3784 1091 3833 sine
1110 3784 1188 3833 dubio
1207 3785 1292 3832 orium
1311 3785 1353 3832 est
1370 3796 1386 3832 e
1405 3788 1561 3848 compendio

343 3845 369 3907 ἕ,
387 3865 440 3912 quo
459 3851 599 3900 denotatur
618 3853 727 3900 uerbum
746 3857 793 3909 est,
812 3852 883 3902 male
902 3867 1003 3902 conexo
1023 3869 1081 3904 cum
1097 3855 1252 3918 pronomine
1269 3850 1301 3903 id
1311 3853 1349 3902 ita
1366 3856 1394 3902 ut
1412 3853 1490 3904 fleret
1511 3853 1561 3906 idi.

413 3914 438 3970 li.
457 3918 497 3968 sti
519 3916 557 3969 Vl
572 3917 678 3971 milibus
695 3919 823 3983 denariis)
847 3923 938 3972 Facile
962 3924 1124 3991 intellegitur
1148 3925 1287 3988 archetypi
1306 3924 1364 3973 libri
1382 3926 1560 3988 corruptelam

340 3985 381 4039 sti
397 4003 443 4038 see
461 4001 478 4037 a
495 3987 630 4048 militibus,
649 3992 780 4053 hodieque
792 3992 966 4043 seruatumin
985 3994 1076 4045 codiee
1089 3995 1228 4050 Beruensi,
1247 4009 1280 4044 eo
1293 3997 1377 4044 ortam
1398 4007 1473 4054 asse,
1491 3999 1559 4060 quot

341 4073 401 4109 cum
420 4059 545 4108 librerias
563 4073 654 4110 errore
673 4063 816 4113 admodum
835 4064 964 4128 frequenti
983 4079 1001 4113 a
1018 4061 1123 4116 milim
1141 4065 1166 4114 in
1185 4061 1312 4115 militibus
1324 4065 1471 4122 incidisset,
1490 4069 1562 4117 atius

341 4133 423 4182 antea
441 4131 585 4186 insereret,
605 4145 685 4194 qaam
704 4133 876 4182 desiderabat
894 4135 963 4196 apud
983 4137 1122 4198 passiuum
1141 4138 1265 4192 uerbum,
1290 4135 1519 4198 praepositionem
1539 4153 1560 4190 a.

340 4203 453 4254 Militum
472 4199 630 4249 mentionem
653 4215 706 4249 non
730 4205 803 4253 reete
826 4205 877 4253 hoe
900 4203 959 4254 loco
986 4205 1046 4254 lniel
1073 4207 1116 4255 uix
1141 4207 1270 4271 estquod
1290 4219 1421 4255 murteam.
1468 4208 1561 4275 ltaque

339 4277 413 4325 recte
430 4286 477 4323 sea
493 4267 598 4320 milibus
615 4265 734 4321 denariis
753 4274 806 4323 tam
825 4274 965 4325 exhibetur
982 4277 1008 4326 tn
1027 4277 1187 4326 editionibus
1212 4278 1275 4326 anta
1294 4275 1417 4342 Pighium
1441 4281 1561 4332 emissis.

339 4347 384 4408 qui
402 4345 532 4393 audacter
549 4356 566 4392 a
582 4342 679 4390 tradita
696 4343 828 4407 scriptura
845 4345 989 4396 discedens
1014 4361 1029 4396 e
1048 4348 1184 4397 eodietbua
1203 4347 1409 4400 Poimanniano.
1433 4346 1560 4405 Susiano.

338 4414 511 4467 atrebatensi
533 4414 661 4478 posuerat
684 4411 725 4464 sti
749 4428 767 4464 a
788 4411 916 4466 militibus
938 4415 1047 4482 rimulis
1070 4415 1122 4468 elei
1138 4415 1319 4484 jumentoque
1341 4413 1436 4468 mad&
1453 4419 1560 4470 maden

338 4485 1560 4624 ttttt.t.‘ft;‘tt...‘·‘“t·..tttt.ttttulitditthti‘tttttttttttitt

337 4626 434 4674 teettuc
452 4639 512 4674 eum
530 4625 637 4676 mitibus
656 4628 751 4677 eodem
770 4642 834 4677 cusu
855 4629 945 4691 posita
963 4631 1058 4678 euniun
1080 4630 1087 4677 i
1112 4643 1210 4694 posse,
1234 4631 1268 4679 de
1291 4645 1345 4692 qua
1371 4644 1399 4679 ra
1418 4631 1559 4698 ingeniose

338 4695 366 4741 st
383 4695 509 4744 accurate
526 4694 654 4745 disseruit
671 4697 784 4747 Rotbius
800 4699 828 4748 ia
846 4699 922 4748 tahn.
940 4713 1001 4748 ann.
1017 4697 1049 4750 18
1103 4702 1234 4765 supplem.
1247 4699 1307 4761 xit,
1326 4715 1352 4764 p.
1365 4695 1419 4752 :tib
1435 4707 1464 4754 et
1480 4717 1557 4772 seqq.
