3409 5400
270 515 313 581 at

267 677 320 739 ius
343 672 439 737 nobis
456 672 546 735 dedit
559 694 674 737 uerum
690 674 787 738 etiam
799 673 955 759 imposuit
973 672 1214 739 necessitatem.
1260 670 1354 751 Quae
1372 682 1495 757 quauta

267 783 311 845 sit
332 783 526 866 praesertim
549 781 582 842 in
605 779 703 844 rebus
736 780 838 845 solius
863 762 989 844 Valerii
1019 781 1204 845 testimonio
1236 779 1428 852 nitentibuS,
1459 780 1494 842 in

268 888 385 975 quibus
416 888 627 974 praecipuam
656 886 754 952 huius
785 888 895 972 operis
924 886 1093 951 utilitatem
1123 888 1263 972 positam
1294 906 1369 951 esse
1397 906 1493 972 prae-

266 996 423 1073 diximus,
457 994 603 1081 pluribus
642 995 678 1056 in
715 995 949 1059 commentario
986 994 1143 1080 exemplis
1175 998 1409 1082 comprobasse
1439 1016 1493 1063 mc

267 1104 376 1169 credo.

328 1765 388 1834 DE
411 1767 594 1833 VALERll
615 1767 782 1833 MAXIMI
804 1768 931 1835 STILO
954 1768 1011 1835 ET
1033 1768 1214 1835 chaNDI
1236 1768 1424 1835 GENERE.

246 2021 251 2027 ι
352 1944 402 2009 Da
426 1946 557 2011 dicendi
572 1968 693 2034 genere
717 1970 780 2033 quo
796 1972 877 2013 usus
903 1950 945 2013 sit
960 1949 1098 2033 scriptor
1122 1948 1240 2035 aliquis
1257 1950 1313 2035 qui
1335 1947 1491 2013 iudicium

263 2054 350 2117 ferre
372 2051 485 2117 uolunt
516 2053 599 2118 duas
630 2055 772 2118 maxime
800 2076 853 2119 res
882 2057 916 2119 in
948 2056 1174 2140 quaestionem
1202 2066 1322 2120 uocant
1351 2076 1490 2119 neccsse

264 2168 329 2234 est,
359 2180 418 2244 per
442 2179 479 2223 se
502 2161 599 2247 plane
623 2162 773 2225 diuersas
801 2171 832 2223 et
854 2160 928 2225 ideo
954 2161 1138 2225 accuratius
1162 2181 1262 2247 quam
1284 2161 1383 2248 uulgo
1408 2161 1493 2226 solet

263 2272 335 2333 fieri
373 2267 640 2356 distinguendae,
674 2267 830 2352 loquendi
859 2268 983 2333 scilicet
1014 2268 1294 2341 consuetudinem,
1328 2280 1490 2353 quatenus

263 2377 481 2465 grammatica
503 2375 628 2438 ratione
652 2376 843 2449 continetur,
868 2375 1157 2439 etenunciatarum
1177 2375 1411 2437 sententiarum
1434 2396 1491 2439 co·

261 2482 374 2556 loram,
399 2482 561 2567 speciem,
591 2502 726 2555 nexum,
757 2483 915 2547 orationis
937 2483 1091 2546 uestitrmr
1121 2490 1327 2565 oratumque,
1359 2500 1490 2545 omnem

263 2588 402 2673 denique
426 2587 592 2653 scribendi
615 2598 727 2657 artem,
750 2589 785 2651 in
809 2588 925 2675 quibus
949 2588 1078 2673 proprie
1103 2588 1252 2651 consistit
1274 2587 1367 2651 stilus
1393 2608 1490 2673 quem

263 2691 373 2758 dicere
404 2692 560 2758 solemus
610 2691 648 2756 ln
677 2705 812 2780 utroque
845 2717 966 2782 genere
996 2717 1071 2758 etun
1100 2705 1249 2760 auctores
1277 2694 1442 2781 pendeant
1472 2715 1489 2756 e

262 2801 418 2885 temporis
443 2820 506 2884 quo
530 2800 731 2882 scripserunt
752 2803 958 2885 proprietate,
982 2813 1092 2864 tamen
1115 2801 1149 2864 iu
1165 2801 1265 2868 altero
1282 2801 1488 2887 potissimum

262 2927 347 2970 unus
372 2908 510 2991 quisque
534 2904 699 2988 peculiare
716 2904 839 2990 aliquid
855 2905 963 2980 habet,
988 2906 1075 2992 quod
1098 2917 1267 2993 tamquam
1283 2929 1379 2974 suum
1396 2906 1490 2971 affert

263 3024 299 3075 et*
317 3034 381 3098 quo
404 3012 439 3074 in
462 3011 576 3095 primis
601 3010 710 3077 differt
733 3033 753 3074 a
777 3013 893 3074 ceteris
919 3014 1122 3098 aequalibus.

350 3115 522 3190 Valerius,
552 3117 582 3179 si
610 3119 827 3202 grammatica
857 3131 1033 3205 praecepta
1063 3121 1329 3196 consideramus,
1360 3121 1395 3184 in
1417 3119 1489 3184 tmi-

262 3244 394 3289 uersum
422 3222 610 3309 aequalium
634 3235 665 3284 ct
693 3234 798 3309 aetate
821 3225 919 3310 paulo
949 3228 1214 3312 praecedentium
1248 3227 1378 3292 dicendi
1410 3249 1488 3292 con·

262 3330 469 3395 suetudinem
490 3329 629 3403 retinuit,
656 3352 731 3395 raro
756 3333 844 3396 auxit
868 3343 899 3395 et
922 3334 1147 3420 amplificauit‚
1178 3353 1357 3420 numquam
1387 3335 1433 3398 ita
1454 3343 1490 3396 ut

260 3436 346 3501 ultra
369 3435 493 3501 saeculi
514 3457 641 3501 morem
664 3436 844 3500 excederet.
898 3437 993 3504 Hanc
1024 3440 1066 3504 ob
1097 3459 1233 3504 causam
1263 3452 1294 3502 et
1323 3441 1488 3526 quoniam,
1600 3451 1602 3456 ’
1630 3445 1631 3454 ’

262 3546 292 3608 ei
316 3542 447 3631 quaudo
471 3541 514 3606 ab
535 3541 600 3606 illis
631 3543 805 3609 notabilius
838 3545 1028 3622 declinauit,
1061 3546 1158 3612 simul
1186 3547 1298 3610 critica
1325 3546 1501 3632 quaedam¹

263 3649 437 3714 difficultas
467 3660 523 3716 aut
554 3649 710 3716 dubitatio
739 3651 779 3717 de
809 3654 971 3740 scriptura
999 3654 1188 3740 plertunque
1225 3652 1343 3726 extitit,
1378 3654 1490 3717 omnia

262 3756 515 3842 grammaticam
543 3758 705 3823 rationem
736 3763 933 3845 spectantia,
970 3762 1136 3845 copiosius
1174 3761 1209 3822 in
1245 3760 1488 3826 commentariis

261 3862 466 3946 exponenda,
488 3864 611 3947 optimo
634 3865 704 3928 iure
718 3866 800 3930 mihi
815 3868 930 3932 uideor
946 3889 986 3931 ex
1000 3866 1063 3932 hac
1081 3865 1272 3949 quaestione
1294 3867 1487 3938 remouisse,

261 3967 302 4030 de
325 3967 367 4030 iis
391 3977 515 4032 tantum
538 3970 640 4035 uerba
662 3972 818 4048 facturus,
843 3975 993 4059 equibus
1011 3969 1176 4036 scribendi
1201 3992 1256 4034 ars
1273 3982 1304 4034 et
1325 3971 1489 4038 rhetorica

260 4071 358 4138 huius
383 4077 492 4159 operis
515 4075 624 4142 forma
647 4092 829 4165 appareret.

348 4179 408 4244 Est
430 4193 540 4247 autem
556 4186 701 4250 omnium
717 4188 834 4250 artium
850 4203 1015 4249 summum
1028 4184 1194 4271 quoddam
1206 4186 1385 4273 fastigium,
1399 4185 1488 4272 quod

260 4307 335 4353 cum
358 4285 519 4362 obtinent,
544 4312 679 4375 operum
702 4293 814 4355 natiue
843 4290 1013 4376 inprimis
1046 4291 1252 4376 simplicitate
1282 4291 1486 4378 naturalique

259 4393 404 4459 candore
429 4396 588 4460 excellunt
615 4396 790 4481 parcisque
822 4395 1162 4461 adhibitis-subsidiis
1186 4421 1311 4485 magna
1334 4399 1486 4472 efficiunt,

259 4499 364 4564 donec
387 4502 462 4587 ipsa
484 4500 567 4566 haec
591 4499 783 4584 simplicitas
807 4511 975 4588 tamquam
998 4503 1096 4566 nimis
1116 4503 1226 4570 ieiuna
1250 4516 1281 4567 et
1304 4504 1398 4570 arida
1420 4526 1487 4570 non

259 4607 421 4670 satisfacit
442 4606 612 4670 hominum
634 4606 785 4691 ingenio,
817 4607 997 4674 subsistere
1028 4611 1141 4676 nescio
1171 4611 1232 4676 sed
1253 4611 1409 4698 progredi
1432 4621 1487 4674 aut

258 4712 391 4798 regredi
419 4721 547 4798 parato.
606 4709 755 4779 Tendunt
789 4714 831 4780 ab
865 4735 933 4782 uua
961 4715 1019 4785 illa
1053 4739 1137 4806 quae
1170 4719 1206 4784 in
1239 4727 1305 4784 toto
1341 4719 1405 4786 sita
1436 4726 1487 4782 est
