3409 5400
613 486 697 555 LIB.
719 486 790 567 llll,
814 488 851 555 G.
875 491 908 566 1,
931 497 962 567 0.
986 490 1018 556 6.
1042 491 1072 562 i.
1394 486 1460 557 315

234 674 334 721 cusas
364 654 440 740 capi
469 671 571 739 posse
601 649 726 727 docuit,
755 670 830 717 cum
860 652 897 717 in
924 651 1097 718 consulatu
1122 652 1194 717 eius
1218 648 1322 716 Siculi
1351 648 1392 713 de
1420 671 1461 713 eo
1495 677 1499 685 ·

235 770 388 849 questum
414 762 450 825 in
478 758 593 825 urbem
620 760 807 835 uenissent,
838 780 901 825 nec
928 772 1081 825 senatum
1108 758 1175 825 ulla
1205 758 1247 823 de
1274 757 1462 833 rehabuit,

235 869 312 956 quia
335 867 464 955 collega
486 864 641 931 Valerius
664 864 830 931 Laeuinus
853 866 937 931 forte
961 868 1093 944 aberat,
1115 888 1157 933 ne
1181 868 1224 933 ob
1246 866 1281 932 id
1303 864 1406 933 Siculi
1427 865 1462 930 in

235 974 403 1063 querendo
427 973 606 1041 timidiores
631 983 758 1048 essent,
786 984 832 1046 et,
857 976 943 1038 uiis
965 974 1062 1049 redit,
1090 974 1174 1039 ultro
1198 974 1240 1039 de
1262 972 1316 1039 his
1344 972 1461 1039 admit·

206 1082 341 1149 utendis
375 1080 509 1156 rettulit,
531 1081 775 1168 querentisque
805 1080 846 1143 de
875 1104 913 1147 se
941 1083 1101 1168 patienter
1132 1081 1294 1147 sustinuit.
1345 1077 1461 1147 iussos

234 1191 332 1255 etiam
361 1211 383 1253 a
403 1188 553 1253 memo
581 1188 752 1253 discedere
775 1208 962 1265 remanere,
990 1199 1026 1253 ut
1048 1210 1131 1255 auae
1155 1188 1340 1253 defensioni
1362 1189 1461 1252 iuter·

235 1308 362 1373 essent,
394 1297 518 1383 coegit,
547 1317 587 1362 ac
616 1295 735 1361 deinde
762 1308 899 1382 utraque
921 1305 1014 1382 parte
1037 1296 1190 1381 perorata
1213 1307 1245 1359 et
1268 1294 1461 1359 excedentes

235 1406 325 1470 curia
359 1404 555 1469 subsecutus
591 1414 651 1479 est,
685 1424 750 1489 que
784 1402 920 1469 liberius
954 1414 1091 1468 senatus
1126 1403 1321 1467 sententiam
1353 1402 1462 1465 ferret.

234 1510 431 1599 improbatis
456 1532 586 1599 quoque
610 1530 723 1575 eorum
755 1508 907 1595 querellis
937 1510 1105 1595 supplices
1134 1520 1167 1573 et
1196 1521 1328 1575 orantes
1357 1520 1390 1573 ut
1419 1508 1462 1573 ab

197 1634 274 1685 ieeo
308 1621 345 1684 in
373 1618 556 1685 clientelam
584 1620 806 1705 reciperentur
834 1616 1010 1681 clementer
1044 1618 1180 1701 excepit.
1236 1618 1345 1704 Super
1378 1616 1462 1683 hoec

234 1727 382 1794 Siciliam
404 1726 538 1791 sortitus
568 1747 609 1790 ea
636 1725 808 1812 prouincia
831 1723 979 1811 collegae
1004 1725 1114 1789 cessit.
1160 1723 1294 1793 Totiens
1316 1723 1462 1795 laudatio
1525 1788 1530 1793 ,

233 1832 381 1899 Marcelli
403 1834 527 1899 uariari
550 1854 617 1899 nen
639 1842 758 1918 potest,
782 1832 933 1918 quotiens
957 1831 1031 1916 ipse
1053 1834 1151 1899 neeis
1168 1832 1328 1920 gradibus
1348 1829 1462 1899 mode·

233 1940 372 2005 rationis
396 1940 557 2005 aduersus
582 1941 692 2005 socies
715 1960 797 2004 usus
821 1949 881 2003 est.

237 2098 262 2152 i.
279 2114 365 2165 pesse
384 2102 444 2165 capi
461 2098 495 2153 B.
507 2098 520 2165 ΙΙ
533 2100 700 2153 consulatum
718 2096 830 2151 ABCD
850 2105 877 2151 et
887 2116 934 2168 pr.
947 2098 983 2153 Ε.
995 2099 1008 2168 ΙΙ
1019 2095 1045 2150 ³.
1064 2102 1128 2167 quia
1146 2102 1253 2171 collega
1264 2128 1300 2140 -
1312 2104 1348 2152 eb
1366 2102 1393 2152 id
1412 2116 1462 2153 ees.

228 2173 278 2240 pr.
296 2169 329 2223 A.
342 2170 356 2237 ΙΙ
367 2174 481 2225 haberat
498 2170 555 2293 Rp
566 2174 593 2222 in
613 2170 759 2239 querendo]
778 2172 935 2233 inquirendo
953 2169 991 2223 D.
1007 2170 1021 2238 ΙΙ
1039 2168 1064 2222 t
1084 2171 1188 2237 essent]
1208 2174 1294 2223 ierant
1312 2170 1344 2223 Γ.
1358 2172 1371 2239 ΙΙ
1384 2173 1463 2222 reddi

236 2239 500 2296 denarrans.
513 2242 526 2311 ΙΙ
555 2280 562 2295 .
588 2244 784 2308 querentesque
803 2237 1008 2294 DEFPTerr.
1033 2244 1168 2308 querentis
1193 2245 1263 2307 quod
1289 2241 1318 2295 0.
1341 2239 1389 2311 ib.
1409 2243 1461 2291 al.

238 2315 346 2364 laeuino
363 2311 457 2366 ΑΒΓ.
477 2330 494 2364 a
509 2328 534 2367 v.
548 2314 654 2365 laeuino
672 2311 709 2366 D.
729 2328 747 2362 a
765 2314 782 2364 i.
801 2314 906 2363 leuinus
927 2311 956 2365 0.
968 2311 981 2379 ΙΙ
995 2310 1018 2364 l.
1032 2312 1139 2378 deinde]
1159 2310 1223 2365 add.
1235 2316 1269 2363 ds
1283 2311 1312 2365 0.
1353 2314 1462 2377 perosis

236 2382 272 2437 Ε.
283 2384 297 2452 Η
309 2384 346 2451 ct]
366 2398 470 2437 erasm
487 2383 518 2436 A.
543 2388 624 2436 etiam
642 2382 749 2437 FTorr.
768 2398 818 2435 ons.
836 2382 869 2435 Γ.
886 2384 899 2452 ΙΙ
917 2380 942 2437 8.
961 2384 1061 2434 curiam
1081 2397 1152 2434 cerr.
1170 2382 1199 2435 F.
1228 2399 1245 2434 e
1263 2386 1337 2434 curia
1354 2381 1387 2435 Γ.
1398 2380 1412 2449 ΙΙ
1424 2385 1462 2433 iu·

236 2459 346 2506 secutus
364 2454 396 2509 F.
409 2456 504 2523 iiquod
522 2454 582 2507 ΒΟ.
593 2454 607 2522 ΙΙ
619 2452 644 2508 it.
664 2456 808 2521 quaereilis
823 2468 868 2521 pr.
880 2454 912 2505 A.
926 2453 938 2523 ΙΙ
956 2452 997 2505 ii.
1016 2470 1077 2505 eam
1089 2456 1256 2519 prouinciam
1273 2452 1341 2509 ΕΓ,
1355 2468 1402 2521 pr.
1420 2450 1459 2507 D.

236 2541 305 2579 cerr.
323 2525 358 2581 A.
380 2525 456 2581 Terr.
476 2530 640 2593 prouinciam
659 2526 765 2592 (emisso
783 2528 857 2590 earn)
876 2524 907 2576 F.
924 2526 938 2593 ΙΙ
954 2526 1034 2576 toties
1054 2541 1099 2593 pr.
1123 2524 1156 2577 A.
1174 2526 1187 2593 ΙΙ
1207 2522 1247 2577 it.
1272 2526 1336 2593 non]
1356 2523 1464 2593 pancas

235 2603 317 2649 uetat.
338 2596 367 2649 0.
385 2614 434 2651 ers.
456 2596 532 2652 Terr.
547 2597 559 2667 ΙΙ
573 2601 678 2663 quoties
701 2613 743 2667 pr.
766 2596 798 2649 A.
819 2596 831 2670 ΙΙ
850 2597 940 2663 nouis]
966 2602 1026 2649 aste
1048 2600 1109 2662 ipse
1129 2594 1207 2652 Terr.
1230 2598 1309 2649 nobis
1328 2611 1374 2665 pr.
1392 2593 1451 2663 All

235 2670 418 2732 moderatiene
435 2664 492 2724 BF
509 2676 535 2724 et
546 2686 592 2741 pr.
613 2670 642 2726 0.

309 2825 327 2864 a
343 2811 473 2876 haino)
496 2816 563 2868 Boni
581 2817 657 2869 codd.
676 2831 694 2867 a
708 2813 726 2866 l.
740 2814 852 2870 lamine
889 2815 941 2866 Sed
956 2815 1016 2866 erat
1025 2815 1063 2867 M.
1077 2815 1356 2872 ValeriusLaeuinus,
1369 2815 1463 2867 consid

237 2885 262 2935 ll
281 2901 340 2936 cum
359 2887 396 2937 di.
418 2887 547 2938 Mercede
570 2888 617 2936 llil
643 2879 753 2939 cons'ule
778 2903 803 2938 a.
829 2905 856 2938 ιι.
880 2904 902 2939 c.
928 2881 990 2938 544.
1026 2887 1151 2937 Errorem
1167 2887 1196 2938 in
1213 2887 1387 2952 praenomine
1411 2887 1463 2940 hoe

236 2957 298 3012 leco
316 2958 432 3008 librariis
450 2959 539 3022 potius
557 2960 726 3012 bibueudom
745 2974 809 3010 csse
828 2959 930 3017 consui,
956 2959 1138 3022 repetentibus
1156 2959 1273 3023 priorem
1297 2959 1463 3025 insequentis

237 3028 362 3077 uocabuli
385 3029 515 3088 litteram,
540 3047 619 3097 quam
645 3033 699 3096 ipsi
717 3031 839 3090 Valerio,
864 3031 910 3096 qui
933 3031 958 3080 ai
982 3030 1089 3080 omnino
1112 3031 1212 3082 addere
1236 3032 1368 3082 uoluisset
1384 3044 1462 3094 prae·

238 3113 346 3156 nomen,
359 3101 417 3151 siue
431 3101 510 3152 dubie
529 3115 612 3166 supra
628 3103 653 3154 id
674 3103 793 3160 iecisset.
813 3103 859 3152 ubi
876 3102 1040 3170 gentilicium
1050 3117 1155 3168 quoque
1167 3117 1264 3153 nomen
1276 3103 1392 3166 positum
1411 3102 1461 3153 est.

310 3184 342 3220 ee
359 3170 503 3237 prouincia
526 3171 641 3239 solimae
662 3172 760 3229 casii.)
792 3175 1013 3238 Conspirantibus
1041 3174 1121 3224 bonis
1149 3173 1225 3222 libris
1248 3170 1332 3226 ABG
1356 3173 1462 3223 scutum

238 3255 333 3291 cuum
345 3245 479 3301 reuocaui,
493 3260 553 3294 cum
562 3247 643 3296 antea
652 3247 776 3298 ederetur
788 3259 845 3296 earo
851 3243 1029 3313 prestetisse.
1058 3248 1151 3306 Quem,
1164 3244 1188 3294 si
1200 3245 1353 3296 accuratius
1361 3243 1462 3294 exami-

238 3313 349 3364 naueris
358 3313 441 3364 libres
451 3329 526 3372 mss..
540 3317 675 3368 Valerium
686 3319 841 3368 constanter
853 3333 913 3368 cum
924 3316 1035 3367 cedendi
1048 3317 1130 3366 uerbo
1141 3317 1313 3366 coniunxisse
1321 3315 1463 3378 repperias

239 3384 274 3434 ad
287 3384 481 3451 insigniendum
494 3386 582 3438 locum
596 3388 640 3438 uel
652 3401 709 3438 rem
721 3389 841 3438 relictum
855 3389 1054 3445 summissum,
1072 3387 1101 3435 ut
1113 3386 1184 3437 alius
1196 3401 1258 3437 eum
1276 3386 1399 3449 occupet,
1419 3399 1464 3434 ex·

238 3457 316 3520 cepte
335 3456 356 3510 l.
375 3449 402 3513 5,
421 3452 445 3514 8,
465 3458 511 3508 ubi
529 3473 597 3510 sane
615 3461 741 3510 meliores
761 3460 841 3510 eiiam
860 3459 920 3508 libri
944 3472 1003 3508 cum
1029 3456 1150 3524 uolgatis
1168 3457 1300 3520 exemplis
1318 3458 1392 3508 recte
1410 3457 1464 3505 tru-

238 3527 303 3576 dunt
315 3523 426 3593 effipiam
443 3526 522 3583 Solis.
542 3545 620 3598 quarn
638 3525 814 3582 tantummode
831 3526 995 3596 supplicibus
1013 3532 1137 3580 cesserat.
1181 3527 1263 3582 Nolis
1284 3525 1465 3590 discrepantis

238 3603 283 3648 ast
299 3598 326 3648 in
344 3598 387 3649 his
407 3600 462 3658 vlt,
481 3594 506 3658 3,
526 3595 552 3660 3,
572 3601 791 3668 imminenteque
802 3615 849 3650 sae
867 3597 963 3667 rapide
973 3597 1072 3654 sorau
1089 3597 1169 3650 cessit
1184 3597 1303 3658 (inbellis
1320 3613 1354 3648 ac
1371 3598 1465 3648 timida

237 3669 388 3732 iuuentuslc
413 3685 499 3738 neque
519 3673 556 3732 V,
580 3669 609 3732 7,
635 3675 687 3722 ext.
709 3670 741 3730 2,
766 3668 890 3722 Seleucus
912 3667 1015 3737 quiden
1038 3684 1135 3730 acere,
1158 3665 1356 3721 Ariobarzanes
1378 3672 1464 3720 asten

230 3735 292 3806 filie
309 3754 357 3790 sae
377 3738 563 3809 Cappadociae
580 3757 660 3809 repne
680 3739 767 3797 cessit.
788 3743 841 3791 nisi
859 3743 930 3802 quod
949 3756 1031 3806 super
1045 3756 1060 3792 e
1072 3743 1099 3791 in
1116 3754 1199 3792 suere
1215 3741 1364 3792 mentiare
1382 3754 1464 3792 manu

237 3811 265 3860 in
284 3813 375 3862 codice
393 3813 525 3864 ilamensi
542 3814 642 3864 lineola
660 3815 752 3864 addita
771 3815 821 3864 esi.
862 3813 894 3862 ln
917 3814 1012 3862 eodem
1037 3813 1129 3864 codice
1146 3812 1166 3871 1,
1185 3807 1212 3870 5,
1230 3807 1249 3861 i
1266 3813 1388 3876 primitus
1407 3815 1464 3874 qui·

238 3882 299 3932 dem
318 3886 377 3933 erat
394 3880 505 3935 libenter
523 3881 573 3934 tibi
590 3900 672 3936 means
689 3879 776 3935 sedes
789 3879 862 3942 cede,
882 3885 932 3934 aed
945 3885 1032 3934 altera
1044 3885 1155 3942 tamdia.
1175 3884 1217 3932 cui
1234 3883 1464 3936 accedit⁴Paridis

237 3953 361 4018 epitome,
380 3957 469 4005 tuetur
486 3956 641 4009 abintiuum.
678 3957 745 4006 Item
763 3971 796 4006 ex
816 3956 923 4018 optimis
942 3956 1018 4008 codd.
1037 3952 1123 4007 ABG
1139 3955 1195 4014 1111,
1220 3951 1231 4006 l
1253 3959 1306 4007 cxt.
1326 3951 1342 4005 'i
1360 3956 1465 4007 restitui

237 4021 318 4074 cessit
334 4037 366 4074 ea
380 4021 481 4082 Bianti,
501 4029 624 4091 quamuis
643 4028 679 4078 ibi
696 4043 746 4092 pro
759 4027 935 4078 deterioribus
956 4029 1011 4078 stet
1028 4027 1114 4078 Paris.
1149 4026 1270 4092 Denique
1279 4027 1311 4087 V,
1331 4023 1356 4087 7,
1376 4025 1461 4080 esti

237 4095 409 4148 eccumiiuus
427 4097 455 4144 in
473 4097 525 4154 his.
543 4097 709 4150 comederam
726 4095 779 4150 sibi
797 4095 930 4164 ceniaqern
938 4095 1002 4166 filie
1021 4094 1114 4150 cedere
1131 4113 1184 4150 ses
1197 4095 1337 4159 daMtasit,
1355 4100 1418 4151 iicet
1435 4100 1463 4149 in

238 4178 272 4214 ee
296 4166 465 4216 consentiant
488 4183 582 4220 omnes
607 4171 665 4222 iero
688 4171 761 4230 libri,
788 4171 876 4220 locum
900 4171 1002 4221 habere
1025 4171 1071 4220 uix
1093 4171 1184 4234 potest
1205 4171 1316 4236 propter
1340 4172 1367 4220 id
1391 4171 1463 4233 quod

238 4234 329 4284 stadm
353 4237 486 4298 sequitur,
511 4237 548 4292 At
564 4239 687 4293 Seleucus
704 4237 807 4308 quidem
825 4255 907 4292 acore
936 4243 1005 4296 ete..¹
1024 4243 1151 4306 recteque
1179 4242 1361 4306 praestantior
1380 4243 1463 4293 Bero-

236 4304 348 4356 linensia
369 4304 391 4358 C
408 4310 435 4358 ct
453 4309 530 4361 Paris
549 4315 692 4364 seruarent
709 4311 849 4364 corisum
866 4338 902 4350 -
919 4311 1037 4379 mataps.

307 4376 414 4430 uariari
431 4395 482 4432 nen
495 4388 593 4451 petest)
610 4386 684 4436 Male
702 4387 818 4435 editores
831 4385 939 4435 sublata
951 4387 1097 4453 negatione
1115 4384 1281 4435 sustulerant
1292 4383 1460 4434 sententiam.

236 4447 305 4507 Quid
323 4452 393 4502 enim
410 4453 476 4505 iilud
489 4459 541 4512 est,
561 4458 631 4522 qnod
649 4455 747 4507 totiens
760 4457 865 4507 laudari
882 4470 966 4519 posse
984 4455 1318 4520 praedicatus-Marcellus,
1338 4453 1460 4517 quotiens

235 4521 418 4574 moderatione
437 4527 611 4578 cxcessueritt
639 4529 722 4580 Immo
735 4528 897 4578 contrarium
916 4529 1075 4586 dicidebuit.
1097 4529 1218 4594 linguam
1235 4540 1290 4575 non
1307 4525 1460 4588 permittere

235 4591 275 4640 tei
297 4592 479 4647 laudationum
504 4600 681 4658 uenationes,
711 4600 773 4666 quet
796 4601 988 4650 moderationis
1016 4599 1143 4663 exempla
1169 4598 1283 4648 ediderit
1304 4596 1458 4648 Marcellus.

236 4663 312 4722 Quod
331 4680 390 4715 cum
409 4669 579 4737 intellegeret
596 4671 748 4730 Terracina,
766 4672 833 4722 mire
851 4673 942 4722 tamen
955 4673 983 4722 et
998 4672 1069 4722 iaiao
1089 4669 1228 4736 uolgatam
1246 4667 1405 4733 scripturam
1421 4668 1461 4720 lia

235 4735 360 4800 earliest,
370 4729 477 4794 maed
481 4741 1011 4810 Marcellumneaumetprepriumiaudis
1020 4755 1109 4814 genus
1118 4741 1243 4799 meritum
1252 4753 1325 4802 esse,
1335 4741 1459 4812 quotiens
