3409 5400
323 479 390 552 tet
733 473 796 544 ua
819 471 1138 545 CRVDELITATE.

322 641 371 708 rei
397 637 549 727 publicae
580 638 692 705 deerat
718 647 754 703 ut
780 633 887 702 Vario
918 635 1044 702 Caesar
1070 636 1199 724 piaculo
1239 637 1393 703 caderet.
1464 635 1578 701 Paene

323 747 404 814 tanti
424 747 582 812 uictoriae
605 746 677 810 eiras
704 765 774 810 nou
798 745 945 819 inerunt,
978 765 1115 831 quarum
1144 743 1266 809 oblitus
1306 743 1387 831 plus
1419 747 1575 808 criminis

325 854 415 922 domi
438 875 537 942 quam
558 852 668 920 laudis
689 853 726 917 in
746 850 862 917 militia
884 851 1009 917 meruit.
1054 850 1146 917 Idem
1168 861 1271 938 caput
1285 850 1334 918 M.
1353 851 1503 916 Antoni
1525 851 1574 915 ab

326 963 451 1029 scisum
474 960 569 1026 laetis
591 959 746 1025 manibus
768 959 852 1023 inter
875 957 989 1044 epulas
1012 977 1071 1044 per
1094 981 1259 1025 summam
1283 961 1398 1026 animi
1432 983 1484 1025 ac
1509 983 1572 1022 uer·

326 1067 443 1134 borum
471 1065 681 1132 insolentiam
710 1065 903 1152 aliquandiu
937 1067 1038 1130 tenuit
1070 1065 1311 1154 clarissimique
1346 1080 1385 1130 et
1423 1069 1525 1132 ciuis
1548 1077 1583 1128 ut

325 1174 466 1242 oratoris
489 1174 654 1260 sanguine
677 1172 895 1238 contaminari
916 1191 1053 1237 mensae
1077 1193 1173 1236 saera
1195 1195 1321 1259 passus
1346 1181 1414 1238 eat.
1469 1176 1569 1261 Atque

327 1283 424 1348 etiam
447 1280 486 1345 P.
506 1279 662 1356 Annium,
685 1278 797 1366 quiid
819 1278 979 1355 atnrlerat,
1001 1280 1036 1342 in
1058 1279 1166 1343 sinum
1189 1301 1286 1344 suum
1312 1283 1480 1348 recentis
1508 1304 1572 1346 rae

327 1389 379 1456 dis
402 1388 553 1474 uestigiis
576 1409 750 1473 aspersum
772 1386 905 1471 recepit.

285 1493 317 1565 3.
415 1494 641 1581 Damasippus
664 1493 744 1558 nibil
764 1492 873 1558 laudis
896 1489 1025 1568 habuit,
1057 1492 1145 1579 quod
1173 1508 1430 1580 corrumperem
1465 1499 1569 1581 itaque

326 1603 487 1670 memoria
508 1603 580 1666 eius
601 1600 770 1666 licentiore
800 1599 1012 1666 accusatione
1039 1601 1276 1688 perstringitur.
1333 1601 1454 1668 Cuius
1481 1605 1583 1667 iussui

325 1710 511 1796 principum
533 1708 673 1773 ciuitatis
697 1709 804 1794 capita
817 1705 1001 1774 hostiarum
1016 1706 1176 1792 capitibus
1195 1708 1362 1792 permixta
1389 1719 1481 1774 sunt
1498 1711 1569 1774 Gar·

326 1815 489 1902 bonisque
517 1814 665 1879 Aruinae
692 1823 844 1880 truncum
873 1835 993 1900 corpus
1010 1813 1170 1900 patibulo
1207 1813 1354 1880 adiixum
1396 1827 1565 1904 gestatum

328 1929 388 1986 aet
433 1919 530 1984 Adeo
553 1929 609 1986 aut
631 1920 883 2007 flagitiosissimi
905 1919 1047 1987 hominis
1076 1931 1230 2007 praetura
1258 1921 1408 1988 mulmm
1441 1923 1564 1988 anteri

326 2022 478 2112 publicae
499 2028 657 2092 maiestas
679 2025 761 2092 nihil
783 2030 895 2114 potuit.

285 2127 317 2196 1.
417 2132 585 2199 Munatius
612 2134 711 2200 etiam
739 2134 894 2212 Flaccus,
922 2136 1116 2222 Pompeiani
1144 2135 1287 2200 nominis
1320 2137 1444 2202 acrior
1469 2151 1583 2224 quant

328 2239 528 2328 probabilior
555 2239 727 2317 defensor,
756 2264 831 2307 cum
860 2242 901 2308 ab
931 2245 1127 2330 imperatore
1150 2241 1295 2307 Caesare
1325 2244 1363 2308 in
1394 2241 1559 2332 Hispania

328 2347 476 2414 inclusus
505 2347 678 2414 moenibus
701 2347 940 2436 Ateguensium
964 2348 1184 2424 obsideretur,
1212 2349 1389 2414 efferatam
1425 2351 1557 2415 crudeli·

331 2508 356 2564 1.
374 2510 508 2575 piaculum
529 2505 606 2563 Ter-r.
648 2510 754 2560 eederet
774 2505 797 2562 0
814 2512 839 2560 et
850 2523 897 2576 pr.
915 2504 946 2559 A.
959 2503 1009 2576 113.
1028 2510 1179 2562 abscissum
1198 2505 1288 2576 ΕΙΙ1.
1308 2509 1354 2576 ac]
1374 2511 1406 2562 et
1418 2508 1458 2564 Ε.
1471 2507 1554 2576 ilica

330 2581 409 2665 einis!
428 2586 457 2632 et
473 2595 524 2634 om.
542 2577 578 2634 E.
596 2581 610 2650 ΙΙ
644 2580 722 2646 ,eati
747 2595 797 2632 om.
814 2576 968 2632 ACDEF.
991 2577 1128 2647 Suppkait
1147 2578 1224 2632 Terr.
1247 2577 1353 2632 Macte
1370 2581 1544 2646 Perire-ici

330 2650 356 2706 1.
375 2666 480 2717 teanum¹
491 2650 524 2707 F.
535 2649 549 2721 ΙΙ
561 2649 586 2707 ii.
606 2655 632 2718 5.
650 2648 668 2706 3
685 2665 735 2704 om.
753 2648 785 2704 Γ.
796 2650 810 2719 ΙΙ
821 2651 1023 2716 Damasippbus
1028 2665 1074 2719 pr.
1082 2649 1116 2705 A.
1130 2649 1143 2721 ΙΙ
1158 2647 1199 2703 12
1209 2646 1302 2703 arinue
1311 2650 1349 2705 Ε.
1369 2654 1491 2705 arbim
1499 2653 1550 2707 Pe.

340 2720 484 2791 iitroncurn
501 2719 539 2774 D.
553 2720 566 2791 ΙΙ
582 2720 623 2776 13.
643 2724 686 2774 eat
702 2738 750 2774 om.
769 2720 940 2788 1211111-
960 2721 1016 2787 aut]
1032 2725 1063 2773 et
1081 2751 1116 2761 -
1135 2725 1162 2773 et
1179 2721 1290 2775 coniecit
1301 2722 1474 2777 Persem
1500 2720 1548 2775 itt

330 2790 369 2845 ad
383 2791 434 2853 1Χ.
452 2789 479 2851 3.
497 2791 629 2863 irritssrei
647 2792 782 2859 publicae]
803 2789 845 2856 ip.
864 2793 882 2843 li
901 2790 956 2860 All
971 2790 1011 2845 15.
1031 2794 1057 2857 S.
1075 2792 1093 2847 1
1111 2808 1160 2846 om.
1178 2792 1210 2845 Γ.
1224 2792 1236 2859 ΙΙ
1251 2794 1395 2845 mimacius
1417 2793 1458 2847 D.
1477 2798 1547 2847 mus

329 2866 383 2913 tius
400 2860 462 2916 EF.
474 2864 487 2929 ΙΙ
497 2864 591 2915 tinctus
609 2860 646 2915 D.
658 2862 672 2931 ΙΙ
685 2863 726 2915 17.
744 2864 950 2932 abieguensium
963 2877 1009 2932 pr.
1024 2862 1056 2916 A.
1076 2866 1274 2934 ebtignensium
1288 2861 1353 2919 OD.
1373 2868 1545 2937 abtigensiea

329 2930 365 2986 Β.
384 2934 555 3001 abtigantium
574 2932 602 2987 F.
621 2934 824 3003 Attegnensium
845 2932 922 2986 Torr.

405 3070 487 3125 Varie
506 3071 607 3127 caesar
619 3074 729 3144 piccuto
747 3073 865 3143 caderet)
885 3078 1055 3129 Grammatici
1072 3078 1134 3129 inde
1146 3094 1164 3127 a
1177 3077 1272 3147 Pighio
1284 3091 1383 3129 omnes
1395 3081 1541 3131 nutemus

303 3142 461 3214 piaculare
477 3148 580 3197 temere
598 3148 770 3212 repudiarunt
787 3150 892 3199 tertium
912 3163 1014 3207 casum.
1032 3165 1051 3199 a
1068 3150 1204 3199 codicibus
1223 3150 1417 3213 manuscriptis
1437 3152 1541 3202 timim

329 3230 416 3275 mum.
441 3232 501 3267 cum
523 3221 614 3269 tamen
636 3219 762 3269 facillime
786 3220 892 3272 delendi
916 3220 1003 3284 possit
1025 3234 1059 3270 ea
1078 3220 1202 3281 loquendi
1220 3222 1425 3279 consuetudine,
1450 3227 1540 3288 quart

328 3289 490 3357 insigniatur
512 3291 651 3341 consilium
675 3292 786 3340 actionis
810 3291 963 3349 subiectae.
991 3305 1036 3343 res
1061 3292 1140 3341 alicui
1163 3293 1231 3340 dono
1255 3292 1326 3349 dari,
1350 3292 1462 3359 pignori
1482 3294 1538 3359 poni

330 3361 465 3425 praesidio
484 3361 608 3429 relinqui.
633 3361 726 3411 dicitnr
749 3364 776 3412 et
799 3377 869 3427 quae
893 3364 954 3411 sunt
978 3363 1033 3411 alia
1055 3362 1081 3411 in
1100 3362 1151 3412 boc
1169 3376 1276 3431 genere.
1313 3362 1352 3412 Cf.
1373 3362 1436 3414 Vat.
1455 3365 1475 3419 1.
1491 3360 1538 3419 31

331 3434 514 3498 tempestatem.
535 3431 579 3482 cai
596 3428 710 3483 remedio
728 3430 861 3498 quaeaiiua
878 3436 945 3487 eret
966 3429 1083 3500 dispulit.
1119 3433 1220 3483 iisdem
1239 3434 1308 3482 enim
1327 3432 1436 3484 ratione
1454 3437 1539 3485 Cam
1582 3432 1583 3459 ¹

330 3502 412 3551 Vario
430 3504 535 3567 piaculo
554 3505 633 3553 datus
651 3517 715 3554 esse
733 3505 847 3566 putatur.
885 3508 960 3566 Quae
979 3505 1002 3553 si
1020 3504 1187 3554 intransitino
1205 3504 1316 3554 cadendi
1335 3507 1422 3554 uerbo
1442 3522 1538 3571 pronae

329 3573 441 3631 ituatur,
465 3588 516 3623 nac
539 3576 671 3625 sententia
694 3576 810 3624 mutatur
832 3589 882 3623 nec
906 3576 1022 3625 debebat
1044 3575 1140 3625 mutari
1164 3574 1243 3624 dandi
1266 3588 1362 3633 casua.
1388 3590 1451 3626 eum
1473 3580 1539 3628 etia·

330 3646 413 3694 uerbo
435 3658 491 3696 erae
513 3645 583 3695 idem
602 3645 747 3695 subiciatur·
770 3645 885 3698 dutinus.
921 3646 959 3698 ct.
979 3646 1038 3698 val.
1061 3646 1111 3703 111.
1130 3641 1162 3705 2.
1192 3642 1219 3698 il
1245 3642 1359 3705 Poeaus,
1385 3644 1415 3696 ia
1440 3646 1539 3700 eum

330 3711 466 3769 chorita.
484 3713 606 3766 morienti
621 3713 720 3767 relecto
730 3712 798 3781 scit.

400 3781 473 3836 ideae
491 3791 571 3852 copti
587 3782 627 3838 M.
645 3784 754 3850 Aaou)
781 3788 820 3840 Gi.
838 3786 897 3839 Liu.
916 3788 978 3851 epit.
996 3788 1055 3839 libr.
1074 3786 1185 3837 LXXX.
1209 3788 1262 3839 Cic.
1286 3788 1320 3837 rie
1338 3801 1378 3839 or.
1397 3788 1444 3847 111.
1465 3786 1488 3847 3,
1508 3787 1539 3841 iit

330 3854 397 3974 geli.
416 3856 451 3975 lp}
468 3852 513 3979 21·Ζό
529 3852 555 3909 3.
574 3856 642 3910 ΡΙυ1.
660 3858 729 3908 Mar.
747 3854 791 3911 11.
809 3858 878 3923 App.
893 3859 942 3909 eiu.
960 3858 980 3917 1.
999 3853 1043 3911 12.
1061 3858 1131 3911 rior.
1144 3859 1188 3917 111.
1201 3854 1245 3916 21.
1260 3853 1300 3910 11.
1318 3857 1422 3911 Lucan.
1439 3861 1474 3921 11,
1494 3857 1539 3913 in

354 3937 409 3975 1⁰8·
452 3960 459 3983 ι
514 3964 522 3980 .

401 3989 427 4045 3.
446 3995 485 4045 Gi.
502 3998 560 4047 Liu.
579 3999 641 4061 cpit.
659 3999 718 4050 libr.
737 3999 886 4050 Lxxxvt
905 4000 972 4049 Veli.
991 3999 1023 4057 11,
1041 3994 1085 4058 23,
1104 3994 1130 4051 2.
1150 3999 1219 4051 iiior.
1231 4000 1276 4058 111.
1295 3996 1339 4057 21.
1357 3996 1403 4051 21.
1421 4002 1498 4057 Ores.
1514 4004 1537 4059 V.

330 4058 362 4115 21
389 4065 417 4113 et
438 4064 504 4130 App.
529 4070 578 4120 cin.
602 4070 627 4127 1,
651 4066 700 4127 88,
730 4071 775 4131 qni
799 4071 870 4120 hunc
893 4070 1087 4134 Damasippum
1113 4070 1268 4135 simpliciter
1289 4071 1400 4121 Brutum
1424 4076 1538 4139 appellat.

330 4134 397 4185 Erat
414 4136 512 4196 autem.
530 4141 559 4186 nt
577 4140 730 4259 spppicatur
747 4140 892 4193 Drumaun.
911 4141 944 4199 11,
962 4154 988 4203 p.
1007 4134 1069 4199 tta,
1088 4140 1119 4191 L.
1138 4141 1229 4193 lunius
1247 4141 1345 4195 Brutm
1359 4142 1538 4211 Damasippus.

330 4208 440 4269 praetor
458 4223 482 4260 a.
501 4223 526 4260 u.
546 4224 568 4259 c.
641 4247 647 4260 .

330 4348 347 4399 d
403 4274 583 4403 Oolrltloagrqu
597 4276 726 4345 Arabae)
745 4284 773 4336 C.
792 4282 888 4347 Papirii
908 4283 1038 4334 Carbonis
1056 4281 1172 4335 Aruinae
1191 4284 1230 4337 ct.
1245 4284 1298 4339 cic.
1317 4296 1378 4350 epp.
1397 4284 1443 4347 IX,
1460 4283 1536 4349 211

348 4360 420 4401 eor.
476 4384 484 4409 .
520 4385 528 4409 .
583 4388 590 4403 .

400 4416 426 4471 1.
446 4421 484 4475 ci.
502 4421 580 4476 Auci.
598 4423 659 4474 beli.
678 4424 755 4488 Hisp.
773 4419 817 4477 22.

401 4488 592 4557 Atcpaeaaiaar)
611 4493 732 4557 Simplici
749 4498 760 4546 t
777 4496 829 4546 boc
840 4510 937 4547 nomen
951 4496 1077 4561 scriptum
1096 4498 1173 4549 eliert
1191 4497 1282 4555 Parias
1301 4512 1353 4549 nec
1366 4498 1439 4552 aliter
1455 4504 1535 4566 optimi

332 4562 438 4611 cedices
461 4565 523 4615 beli.
541 4564 616 4629 Hisp.
636 4561 662 4623 u.
683 4564 706 4618 l.
731 4562 757 4624 i,
780 4563 800 4617 i.
824 4559 850 4625 Β,
869 4560 894 4619 6.
920 4563 968 4626 22.
991 4562 1009 4619 3
1028 4570 1055 4617 et
1073 4568 1158 4619 codex
1177 4569 1366 4621 thcardianus
1386 4570 1455 4623 Pilati
1473 4574 1498 4623 b.
1513 4590 1533 4627 u.

331 4629 376 4687 111.
397 4625 421 4689 1,
439 4628 490 4697 (3.)
511 4630 557 4693 10.
579 4637 655 4686 cuiue
680 4636 863 4688 auctoritatem
887 4652 940 4689 non
964 4638 1036 4691 recte
1058 4640 1161 4704 spreuit
1178 4638 1307 4709 stutgim.
1343 4640 1472 4709 vulgatae
1488 4646 1533 4699 ati·

331 4698 419 4752 tiones
437 4716 497 4754 eum
516 4705 612 4755 Caesio
630 4705 715 4759 Dione
734 4707 828 4769 xn111.
841 4722 873 4772 p.
891 4702 946 4765 361
962 4709 1046 4764 seim.
1065 4723 1128 4763 eam
1145 4711 1261 4764 litteram
1279 4710 1447 4777 duplicarunt
