3409 5400
1391 593 1433 660 99

297 723 465 795 Perucrsa
484 728 625 795 maxime
650 740 682 795 et
703 726 811 798 aliena
833 732 875 797 ab
898 730 1008 797 indole
1035 728 1133 797 huius
1158 732 1266 818 operis
1291 738 1435 822 capitum

207 834 375 902 distinctio
388 838 502 902 eratin
515 837 712 904 editionibus
724 851 801 925 post
812 837 969 927 Pighium
984 838 1138 927 uulgatis,
1158 842 1215 928 qui
1226 842 1390 912 titulorum
1404 858 1436 910 et

206 944 471 1029 inscriptionum,
484 944 602 1034 quibus
608 945 643 1011 in
655 944 824 1012 codicibus
837 947 1069 1032 manuscriptis
1083 958 1295 1013 secernuntur
1304 951 1437 1039 singula

205 1052 334 1139 capita,
363 1074 481 1139 perum
503 1054 664 1118 rationem
691 1050 834 1130 habens,
864 1054 947 1121 alins
974 1076 1035 1139 pro
1064 1052 1219 1119 arbitratu
1244 1056 1436 1137 immutauit,

206 1160 294 1225 alios
323 1160 526 1245 transposuit
553 1158 704 1249 falsoque
735 1160 809 1227 leco
843 1153 988 1239 intrusit,
1028 1160 1110 1229 alios
1139 1182 1276 1249 prorsus
1306 1165 1436 1244 deleuit,

206 1268 386 1332 contractis
413 1268 449 1332 in
477 1288 579 1333 unum
607 1267 747 1334 diuersis
776 1268 953 1355 capitibus,
987 1268 1069 1334 alios
1105 1268 1262 1358 denique,
1298 1271 1436 1339 diuulsis

208 1398 298 1465 quae
326 1376 503 1441 coniuncta
528 1378 669 1463 proferri
696 1374 874 1452 debebant,
908 1375 1085 1441 introduxit
1112 1378 1204 1444 fictos
1232 1400 1254 1443 a
1281 1401 1318 1444 se
1351 1380 1442 1467 ipso.'

207 1484 260 1549 lta
280 1484 405 1552 sactum
428 1497 481 1549 est
499 1496 537 1550 ut
555 1482 639 1551 libro
662 1480 809 1550 secunde
834 1483 875 1547 de
902 1483 1058 1548 institutis
1084 1484 1224 1571 antiquis
1257 1504 1341 1574 quae
1369 1508 1436 1553 uno

207 1605 326 1658 more
354 1592 558 1658 absoluenda
586 1600 679 1657 erant
705 1610 765 1657 sex
799 1590 942 1655 diuersis
972 1590 1133 1676 capitibus
1165 1604 1437 1676 pertractarentur

210 1702 244 1776 l,
267 1702 310 1765 de
332 1701 616 1766 matrimoniorum
636 1699 703 1764 ritu
725 1710 757 1762 et
778 1697 1059 1764 necessitudinum
1082 1698 1209 1762 officiis.
1242 1700 1275 1775 2,
1304 1700 1344 1765 de
1366 1720 1438 1767 ma-

209 1811 410 1899 gistratuum
432 1817 530 1895 atque
554 1805 705 1872 ordinum
728 1806 846 1871 officiis
871 1817 903 1869 ct
925 1792 1091 1871 institutis.
1123 1806 1154 1882 3,
1178 1804 1220 1869 de
1242 1807 1436 1876 militaribus

207 1916 376 1983 iristiurtis.
399 1916 432 1990 4,
451 1915 492 1979 de
516 1915 722 2001 spectaculis.
746 1914 777 1990 ὅ,
795 1914 837 1977 de
860 1913 1044 2001 frugalitate
1069 1924 1101 1978 et
1117 1916 1313 1979 innocentia.
1346 1917 1378 1993 6,
1397 1914 1438 1981 de

209 2024 356 2091 externis
377 2022 543 2089 institutis.
589 2021 684 2104 Quae
705 2021 937 2106 inscriptiones
962 2030 1085 2085 utnon
1107 2017 1269 2087 habentur
1290 2022 1326 2088 in
1349 2024 1438 2089 codi·
1470 2010 1473 2017 ¹

209 2133 308 2199 cibus
338 2131 586 2216 manuscriptis,
616 2131 732 2194 itane
762 2138 857 2215 aptae
887 2128 1019 2216 quidem
1049 2140 1125 2195 sunt
1148 2130 1299 2195 omnibus
1322 2131 1434 2209 rebus,

210 2262 298 2329 quae
321 2238 387 2304 illis
410 2238 570 2324 capitibus
583 2237 801 2303 continentur.'
842 2232 951 2300 Valde
968 2247 1139 2322 praetcrea
1161 2236 1327 2321 displicuit
1346 2238 1438 2327 *quod

208 2351 367 2417 Romana
388 2357 421 2410 et
441 2354 575 2409 externa
597 2344 746 2411 eiusdem
770 2342 902 2431 generis
917 2342 1075 2429 exempla,
1100 2364 1184 2430 quae
1202 2342 1323 2430 optime
1347 2366 1438 2411 com·

207 2454 374 2544 prehendi
394 2455 589 2539 potuissent,
611 2464 648 2516 ut
669 2450 989 2538 comprehenduntur
1012 2451 1046 2514 in
1070 2449 1274 2536 compendiis
1304 2470 1326 2513 a
1347 2449 1439 2516 Maio

211 2565 322 2638 editis,
340 2561 518 2647 separatim
530 2560 600 2625 suis
611 2560 756 2625 numeris
771 2559 929 2647 insignita
940 2567 1041 2634 erant,
1058 2568 1091 2620 et
1102 2554 1203 2622 multo
1219 2557 1317 2623 etiam
1330 2560 1439 2647 magis

212 2669 306 2762 qued
326 2667 491 2734 interdum
512 2664 650 2734 moleste
671 2670 748 2753 ipsa
763 2667 917 2734 Romana
939 2662 1106 2732 sublitiore
1130 2664 1227 2730 etiam
1252 2663 1440 2734 discrimine

211 2777 466 2852 dirimebantur,
495 2776 542 2840 ita
567 2787 605 2840 ut
629 2774 713 2840 libro
740 2773 789 2842 IX
817 2795 889 2862 cap.
923 2775 942 2838 7
973 2783 1220 2838 secernerentur
1247 2795 1286 2839 ac
1303 2795 1375 2862 per
1404 2797 1440 2841 sc

210 2893 463 2953 numerarentur
482 2881 592 2968 plebei
614 2902 637 2946 e
656 2881 795 2948 militum
816 2882 1043 2948 Romanorum
1066 2880 1232 2948 seditiosis
1257 2881 1439 2949 conatibus.

208 2993 331 3081 Neque
352 3003 463 3056 tamen
486 2991 661 3078 quicquam
683 2989 875 3056 mutandum
898 2989 1014 3054 censui
1039 2990 1074 3055 in
1101 2987 1164 3054 bac
1191 2989 1349 3057 librorum
1384 3013 1439 3056 ca·

210 3102 386 3189 pitumque
408 3097 585 3172 diuisione,
613 3118 655 3160 ne
682 3097 758 3182 ipsa
777 3096 835 3163 illa
862 3091 1075 3183 peruersitate
1103 3095 1271 3162 molestior
1300 3095 1439 3183 posthac

213 3210 372 3276 existeret
391 3204 549 3269 dubitatio
572 3214 605 3267 et
626 3202 792 3270 fluctuatio
814 3205 849 3270 in
872 3202 1011 3270 citandis
1027 3199 1154 3270 Valerii
1176 3201 1343 3289 exemplis.
1388 3202 1443 3268 In,-

211 3315 415 3401 scriptiones
437 3333 519 3376 uero
542 3311 694 3396 capitum,
718 3311 808 3399 quod
823 3311 932 3376 facere
944 3311 1035 3397 potui
1052 3311 1124 3376 sine
1140 3310 1207 3376 ullo
1219 3309 1442 3386 incommodo,

212 3421 345 3488 restitui
367 3441 467 3507 quem
488 3417 532 3484 ad
553 3417 690 3486 modum
711 3417 895 3487 suadebant
917 3417 1036 3484 etmel
1063 3416 1137 3486 libri
1165 3437 1279 3484 omues
1309 3427 1342 3480 et
1367 3415 1442 3482 bre-

214 3527 455 3598 decerperis.
