3409 5400
323 405 388 470 644
501 405 633 489 QVAM
652 411 798 480 MAGNI
819 417 1045 492 EFFECTVS
1068 425 1242 508 ARTIVM
1264 433 1379 508 SINT.

321 564 449 634 territus
474 569 633 632 exercitus
657 583 769 638 noster
797 599 915 644 manus
945 603 1017 648 cum
1045 587 1141 654 hoste
1170 599 1372 662 conserendi
1397 601 1551 669 fiduciam

320 671 500 745 amisisset,
523 673 564 736 de
588 677 671 741 caeli
694 681 820 745 rationo
843 695 874 746 et
898 686 1043 756 siderum
1071 705 1186 760 natura
1208 703 1417 783 peritissime
1442 709 1548 794 dispu-

318 776 419 840 tando
442 772 586 843 alacrem
610 805 684 847 curu
701 785 734 848 iu
752 789 856 854 aciem
874 793 970 860 misit.
1016 795 1128 884 ltaque
1144 805 1283 890 inclytae
1299 810 1346 874 illi
1364 811 1546 880 Pauliana>

317 881 472 946 uictoriae
500 881 652 950 liberales
682 901 769 954 artes
800 893 884 960 Galli
917 899 1040 966 adituui
1069 905 1240 987 dederunt,
1273 918 1372 1001 quia,
1408 924 1477 986 uisi
1500 925 1543 986 ill=¹

315 998 435 1050 metum
460 1001 644 1056 nostrorum
668 996 802 1064 militurn
827 1004 971 1082 uicisset,
995 1011 1171 1097 imperator
1186 1021 1320 1084 uincere
1336 1023 1463 1092 hostes
1488 1047 1562 1094 nna}

314 1095 482 1174 potuisset.

271 1191 301 1256 2.
402 1201 588 1283 Spurinnae
613 1227 742 1291 quoque
759 1211 792 1272 iu
809 1223 1041 1288 consectandis
1066 1225 1200 1293 deorum
1220 1237 1355 1300 monitis
1375 1243 1541 1308 efficacior

313 1304 449 1368 scientia
478 1312 628 1392 apparuit
657 1335 754 1398 quarn
790 1320 868 1382 urbs
904 1324 1054 1394 Romana
1088 1335 1197 1402 uoluit.
1255 1339 1483 1412 Praedixerat
1510 1353 1539 1413 [ἶ

312 1409 447 1475 Caesari
473 1425 507 1476 ut
529 1418 694 1498 proximos
723 1420 821 1485 XXX
850 1427 921 1492 dies
953 1437 1048 1518 quasi
1076 1439 1192 1505 fatales
1217 1461 1369 1525 caueret,
1404 1477 1538 1541 quorum

309 1514 439 1580 ultimus
465 1531 534 1582 erat
556 1520 629 1584 idus
655 1523 801 1593 Martiae.
856 1531 904 1595 Eo
929 1559 1002 1603 curu
1025 1543 1108 1606 sorte
1135 1569 1232 1612 mane
1256 1563 1399 1642 uterque
1426 1563 1460 1625 iu
1485 1565 1562 1626 dou

308 1642 397 1684 mum
422 1622 548 1687 Caluini
565 1625 686 1692 Domiti
709 1633 752 1695 ad
768 1636 910 1702 oilicium
929 1650 1168 1726 conuenissent,
1193 1655 1320 1722 Caesar
1345 1664 1536 1749 Spurinnae
1574 1693 1575 1778 p

307 1727 445 1814 ‘Ecquid
468 1729 555 1802 scis'‚
578 1733 691 1819 iuquit,
716 1739 797 1804 ‘idus
822 1745 887 1808 iam
905 1747 1042 1817 Martias
1066 1759 1232 1823 uenisso't
1266 1763 1305 1828 Et
1329 1769 1373 1843 is,
1402 1771 1534 1860 ‘Ecquid

306 1834 373 1895 scis
395 1832 470 1895 illas
487 1835 630 1901 nondum
647 1849 876 1924 praeterisse'?
915 1853 1085 1925 Abiecerat
1100 1862 1180 1928 alter
1196 1869 1346 1938 timorem
1364 1885 1532 1966 tamquam

305 1948 419 2000 exacto
443 1949 587 2024 ternpore
611 1963 776 2031 suspecto,
800 1954 881 2018 alter
905 1981 946 2023 ue
970 1974 1147 2034 extremam
1165 1974 1293 2057 quidem
1312 1981 1390 2046 eius
1407 2004 1533 2069 partem

303 2043 447 2126 periculo
470 2066 611 2112 uacuam
636 2073 712 2116 esse
736 2059 908 2128 arbitratus
933 2079 992 2134 est.
1041 2069 1174 2142 Vtinam
1189 2077 1407 2168 haruspicem
1425 2097 1553 2177 potiuss

303 2151 478 2235 augurium
501 2174 600 2238 quarn
624 2161 749 2240 patriae
773 2181 941 2247 parentem
966 2179 1125 2245 securitas
1148 2183 1327 2256 fefellisset

805 2288 1017 2311 ᾖ
1574 2271 1575 2332 l

302 2322 326 2380 l.
344 2330 489 2391 perarritus
502 2343 547 2397 pr.
569 2331 597 2385 d
612 2331 698 2402 ll⁰¹¹ffl
719 2340 806 2408 hoste]
823 2350 885 2410 port
903 2356 1060 2404 conserendi
1079 2353 1107 2409 F.
1128 2354 1140 2427 11
1161 2369 1328 2417 conserenti
1350 2369 1380 2424 G.
1401 2372 1417 2442 Η
1435 2378 1525 2430 fidncia

299 2398 420 2450 misisset
433 2415 478 2466 pr.
491 2400 522 2453 A.
537 2399 549 2470 ΙΙ
562 2399 590 2453 2.
603 2410 629 2456 et
647 2409 764 2460 sitieram
783 2416 890 2482 natura]
910 2421 937 2469 et
957 2423 989 2472 rie
1008 2439 1093 2476 rerum
1113 2433 1209 2483 natura
1227 2437 1358 2500 syderum
1376 2441 1414 2497 F.
1426 2446 1479 2514 113.
1492 2453 1523 2501 in·

299 2468 399 2534 clytus}
415 2476 477 2535 poet
494 2472 641 2528 Paulianae
658 2476 687 2530 F.
702 2487 765 2546 post
781 2484 818 2534 iiii
839 2484 915 2540 Torr.
934 2493 1036 2558 inclyta
1049 2511 1094 2562 pr.
1112 2499 1144 2554 A.
1164 2501 1220 2571 115.
1239 2508 1350 2562 militum
1369 2521 1521 2572 nostrorum

298 2533 329 2586 F.
346 2537 360 2602 Η
375 2539 529 2607 imperator]
555 2543 617 2599 add.
636 2564 762 2602 romanus
781 2551 807 2604 F
820 2561 845 2606 et
863 2573 932 2613 corr.
951 2559 996 2617 D.
1020 2561 1097 2620 anr.
1112 2569 1126 2638 Η
1146 2573 1238 2626 hostes
1257 2579 1367 2633 uincere
1390 2583 1418 2638 Ε
1424 2587 1455 2642 Γ.
1471 2591 1484 2657 ΙΙ
1501 2589 1520 2642 i.

298 2611 485 2659 consecrandis
498 2612 533 2665 Ε.
548 2612 561 2682 ss
575 2612 601 2665 8.
620 2621 683 2668 urbs
695 2647 707 2670 ι
726 2623 828 2680 (ultimo
845 2626 934 2682 littera
952 2631 981 2683 ia
993 2647 1099 2695 rasura)
1110 2640 1142 2695 A.
1163 2647 1235 2696 urbis
1253 2649 1290 2713 (i)
1303 2665 1352 2717 pr.
1366 2655 1400 2709 A.
1446 2661 1519 2713 Prae·

296 2677 410 2744 dixerat]
430 2677 492 2733 add.
513 2688 583 2737 enim
600 2702 670 2742 corr.
685 2687 723 2747 D,
747 2693 821 2749 Torr.
834 2697 847 2765 ΙΙ
860 2695 884 2751 il.
904 2705 961 2754 ‹iiea
977 2707 1054 2757 XXX
1068 2708 1143 2766 Torr.
1155 2712 1169 2780 Η
1182 2714 1222 2770 10.
1242 2724 1332 2773 marcii
1354 2722 1384 2777 D
1422 2768 1430 2781 .
1450 2738 1517 2783 mari'

294 2744 413 2813 Dillio]
434 2755 460 2800 et
478 2751 505 2805 F.
526 2759 539 2820 Η
559 2772 660 2810 ruane*
676 2761 732 2827 All
753 2764 792 2818 11.
818 2772 912 2822 calium
938 2777 1032 2827 domici
1054 2778 1081 2833 C.
1106 2788 1208 2837 comicii
1233 2792 1339 2845 caiuinii
1358 2794 1398 2851 D.
1426 2806 1516 2853 caiuini

294 2817 392 2877 suipitii
409 2818 467 2876 (scd
483 2828 691 2894 suprascriptum
716 2836 733 2881 l'
751 2838 861 2905 doruiiit)
883 2841 912 2895 Γ.
938 2846 1051 2909 Domitii,
1063 2853 1164 2905 Caluini
1183 2856 1244 2911 Par.
1264 2862 1275 2927 ΙΙ
1296 2872 1477 2923 conuenisset
1494 2872 1516 2925 Ε

293 2882 354 2935 Par.
377 2884 451 2938 Torr.
464 2889 478 2954 ΙΙ
491 2890 531 2944 tu.
552 2901 576 2945 ct
597 2901 657 2963 quid
676 2900 825 2957 AODEF
840 2916 866 2961 et
880 2928 924 2979 pr.
943 2914 1006 2969 Par.
1017 2919 1126 3041 lbiuqcst
1143 2941 1190 2979 ont.
1212 2927 1242 2980 0.
1256 2928 1268 2998 ΙΙ
1289 2935 1356 3001 iam]
1378 2948 1445 2993 ute
1462 2947 1515 2993 idus

291 2951 384 3004 EPar.
398 2964 462 3024 port
478 2962 590 3015 Martias
606 2967 681 3021 Torr.
694 2969 708 3037 ΙΙ
720 2974 790 3025 mait
802 2976 888 3034 ΑΘΓ.
909 2990 998 3038 marcii
1050 2990 1110 3046 EF.
1125 2994 1137 3062 Η
1152 3002 1178 3047 et
1196 3002 1258 3061 quid
1275 3001 1338 3056 DE
1359 3014 1385 3059 et
1392 3027 1444 3077 pr.
1458 3014 1513 3067 Par.

291 3028 318 3073 et
337 3027 395 3089 quis
413 3026 444 3081 F.
459 3028 471 3093 ll
489 3028 528 3086 13.
547 3040 620 3089 scias
639 3039 667 3092 F.
679 3040 692 3107 Η
705 3046 783 3112 aiter]
803 3050 847 3100 ilie
860 3050 892 3105 ii.
905 3055 918 3125 ΙΙ
934 3054 971 3110 it.
991 3062 1035 3127 ue]
1055 3062 1082 3113 itt
1095 3080 1191 3119 rasura
1203 3068 1234 3124 Α.
1253 3088 1302 3125 neo
1315 3073 1349 3131 F.
1365 3079 1378 3145 ΙΙ
1396 3080 1442 3139 15.
1456 3100 1513 3138 esse

290 3108 339 3148 om.
357 3094 389 3147 F.
400 3097 415 3166 ΙΙ
426 3107 593 3168 auruspicern
612 3108 642 3164 F.

791 3209 1001 3231 *Q

358 3253 384 3311 2.
403 3260 442 3312 Gi.
461 3263 527 3317 Plut.
546 3271 623 3323 Caes.
642 3267 687 3327 63.
707 3276 781 3332 Suet.
801 3284 879 3337 caea.
898 3286 941 3341 81.

357 3334 515 3397 retorqua-
533 3341 720 3401 emanarent)
746 3351 843 3403 Natam
861 3356 1003 3423 licentium,
1022 3382 1077 3427 qua
1095 3370 1137 3419 uei
1156 3373 1247 3437 optimi
1266 3376 1353 3430 Latini
1373 3392 1507 3441 sermonis

286 3401 409 3450 auctores
428 3408 538 3456 uerbum
557 3408 683 3468 interdum
701 3421 797 3481 plurali
814 3440 924 3479 numero
943 3448 1001 3484 cum
1021 3438 1151 3505 singulari
1170 3447 1283 3497 nominis
1297 3450 1437 3507 collectiui
1457 3463 1507 3511 inn-

284 3472 517 3543 xerunt.,vateui
541 3480 655 3542 edituros
679 3489 703 3536 in
729 3493 789 3542 aitis
813 3502 942 3562 exemplis
961 3513 1141 3572 agnoueruni.
1165 3514 1193 3563 iu
1212 3517 1282 3578 eliis,
1305 3522 1507 3581 firmissimis·

285 3542 420 3591 codicibus
445 3549 642 3612 manuscriptis,
667 3560 724 3609 sine
742 3564 797 3613 tilia
816 3582 900 3619 carisa
919 3584 1085 3637 respuerunt.
1130 3582 1197 3634 Nam
1217 3603 1276 3639 eum
1295 3592 1427 3649 iniectum
1451 3604 1506 3653 reii-

283 3611 404 3671 quisseni
422 3618 495 3666 uerbi
514 3619 673 3680 pluratiuum
692 3641 826 3684 numerum
846 3639 872 3688 iu
891 3643 933 3691 his
959 3646 1019 3705 ilii.
1043 3645 1070 3705 l.
1089 3648 1120 3708 5.
1145 3666 1203 3705 eam
1217 3660 1317 3726 populu
1335 3664 1389 3729 epit
1407 3677 1443 3721 nt
1462 3672 1505 3723 eli·

280 3678 383 3739 quaudo
402 3686 562 3737 arcedonem
574 3688 651 3741 liuius
662 3691 768 3750 temris
779 3702 878 3768 Fadiae
887 3713 960 3775 prati

280 3748 512 3811 capitalr'‚t'udicio
536 3756 674 3814 damnatae
695 3773 793 3821 centum
816 3782 842 3825 et
863 3788 981 3850 septunpt

281 3820 333 3865 ext
355 3815 364 3864 l
387 3818 451 3871 urbs
470 3824 609 3892 Ciapiuaia
627 3861 661 3871 —
675 3842 863 3903 propemodum
886 3866 935 3901 auo
959 3869 974 3905 o

278 3880 332 3933 sibi
349 3900 367 3934 a
383 3888 535 3953 maioribus.
553 3914 603 3964 quo
620 3902 709 3955 urbem
727 3911 872 3967 tuerentur.
891 3935 942 3973 nou
960 3940 977 3975 a

278 3951 406 4011 relictam,
426 3974 478 4010 uon
497 3973 555 4014 erut
573 3987 620 4020 cur
640 3975 706 4034 viii,
725 3972 751 4035 5,
771 3985 823 4034 ext
846 3983 855 4035 l
884 3988 910 4037 in
928 4009 970 4047 un.

276 4031 382 4091 quanter·
399 4033 518 4083 uenuaa·
535 4038 731 4111 (Pythagoraa)
750 4058 815 4115 poet
836 4062 942 4110 mortem
963 4063 1065 4123 minam
1084 4072 1191 4131 Cereris
1207 4084 1356 4138 nauatam
1365 4088 1499 4155 smmi

277 4098 386 4149 ederent
396 4098 475 4164 serit.
503 4104 616 4159 Dubium
637 4115 719 4164 uideri
738 4123 827 4180 potest
843 4140 905 4177 num
922 4131 1043 4191 Valerius
1061 4144 1174 4206 ll‚10.8
1192 4156 1330 4218 scripserit
1345 4158 1497 4221 (cuma)

274 4166 407 4222 abennem
424 4170 523 4239 iacenti
534 4176 632 4242 plausu
646 4185 761 4250 popalus
772 4202 939 4257 prosecutas,
956 4204 1073 4269 priscum
1091 4232 1187 4272 morem
1204 4220 1322 4278 tororum
1340 4227 1369 4281 is
1385 4246 1494 4287 tem

958 4276 1013 4328 iees
1037 4284 1156 4345 tradunt:
1181 4295 1229 4344 sed
1255 4312 1325 4361 quae
1343 4314 1493 4369 sequuntur
1574 4298 1575 4307 ἵ

270 4310 419 4378 singularia
437 4317 571 4383 consessas
588 4326 616 4373 et
626 4319 681 4373 eibi
697 4326 820 4383 autumo
832 4341 955 4393 mendum
969 4346 1085 4404 indicant
1097 4356 1263 4416 librariorum
1277 4372 1490 4439 confirmarique
1574 4386 1575 4391 ’

269 4386 479 4438 emendationem
499 4391 641 4446 reuocauit.
678 4396 734 4447 lioc
753 4401 830 4467 ioco,
846 4410 880 4459 da
898 4428 950 4477 quo
970 4420 1090 4487 agimus,
1110 4442 1143 4479 eo
1161 4432 1247 4487 minus
1267 4439 1388 4494 dubitare
1406 4447 1487 4499 debe·
1574 4454 1575 4471 ¹

267 4447 331 4531 baut
348 4462 516 4543 grammatici
540 4464 572 4513 de
596 4467 691 4529 plurali
716 4484 839 4555 nrrmero,
895 4482 900 4495 '
964 4488 970 4499 “
1010 4492 1016 4503 “
1243 4507 1249 4519 ’

978 3942 1065 3989 uram.
1087 3948 1137 3999 pao
1155 3934 1301 3995 libertatem
1320 3972 1354 3984 -
1373 3960 1499 4011 maest.

990 4000 1235 4076 opulentiamque
1252 4013 1351 4068 ciuitas
1369 4024 1426 4071 tm
1445 4024 1498 4085 fre·
