3409 5400
493 514 577 581 ΜΒ.
600 512 671 593 1111,
695 514 732 579 Ο.
754 514 787 592 5,
811 524 841 591 9.
865 514 897 579 5.
912 550 958 563 -
973 512 1009 581 O.
1034 512 1066 587 ti,
1089 523 1118 590 s.
1144 515 1173 583 1.
1379 514 1444 580 355

309 674 448 743 Athenis
473 675 606 763 quidam
629 674 761 741 ultimae
785 675 973 748 senectutis,
996 694 1071 738 cum
1094 683 1276 758 spectatrun
1292 674 1388 739 ludos
1410 673 1487 738 in2.

222 783 381 863 theatrum
412 783 561 846 uenisset
580 802 718 869 eumque
742 803 839 845 nemo
863 802 882 845 c
906 780 1032 844 ciuibus
1056 800 1187 844 sessum
1209 783 1379 866 reciperet,
1403 782 1446 845 ad

222 888 559 955 Lacedaemoniorum
593 887 723 975 legatos
758 888 840 951 forte
874 887 1034 972 peruenit.
1081 884 1146 967 Qui
1173 886 1317 951 hominis
1341 896 1446 951 aetate

222 997 301 1062 ru'oti
324 1016 427 1060 canos
452 996 522 1059 cius
547 1006 578 1057 et
593 1016 699 1059 annos
716 994 919 1082 adsurgendi
935 994 1046 1057 officio
1061 995 1209 1057 uenerati
1225 1004 1302 1057 sunt
1317 992 1445 1057 sedem·

192 1116 286 1189 tque
310 1103 340 1165 ci
361 1103 445 1165 inter
466 1102 560 1187 ipsos
583 1099 840 1165 honoratissimo
863 1101 938 1165 ioco
962 1098 1131 1163 dederunt.
1176 1099 1276 1179 Quod
1299 1098 1355 1161 ubi
1376 1098 1447 1159 ticri

222 1207 363 1294 populus
387 1208 523 1292 aspexit,
547 1206 689 1271 maximo
712 1208 831 1293 plausu
856 1206 983 1273 atienae
1006 1204 1096 1269 urbis
1118 1206 1351 1270 uerecundiam
1368 1225 1445 1267 con·

222 1314 382 1400 probauit.
429 1312 549 1377 Ferunt
584 1324 659 1377 tunc
695 1334 793 1376 unum
826 1334 843 1375 e
877 1310 1153 1376 Lacedaemoniis
1188 1313 1310 1377 dixisse
1344 1290 1445 1395 ‘Ergo

224 1418 442 1483 Athenienses
467 1418 545 1506 quid
569 1420 611 1483 sit
634 1430 757 1485 rectum
782 1420 899 1493 sciunt,
923 1418 984 1482 sed
1004 1417 1038 1478 ici
1062 1418 1172 1481 facere
1195 1416 1394 1504 neglegunt!

729 1722 941 1733 ——n——n-

576 2073 636 2138 ou
660 2072 816 2139 Aucus
841 2032 1093 2137 ccturvennr.

186 2288 214 2332 ro
312 2268 343 2333 A
358 2268 486 2355 placido
503 2280 535 2332 et
549 2268 615 2334 leui
632 2268 762 2333 adfectu
777 2267 820 2332 ad
833 2288 936 2355 acque
948 2266 1132 2341 honestum,
1148 2286 1262 2329 uerum
1279 2264 1444 2349 aliquanto
1455 2260 1513 2329 vl.

224 2374 443 2441 ardentiorem
467 2388 498 2438 et
521 2376 763 2439 concitatiorem
787 2393 936 2461 pergam,
966 2372 1166 2459 legitimique
1195 2370 1318 2434 amoris
1350 2369 1460 2454 quasi·

224 2480 387 2569 quasdam
409 2482 575 2567 imagines
598 2501 665 2545 uon
688 2482 760 2544 sine
783 2481 927 2543 maxima
949 2477 1161 2543 ueneratione
1176 2473 1446 2561 contemplandas

222 2586 353 2651 lectoris
378 2586 482 2651 oculis
506 2586 678 2662 subiciam,
702 2586 849 2653 ualenter
879 2588 963 2651 inter
991 2586 1150 2671 coniuges
1181 2582 1342 2647 stabilitae
1372 2580 1449 2644 fidei

224 2715 326 2779 opera
353 2715 560 2779 percurrens,
595 2692 699 2758 ardua
721 2694 859 2768 imitatu,
888 2703 1030 2756 ceterum
1055 2690 1215 2777 cognosci
1236 2687 1338 2763 utilia,
1372 2687 1449 2774 quia

188 2817 214 2862 ¹5
224 2797 498 2884 excellentissima
527 2795 800 2864 animaduertenti
834 2821 876 2863 ne
906 2798 1086 2864 mediocria
1123 2796 1254 2884 quidem
1280 2804 1448 2881 praestare

221 2905 332 2971 rubori
356 2917 482 2994 oportet
504 2927 590 2971 esse.

313 3011 359 3080 Ti.
385 3010 555 3078 Gracchus
581 3011 746 3098 anguibus
771 3011 861 3076 domi
884 3031 965 3076 suae
994 3031 1086 3075 mare
1115 3029 1153 3073 ac
1179 3009 1302 3074 femina
1331 3007 1489 3094 adpre-l.

223 3117 349 3192 heusis
372 3120 488 3183 certior
511 3119 618 3183 factus
643 3118 685 3182 ab
711 3119 864 3204 aruspice
887 3141 978 3182 mare
1003 3117 1141 3181 dimisso
1171 3118 1265 3180 uxori
1291 3117 1373 3190 eius,
1401 3115 1448 3178 sc·

222 3224 314 3288 mina
335 3223 399 3308 ipsi
422 3222 561 3288 celerem
583 3224 707 3288 obitum
723 3225 857 3298 instare,
882 3224 1059 3288 salutarem
1076 3223 1210 3308 coniugi
1225 3222 1334 3306 potius
1350 3241 1450 3306 quam

185 3329 288 3401 cosibi
310 3339 437 3415 partem
461 3331 590 3416 augurii
603 3341 745 3403 secutus
769 3352 895 3396 marcm
919 3330 1042 3403 necari,
1064 3328 1222 3392 seminam
1245 3325 1359 3390 dimitti
1380 3326 1450 3388 ius-

223 3438 274 3512 sit,
313 3436 529 3522 sustinuitque
558 3437 592 3500 in
620 3447 798 3521 conspectu
830 3458 891 3500 suo
920 3455 958 3499 se
986 3435 1095 3520 ipsum
1125 3434 1255 3496 interitu
1286 3431 1448 3519 serpentis
1475 3463 1481 3474 ·

222 3665 249 3722 1.
269 3668 315 3734 ad]
335 3683 412 3738 apr.
431 3663 462 3721 A.
477 3667 490 3732 ΙΙ
509 3661 534 3720 3.
554 3667 676 3718 homines
697 3663 789 3720 GEF.
805 3666 818 3734 ΙΙ
837 3667 954 3716 aetatem
972 3662 1003 3716 Γ.
1023 3661 1036 3734 ΙΙ
1056 3662 1081 3716 4.
1099 3662 1174 3730 moti]
1197 3663 1302 3712 modica
1319 3637 1446 3714 111110·

223 3741 300 3790 ueriti
318 3737 350 3792 Γ.
362 3740 376 3808 Η
387 3738 486 3804 officio]
507 3739 604 3790 effecto
622 3735 650 3788 0.
665 3735 677 3805 ΙΙ
691 3733 717 3786 5.
735 3739 814 3804 inter]
834 3734 897 3789 aaa.
917 3751 947 3786 se
966 3733 1032 3789 Dr.
1044 3736 1059 3804 ΙΙ
1076 3735 1131 3800 ubi]
1151 3739 1216 3802 post
1232 3735 1289 3784 fleri
1307 3731 1344 3785 D.
1367 3735 1397 3782 ut
1414 3731 1447 3785 F.

236 3809 288 3880 111.
308 3811 389 3862 fertur
407 3809 444 3862 D.
464 3812 602 3876 teruntque
621 3807 655 3862 Ε.
668 3809 681 3876 ΙΙ
693 3809 784 3876 cunum]
806 3811 892 3860 uirum
911 3806 967 3875 ΕΗ
991 3803 1031 3858 10.
1050 3809 1070 3858 Α
1090 3821 1140 3858 cm.
1159 3803 1188 3857 F.
1200 3803 1214 3872 ΙΙ
1231 3806 1283 3855 tout
1301 3800 1364 3856 EF.
1376 3803 1391 3872 ΙΙ
1404 3801 1445 3858 11.

223 3883 395 3933 attenciorem
414 3880 449 3934 Ε.
464 3885 476 3950 ΙΙ
499 3877 539 3933 13.
564 3882 648 3930 ocutis
673 3880 779 3931 lectoris
798 3875 864 4002 Epi)
880 3879 1010 3943 tratentcrl
1035 3879 1156 3928 rralcncia
1173 3877 1280 3939 quidem
1298 3873 1332 3929 Ε.
1352 3874 1364 3946 ss
1383 3893 1445 3927 con·

223 3955 287 4022 iugii
300 3951 331 4004 Γ.
343 3953 531 4020 “stabilitatae
543 3949 658 4003 AOEF
659 3951 691 4004 Γ.
704 3953 823 4002 stabilita
866 3949 898 4016 ,ΙΙ
911 3952 963 3999 tnta
975 3948 1010 4001 Ε.
1031 3949 1037 4017 Ι
1054 3945 1094 4001 lt.
1106 3949 1207 3998 inritatu
1221 3973 1233 4000 s
1247 3946 1278 4000 A.
1290 3946 1303 4015 ΙΙ
1315 3948 1443 4015 ceterum]

222 4021 250 4074 in
268 4037 365 4074 rasura
382 4021 415 4075 Α.
427 4025 440 4090 ΙΙ
452 4024 525 4090 quia]
546 4025 590 4090 qui
603 4036 649 4090 pr.
668 4022 699 4075 Α.
715 4021 728 4090 ΙΙ
743 4019 784 4075 15.
804 4024 940 4073 mediocre
952 4019 983 4072 F.
994 4021 1009 4088 ΙΙ
1037 4019 1063 4072 c.
1076 4020 1151 4084 csse}
1171 4033 1220 4070 om.
1234 4015 1271 4070 D.
1290 4025 1351 4070 autc
1368 4035 1445 4083 opor·

222 4098 261 4147 tct
278 4093 309 4146 F.
321 4094 335 4163 ΙΙ
349 4092 390 4144 11.
409 4095 437 4146 c.
458 4096 592 4162 gracchus
608 4108 651 4160 pr.
672 4093 700 4148 C.
712 4093 726 4162 11
738 4095 827 4145 domui
844 4092 909 4145 Par.
924 4091 936 4163 ΙΙ
950 4095 1017 4144 mart
1036 4092 1098 4144 Par.
1110 4091 1125 4160 Η
1136 4091 1180 4157 uc]
1199 4104 1249 4141 om.
1263 4088 1293 4140 A.
1313 4093 1340 4142 et
1358 4088 1389 4141 Γ.
1412 4086 1448 4139 Vt

221 4181 269 4216 troc
286 4164 349 4217 Pur.
366 4164 379 4232 Η
396 4165 586 4232 adprehensis]
611 4179 660 4215 om.
679 4163 708 4216 F.
734 4167 910 4230 deprehensis
928 4163 990 4217 Par.
1002 4165 1016 4231 Η
1030 4160 1070 4215 18.
1093 4177 1167 4212 marc
1185 4189 1220 4198 -
1238 4160 1349 4226 femina]
1369 4159 1446 4210 artha

223 4238 342 4288 demisso
364 4237 387 4285 st
407 4237 507 4287 semina
528 4239 761 4298 necaretunuxori
786 4239 844 4287 eius
870 4238 893 4286 si
917 4250 977 4286 mas
1001 4233 1027 4287 Γ
1026 4274 1033 4288 .
1049 4233 1064 4300 ΙΙ
1084 4230 1123 4284 iit.
1143 4259 1156 4285 t
1175 4233 1227 4298 ipsi
1245 4228 1277 4285 A.
1296 4235 1323 4282 ct
1340 4232 1392 4292 ipsi
1409 4227 1445 4279 Ε.

232 4307 246 4377 ΙΙ
258 4305 426 4430 εαῧιίοηᾶἀΕ.
439 4303 508 4376 1110.
527 4325 559 4359 au
584 4310 632 4359 curli
651 4311 755 4372 purtem
774 4304 805 4361 1³.
820 4307 831 4378 ΙΙ
846 4304 890 4359 21.
914 4323 946 4358 se
970 4309 997 4356 tn
1020 4308 1164 4369 conspectu
1188 4319 1238 4353 suo
1262 4299 1294 4353 F.
1312 4301 1325 4368 ΙΙ
1345 4297 1444 4363 ipsum]

221 4393 270 4432 011.
313 4393 356 4432 .ss
395 4413 403 4428 ο
419 4381 446 4429 111
465 4393 537 4431 ΜΠ»
584 4416 592 4432 ο

727 4502 940 4516 ψ

292 4590 319 4647 2.
338 4595 376 4648 ct.
397 4595 452 4648 cic.
470 4597 529 4648 cst.
549 4595 610 4647 mei.
630 4591 673 4652 18,
692 4589 736 4646 tis.

294 4667 337 4727 vi,
358 4665 383 4718 1.
407 4668 446 4721 ct.
465 4669 518 4720 cic.
537 4668 570 4717 dc
589 4667 641 4716 diu.
659 4667 680 4724 1,
701 4661 742 4725 18,
761 4659 804 4718 att.
828 4665 862 4728 11,
880 4660 925 4727 29,
944 4657 987 4716 62.
1012 4662 1080 4714 rna
1098 4657 1138 4711 Ti.
1158 4652 1311 4709 Gracchi.
1332 4654 1398 4710 Ptin.
1417 4653 1444 4707 h.

220 4755 248 4798 u,
266 4737 324 4804 vit,
343 4733 387 4794 tt.
410 4740 487 4795 auct
507 4740 542 4793 de
559 4739 607 4795 uir.
625 4737 662 4792 itt.
681 4731 724 4791 51.
1159 4819 1229 4886 23.
