3409 5400
274 477 339 544 646
451 463 583 548 QVAM
605 459 748 526 MAGNI
771 453 997 538 EFFECTVS
1021 451 1193 520 nativit
1216 452 1332 520 SINT.

234 637 265 701 4.
365 630 467 694 Cuius
489 627 664 710 coniugem
686 617 868 684 Praxiteles
891 618 925 680 in
948 635 1110 680 marmore
1135 616 1232 700 quasi
1255 616 1477 700 spirantem
1509 614 1542 674 in

278 736 397 822 templo
427 733 615 798 Cnidiorum
647 727 833 798 collocant,
869 735 1000 809 proptor
1034 721 1306 807 pulchritudinem
1345 719 1487 803 operis
1520 741 1539 780 a

275 843 449 910 libidinoso
479 837 651 903 cuiusdam
679 831 839 917 conplexu
869 852 983 914 parum
1015 839 1124 892 tutam.
1178 827 1250 907 Quo
1283 825 1537 890 excusabilior

279 969 368 1013 error
391 947 477 1032 equi,
501 944 557 1030 qui
579 943 653 1006 uisa
673 941 808 1024 ‚pictura
832 957 937 1022 equae
962 934 1119 998 hinnitum
1149 931 1245 996 edere
1276 945 1440 996 coactus
1474 949 1532 992 est.

279 1066 311 1118 et
333 1073 451 1117 canum
465 1049 601 1113 latratus
624 1056 759 1130 aspectu
783 1044 859 1128 picti
875 1043 967 1105 canis
985 1043 1136 1104 incitatus
1158 1050 1339 1123 taurusque
1359 1037 1415 1103 ad
1436 1056 1550 1098 amo-r

278 1183 350 1225 rem
372 1169 403 1221 et
425 1153 630 1220 concubitum
647 1171 770 1214 aeneae
793 1169 916 1212 uaccae
937 1147 1112 1232 Syracusis
1134 1146 1254 1208 nimiae
1279 1141 1528 1208 similitudinis

278 1267 485 1332 inritamento
509 1257 697 1342 conpulsus.
746 1256 835 1334 Quid
859 1255 945 1316 enim
963 1272 1068 1316 uacua
1091 1252 1227 1316 rationis
1251 1248 1431 1312 animalia
1458 1262 1528 1311 arte

281 1371 417 1454 decepta
439 1366 608 1436 miremur,
636 1384 708 1426 cum
732 1359 875 1424 hominis
900 1359 1097 1445 sacrilegam
1121 1357 1332 1441 cupiditatem
1359 1355 1456 1418 muti
1481 1353 1527 1416 la·

281 1475 367 1561 pidia
390 1472 587 1538 liniamentis
613 1469 782 1531 excitatam
806 1463 1000 1528 uideamus?

285 1844 310 1897 i.
328 1839 467 1907 praxitelis
485 1836 513 1891 Ο.
538 1838 689 1902 prassitolis
713 1835 747 1889 E.
771 1839 928 1902 praxiteliae
953 1833 984 1888 F.
1012 1836 1168 1901 praxitlieus
1187 1831 1290 1902 11112.
1310 1835 1472 1886 cindiorum
1495 1833 1522 1887 C.

285 1913 420 1966 soldorum
440 1907 477 1960 D.
496 1910 645 1960 cradiorum
663 1907 699 1960 Ε.
717 1909 837 1959 indorum
857 1907 885 1960 F.
905 1910 1056 1958 Gnidiorum
1077 1905 1179 1972 Tere-l}
1196 1906 1351 1972 collocauitl
1372 1903 1446 1960 adet
1467 1909 1520 1958 BR

284 1982 405 2052 graciam
423 1980 568 2042 praxiteles
587 1993 666 2043 quam
685 1980 747 2027 tecit
771 1995 803 2028 ac
828 1997 854 2043 p.
873 1980 1017 2043 intemplo
1043 1979 1185 2027 cnidiorum
1208 1979 1315 2038 quidam
1336 1979 1454 2028 iuuenis
1475 1981 1519 2027 ad·

284 2051 386 2102 amauit
403 2063 493 2115 usurpo
511 2046 543 2109 Α.
554 2046 568 2114 Η
580 2042 605 2096 3.
624 2049 756 2097 libidinosi
774 2047 811 2100 D.
826 2051 838 2116 ll
858 2051 982 2114 amplexu
1002 2046 1037 2100 E.
1049 2047 1062 2114 ll
1073 2047 1358 2116 tutamlprot'anatam
1378 2045 1415 2100 F.
1439 2048 1454 2114 ΙΙ
1474 2065 1519 2099 cx·

285 2120 439 2186 amabilior]
460 2116 522 2172 odd.
542 2121 617 2170 esset
634 2117 663 2168 ia
680 2132 777 2168 rorare
794 2118 825 2171 A.
845 2118 907 2171 odd.
927 2121 968 2170 est
989 2117 1120 2170 CFl'orr.
1135 2114 1186 2184 114.
1206 2117 1290 2184 orror]
1310 2116 1518 2170 insusurra

286 2187 348 2244 add.
368 2195 410 2241 eat
427 2188 462 2242 E.
479 2191 493 2254 11
510 2191 570 2252 equi
589 2215 623 2225 -
643 2183 691 2250 (5.)
716 2189 778 2252 picti
801 2192 876 2238 canis
900 2189 927 2240 ia
945 2203 1041 2240 rasura
1059 2187 1091 2240 A.
1110 2187 1124 2255 ll
1138 2193 1215 2238 iussa
1232 2184 1260 2239 F.
1277 2187 1290 2252 Η
1307 2189 1460 2256 hinnitum]
1482 2192 1517 2239 in·

285 2264 392 2336 gratnm
410 2259 441 2312 F.
453 2258 466 2327 ΙΙ
478 2258 503 2315 5.
522 2263 610 2325 pletas
630 2256 707 2311 Torr.
723 2254 735 2324 ΙΙ
751 2257 926 2323 trininatis]
941 2261 1001 2310 ania
1010 2275 1054 2327 pr.
1067 2257 1099 2311 A.
1118 2260 1264 2311 animantia
1276 2257 1336 2312 OE.
1351 2260 1364 2328 ΙΙ
1379 2256 1409 2309 8.
1424 2263 1516 2312 miritis

282 2347 328 2401 pr.
344 2329 376 2386 A.
394 2333 474 2384 mutls
492 2328 522 2384 F.
534 2327 585 2397 119.
604 2332 698 2382 uidem
718 2325 770 2380 ΟΕ
788 2334 814 2380 ct
826 2342 872 2394 pr.
890 2325 921 2378 A.

789 2531 1000 2544 m

288 2692 318 2741 ct
335 2701 387 2739 noa
404 2714 436 2725 -
457 2683 504 2745 ita,
524 2697 592 2751 quas
611 2684 637 2734 in
660 2686 711 2735 hoc
729 2700 799 2735 nexu
822 2683 1000 2749 frequentauit
1020 2683 1155 2741 Valerius.
1179 2686 1205 2733 in
1223 2687 1307 2738 altero
1325 2689 1461 2747 membro.
1486 2695 1510 2739 et

289 2762 362 2811 recte
386 2759 501 2823 quidem.
525 2756 699 2806 aduersatiua
724 2756 855 2819 particula
873 2760 965 2805 tumen.
1002 2755 1061 2807 l'id.
1081 2769 1149 2820 quae
1173 2760 1298 2822 congessi
1323 2761 1455 2822 exempla
1476 2762 1508 2809 ad

289 2832 323 2887 11.
341 2823 366 2887 u,
385 2824 410 2880 3.
457 2830 578 2877 Ceterum
599 2827 690 2876 ultima
713 2827 791 2876 hrrius
816 2826 931 2889 exempli
955 2840 1019 2889 pars
1045 2827 1186 2875 admodum
1211 2829 1388 2894 neglegenter
1409 2833 1508 2894 scripta

291 2902 346 2954 est.
371 2913 431 2946 cum
449 2902 541 2945 auctor
564 2899 599 2945 ab
618 2899 677 2960 ipso
697 2898 746 2946 ileo
766 2897 967 2945 claudicationis
989 2897 1129 2963 uestigium
1155 2902 1374 2961 repraesentante
1393 2903 1428 2949 ad
1448 2903 1506 2950 arti·

290 2971 367 3019 licem
387 2969 486 3015 certam
511 2966 583 3015 illam
607 2970 648 3017 dci
673 2972 762 3016 notam
785 2968 980 3034 significantem
1004 2968 1097 3017 erudera
1123 2968 1251 3031 participii
1270 2968 1356 3018 torma
1373 2972 1507 3021 uansierir

289 3041 499 3103 (repraesentans
517 3064 551 3073 —
569 3035 739 3104 significans).
760 3053 830 3097 qrrae
849 3037 989 3101 participia
1007 3052 1055 3101 per
1074 3052 1105 3087 se
1119 3040 1171 3087 iam
1184 3040 1255 3089 male
1273 3042 1328 3087 tam
1348 3056 1433 3105 prope
1450 3045 1505 3093 sine

291 3108 387 3171 copula
410 3111 609 3170 componuntur.
633 3110 677 3158 uni
696 3110 783 3158 standi
803 3112 885 3158 uerbo
905 3110 1084 3165 annectenda,
1112 3110 1136 3157 si
1154 3110 1359 3175 grammaticam
1376 3111 1505 3163 adhibeas

289 3178 428 3228 rationem.
470 3178 537 3227 Nam
562 3180 584 3227 si
608 3182 767 3229 sententiam
791 3181 915 3243 spectas,
939 3176 1089 3245 aedificarer
1111 3193 1145 3228 ue
1169 3180 1296 3229 cohaeret
1319 3182 1425 3245 quidem
1448 3199 1503 3233 cun

290 3250 374 3299 uerbo
391 3252 452 3299 etat.
490 3249 596 3298 Videtur
615 3253 696 3316 igitur
709 3251 832 3299 Valerius
846 3251 913 3300 inter
926 3250 1094 3299 scribendum
1113 3250 1211 3299 oblitus
1230 3250 1294 3300 iuitii
1305 3251 1342 3299 ita
1356 3254 1503 3315 perrexisse

290 3320 366 3370 acal
389 3321 469 3369 autea
492 3320 628 3382 posuisset
642 3318 725 3385 flacit
746 3325 863 3371 stantem.
906 3321 991 3382 Atque
1016 3321 1095 3369 etium
1120 3322 1258 3385 repetitum
1283 3322 1345 3371 illud
1370 3326 1502 3389 tmnpaara.

290 3390 385 3454 paucis
407 3390 543 3438 dumtaxat
566 3391 730 3454 interpositis
755 3392 906 3446 uocabulis.
932 3393 1051 3453 pessimo
1075 3406 1106 3441 se
1129 3392 1223 3449 habet,
1248 3407 1334 3455 neque
1353 3396 1444 3445 tamen
1461 3398 1502 3445 du·

289 3461 368 3511 bitari
386 3464 475 3523 potest
492 3461 556 3522 quin
574 3462 625 3511 hoc
643 3476 749 3523 quoquc
767 3462 818 3524 ipsi
838 3464 938 3510 auctori
957 3463 1093 3512 debeatur.

361 3526 387 3581 4.
407 3531 445 3581 Cf.
464 3531 530 3580 Plio.
549 3532 574 3580 h.
594 3548 619 3583 n.
638 3533 767 3590 xxxvl,
792 3528 822 3589 5).
848 3530 872 3583 ·l.
902 3532 1010 3583 Lucian.
1031 3548 1113 3585 amor.
1138 3528 1175 3591 ti,
1198 3528 1239 3589 lli.
1260 3536 1292 3585 id.
1313 3536 1394 3603 imag.
1414 3533 1439 3586 l.
1467 3537 1503 3585 lu·

290 3603 371 3664 terpr.
390 3601 424 3650 ad
442 3600 500 3651 Aet.
519 3618 544 3653 u.
564 3598 716 3661 n.1x.39.

358 3668 428 3736 picti
446 3672 528 3727 canis)
546 3672 689 3723 'l'orrenius
709 3690 742 3724 ex
761 3690 813 3723 uno
832 3676 924 3724 codice
938 3674 1063 3724 Leidensi
1076 3676 1193 3723 secundo
1207 3678 1307 3739 reecpit
1320 3675 1420 3743 pictae,
1440 3680 1504 3743 quod

292 3743 385 3789 auctor
402 3742 444 3789 bic
464 3744 568 3808 egisset
585 3747 618 3793 de
637 3746 804 3799 animalibus.
825 3759 894 3809 quae
913 3749 1023 3809 aspectu
1038 3746 1166 3809 pictorum
1177 3748 1218 3795 sui
1229 3750 1339 3814 generis
1353 3750 1505 3799 feminarum

291 3811 461 3859 inuenerem
481 3817 572 3863 essent
592 3816 700 3867 incitati.
739 3818 837 3865 l'ercor
857 3829 890 3865 ne
908 3830 961 3865 nou
980 3818 1059 3867 recto.
1097 3816 1164 3866 Nom
1179 3820 1206 3865 ut
1219 3824 1322 3869 taceam
1342 3821 1413 3880 quod
1426 3836 1504 3870 canes

292 3880 431 3941 aspectam
450 3881 584 3941 feminam,
604 3886 627 3935 si
647 3887 922 3953 uenereinstigantur.
943 3902 993 3935 non
1014 3888 1101 3937 solent
1113 3889 1247 3947 allatrare,
1267 3892 1504 3953 apparetdtaearei

293 3948 418 3997 Perinthii
438 3950 523 4010 sacto.
543 3956 566 4002 is
586 3957 654 4005 eninr
674 3961 731 4006 erat
750 3959 793 4018 qui
814 3958 926 4007 l'eneris
950 3958 1066 4007 statuam
1092 3960 1241 4019 adamant,
1266 3964 1338 4011 recte
1361 3963 1503 4025 simplicem

293 4031 388 4065 canum
407 4033 522 4072 errorem
543 4028 674 4084 caelibari,
694 4030 762 4091 quod
782 4028 879 4089 pictum
899 4042 991 4077 canem
1013 4029 1099 4079 uirium
1120 4032 1284 4091 putauerunt,
1305 4046 1357 4081 riou
1376 4035 1444 4095 quod
1461 4049 1503 4081 cu·

291 4088 401 4149 piditate
420 4092 478 4141 eius
496 4094 611 4144 instincti
630 4100 713 4148 crant.
750 4101 917 4161 Quapropter
930 4100 1064 4149 codicibus
1075 4102 1111 4149 ita
1124 4102 1274 4154 iubentibus
1288 4110 1313 4151 et
1327 4105 1502 4154 consentiente

293 4159 372 4207 etiam
392 4158 456 4211 lulio
476 4164 571 4214 Paride
591 4167 666 4215 uirile
684 4182 771 4231 genus
789 4170 922 4219 reuocaui.

363 4228 500 4282 cecitatem
518 4232 662 4295 uideamus)
690 4237 717 4285 ln
744 4254 790 4292 eo.
814 4240 883 4298 quod
910 4242 993 4289 codex
1020 4242 1183 4307 archetypus
1208 4244 1379 4303 exhibuerat,
1406 4242 1501 4297 uidear.

291 4300 464 4351 intolerabilis
488 4308 530 4351 est
554 4318 686 4366 personae
711 4310 834 4364 mutatio.
861 4324 919 4359 cum
946 4312 1078 4373 pessimo,
1106 4314 1281 4365 etiamsinon
1301 4318 1367 4367 certi
1387 4318 1501 4367 homines

292 4371 463 4428 denotantur.
488 4373 534 4422 alii
557 4375 593 4423 ita
617 4377 707 4427 mirari
731 4379 850 4429 dicantur
874 4383 943 4442 quod
968 4383 1038 4431 alius
1067 4384 1168 4435 uiderit.
1213 4386 1306 4448 ltaqric
1330 4389 1402 4437 reete
1421 4390 1501 4451 plura·

290 4442 373 4489 tiuum
391 4456 528 4492 numerum
547 4447 693 4496 restitutum
715 4462 777 4499 esse
795 4451 876 4499 credo
896 4468 913 4500 a
932 4453 1122 4506 recentioribus
1135 4456 1258 4515 librariis,
1277 4458 1385 4509 insertis
1404 4460 1500 4509 duabus

290 4511 398 4568 titteris,
422 4526 490 4573 quas
509 4514 534 4563 in
553 4516 598 4567 illo
618 4520 722 4575 codice,
748 4535 833 4585 equo
852 4524 935 4572 nostri
955 4538 1048 4574 ornnes
1067 4526 1209 4585 fluxerunt,
1235 4528 1369 4579 interiisse
1388 4545 1440 4579 non
1457 4530 1500 4579 lm·

290 4582 428 4638 probabile
447 4587 496 4636 cst.
538 4586 644 4639 Mecum
668 4592 721 4640 iam
746 4592 865 4641 fecerant
883 4594 986 4657 priores
1006 4596 1130 4657 editores,
1157 4599 1189 4649 de
1210 4600 1340 4650 uarietate
1359 4600 1500 4665 scripturae

291 4648 355 4697 nibil
372 4653 539 4709 machutes.
