3409 5400
310 543 375 611 oro
500 511 506 520 ‘
623 531 682 600 uu
704 517 869 599 savaro
891 525 948 594 ur
970 514 1220 593 movsrmt.

268 707 299 773 4.
400 700 444 766 At
470 697 693 770 Democritus,
731 715 805 757 cum
834 689 957 755 diuitiis
986 677 1115 752 censeri
1143 691 1272 771 posset,
1310 697 1396 767 quas
1423 681 1535 742 tantas

310 814 454 883 dierunt,
489 813 525 869 ut
552 815 648 890 pater
678 787 749 866 eius
777 798 898 864 Xerxis
931 795 1083 861 exercitui
1111 790 1241 882 epulum
1269 786 1350 852 dare
1379 805 1419 850 ex
1446 781 1536 848 facili

309 915 460 1006 potuerit,
485 931 552 999 quo
576 911 684 998 magis
707 927 814 972 uacuo
842 905 953 969 animo
983 902 1100 968 studiis
1128 899 1307 964 litterarum
1334 901 1426 959 esset
1455 909 1534 977 ope·

310 1037 450 1098 ratariae,
474 1039 579 1107 parua
601 1015 779 1081 admodum
802 1028 932 1108 summa
953 1019 1077 1074 retenta
1100 1005 1330 1095 patrimonium
1354 1021 1450 1068 suum
1472 1017 1534 1085 pa·

273 1151 277 1157 ’
310 1133 391 1194 triac
415 1127 558 1190 donauit.
605 1121 743 1187 Athenis
760 1129 867 1184 autem
891 1115 1113 1203 compluribus
1130 1114 1227 1180 annia
1242 1119 1400 1178 moratus.
1423 1107 1554 1174 omniat

310 1249 493 1321 temporum
515 1241 681 1296 momenta
696 1227 747 1293 'ad
775 1221 1020 1313 percipiendam
1049 1231 1082 1287 st
1108 1217 1325 1285 exer-cendam
1354 1216 1532 1280 doctrinam

313 1333 503 1413 conserano,
531 1341 664 1426 ignotus
693 1333 740 1398 illi
768 1331 840 1396 urbi
864 1331 959 1405 uixit,
989 1327 1077 1416 quod
1104 1330 1177 1414 ipse
1200 1325 1344 1414 quodam
1368 1321 1533 1387 uolumine

265 1494 270 1507 .
312 1431 457 1536 testatur.
493 1445 634 1529 ‘Stupet
666 1461 761 1506 mens
796 1437 1011 1502 admiratione
1046 1443 1154 1501 tantae
1193 1431 1373 1497 industriae
1405 1439 1436 1494 et
1465 1429 1533 1494 iam

312 1553 430 1619 transit
451 1549 526 1616 alio.
1369 1619 1371 1624 ,

272 1667 314 1735 5,⁴
403 1654 604 1728 Gameadoa
626 1653 811 1718 laboriosus
834 1663 867 1714 et
889 1651 1060 1715 diuturnus
1085 1647 1267 1734 sapientiae
1292 1643 1406 1718 miles,
1430 1643 1575 1728 siqui-u

314 1772 389 1835 dem
412 1762 595 1849 nonaginta
618 1757 753 1843 expletis
777 1760 872 1822 annis
896 1757 983 1822 idem
1006 1755 1053 1821 illi
1067 1754 1201 1821 uiuendi
1217 1775 1255 1819 ac
1278 1745 1537 1840 philosophandi
1620 1771 1621 1802 τ

314 1878 388 1939 iinis
411 1872 480 1943 fuit,
502 1869 548 1932 ita
571 1884 608 1930 se
635 1863 806 1928 mirificum
828 1861 995 1928 doctrinae
1017 1861 1170 1949 operibus
1191 1861 1368 1934 addixerat,
1390 1867 1434 1931 ut,
1458 1875 1536 1919 cum

316 1981 380 2044 cibi
403 1973 555 2062 capiendi
578 1993 681 2036 causa
695 1967 910 2062 recubuisset,
934 1967 1185 2054 cogitationibus
1200 1967 1376 2032 inhaerens
1399 1983 1535 2028 manum

316 2087 358 2150 ad
389 2103 540 2148 mensam
571 2079 739 2165 porrigere
768 2072 1024 2139 obliuisceretur.
1080 2074 1149 2140 Sed
1183 2075 1213 2137 ei
1248 2071 1399 2148 Melissa,
1435 2091 1536 2159 quam

315 2193 427 2258 uxoris
455 2190 528 2254 loco
556 2184 716 2257 habebat,
750 2189 930 2266 temperato
964 2180 1048 2243 inter
1076 2180 1184 2244 studia
1214 2197 1280 2244 non
1307 2176 1535 2266 interpellandi
1546 2197 1574 2242 ts
1620 2177 1621 2182 ’

316 2299 376 2366 sed
399 2297 529 2362 inediae
553 2287 765 2387 succurrendi
788 2285 916 2360 officio,
941 2284 1106 2350 dexteram
1130 2308 1224 2352 suam
1248 2286 1444 2352 necessariis
1466 2285 1535 2348 usi.

820 2399 1035 2422 ...ἀι-

315 2477 343 2534 2.
363 2477 490 2531 exercitui
508 2472 598 2524 xersis
615 2465 645 2520 F.
662 2467 746 2518 Xerxi
765 2467 792 2516 ct
810 2465 936 2518 exercitui
947 2463 1010 2518 Par.
1021 2461 1036 2530 ΙΙ
1048 2463 1157 2528 opilium
1174 2459 1204 2516 0.
1221 2464 1347 2530 pabutum
1359 2459 1391 2516 tt
1403 2458 1417 2529 ΙΙ
1427 2457 1454 2516 t.
1472 2475 1536 2528 ope·

317 2554 393 2602 ratus
411 2535 694 2602 1091111111
709 2533 734 2588 l.
753 2537 857 2588 retenta
875 2549 980 2585 summa
1000 2529 1150 2656 ΟΕΚΙΙῦ.
1169 2528 1202 2584 cti
1219 2531 1339 2600 pluribus
1385 2529 1436 2586 .AE
1456 2549 1535 2601 quam

317 2623 437 2686 pluribus
454 2612 512 2673 (aed
529 2626 610 2675 quam
629 2608 657 2658 s'a
674 2613 780 2663 rasura)
796 2604 830 2658 E.
855 2605 1073 2672 quamplurimis
1117 2600 1308 2670 .llll.etatts.
1366 2609 1449 2672 etpr.
1467 2602 1526 2670 11.ΙΙ

318 2690 495 2744 exercendam
514 2699 563 2735 om.
582 2679 613 2734 F.
630 2678 644 2748 ΙΙ
661 2677 687 2730 l.
704 2676 776 2745 lpse]
797 2674 859 2730 add.
877 2679 904 2729 ln
925 2673 1002 2729 Tutr.
1019 2672 1033 2743 ΙΙ
1050 2671 1075 2727 8,
1094 2674 1190 2741 Stupet
1205 2704 1241 2717 -
1258 2672 1308 2741 (ll)
1327 2675 1381 2728 alio
1400 2690 1449 2730 οη,
1467 2673 1501 2728 Γ,
1513 2673 1527 2745 ΙΙ

317 2762 519 2815 admirationem
542 2749 600 2806 EF
618 2756 643 2804 et
663 2764 708 2817 pr.
726 2746 758 2803 Δ,
774 2748 789 2816 ΙΙ
808 2747 849 2802 to.
873 2750 1013 2801 carneidcs
1031 2745 1063 2802 F.
1080 2743 1093 2813 ΙΙ
1111 2744 1153 2800 ll.
1171 2748 1285 2812 expletis
1303 2748 1452 2817 nonaginta
1467 2745 1501 2801 Γ,
1513 2746 1527 2814 ΙΙ

320 2830 362 2887 12.
380 2830 488 2883 mirilico
505 2824 543 2877 D.
554 2824 568 2890 ΙΙ
579 2823 729 2873 adduxerat
743 2834 785 2887 pr.
804 2816 835 2871 A.
856 2820 991 2871 adiecerat
1007 2816 1070 2943 Ε.ιΙΙ
1083 2812 1123 2871 ld.
1141 2818 1273 2882 captanda
1289 2813 1328 2869 D.
1345 2816 1359 2883 ΙΙ
1377 2814 1418 2871 lt.
1435 2832 1538 2883 ponere

317 2902 349 2955 F.
364 2900 376 2970 ΙΙ
390 2902 427 2965 ei]
447 2912 507 2949 cum
525 2888 782 2949 sensurus-r.
791 2888 808 2956 ΙΙ
823 2888 863 2943 15.
882 2892 1031 2955 temperata
1071 2885 1105 2956 ,ΙΙ
1120 2885 1234 2955 111111]
1253 2892 1281 2939 et
1297 2884 1384 2942 AOl'.
1395 2886 1409 2957 ΙΙ
1419 2889 1537 2954 inediae]

317 2974 364 3024 xiii
380 2973 450 3021 indie
469 2965 498 3019 F.
512 2960 525 3035 ΙΙ
538 2967 649 3017 dextera
665 2978 718 3015 sus
737 2959 821 3013 CFF.

819 3064 1033 3081 ..ι-1ο...-

390 3126 415 3182 d.
435 3128 561 3181 Aelianus
580 3126 628 3177 1111
647 3141 672 3175 u.
691 3125 718 3173 11.
736 3118 773 3173 20
790 3082 948 3187 patrimonio
966 3134 1019 3171 non
1043 3120 1146 3183 patrias
1165 3120 1357 3179 Democritum,
1381 3120 1430 3187 ted
1449 3120 1537 3173 tribas

316 3204 442 3254 tratribus
462 3202 583 3250 cessisse
600 3197 699 3249 narrat.
736 3194 774 3246 ct.
797 3194 879 3245 etiam
904 3193 956 3244 Clo.
981 3192 1014 3241 da
1039 3192 1083 3243 tln.
1104 3192 1141 3252 V,
1158 3184 1207 3251 29,
1231 3186 1266 3243 87
1291 3194 1318 3243 et
1341 3190 1419 3260 Diog.
1444 3192 1537 3243 baert.

317 3270 694 3399 Ἦ1111141111111111111101.
715 3334 812 3386 Herod.
831 3335 887 3393 vti,
909 3330 968 3385 llll.

368 3412 484 3467 ⁴stadiis
499 3413 647 3464 tatarorum
665 3411 733 3459 essct
748 3410 926 3473 operaturus&
943 3406 1086 3468 Perpetem
1101 3402 1223 3456 vorstius
1237 3404 1363 3457 librorum
1377 3404 1534 3471 scriptoram

316 3492 440 3555 operatus
456 3486 600 3535 defendero
619 3482 730 3533 conatus
748 3481 792 3527 est
810 3476 934 3538 ascriptis
952 3476 1053 3537 aliquot
1070 3478 1164 3527 mutati
1176 3477 1323 3541 imperfecti
1342 3476 1535 3544 etplusquam·

316 3558 426 3623 perfecti
445 3556 584 3618 exemptis,
603 3550 659 3606 Vll.
678 3545 704 3604 ³.
723 3544 741 3598 6
760 3552 787 3598 ct
805 3548 861 3604 vu,
881 3544 906 3605 l,
926 3542 952 3600 5.
988 3550 1064 3609 Quae
1088 3562 1149 3599 cum
1173 3549 1354 3599 condicionem
1374 3548 1534 3607 contineant.

314 3630 342 3678 iu
360 3644 414 3690 qua
432 3626 561 3675 interdum
579 3620 702 3671 contundi
721 3634 755 3669 ca
773 3624 896 3682 tempora
913 3618 1080 3669 uotittsimum
1099 3620 1142 3668 est
1160 3618 1224 3683 (uid.
1238 3622 1377 3671 comment
1396 3622 1480 3671 nostr.
1500 3622 1535 3669 ad

315 3699 372 3754 vlt,
392 3693 416 3755 i,
434 3693 471 3759 1),
490 3695 555 3745 nihil
573 3691 672 3741 iaciunt
690 3690 725 3739 ad
744 3690 814 3738 hanc
832 3703 889 3739 rem
902 3689 1103 3753 expediendam.
1139 3690 1205 3740 Mihi
1224 3690 1338 3757 quddam,
1358 3692 1483 3757 quoniam
1502 3692 1536 3741 de

255 3764 260 3771 ’
314 3769 436 3833 perfecta
453 3766 557 3815 actione
576 3762 704 3811 hocloco
723 3760 1031 3832 cogitarinoupotast‚
1050 3754 1118 3810 adeo
1143 3762 1302 3812 necessaris
1325 3762 1467 3813 aldebatur
1485 3760 1534 3812 Ps-

314 3838 405 3887 rizoutl
430 3832 583 3886 coniectura
603 3834 774 3899 operatam,
793 3830 921 3881 Torrenlo
941 3844 1046 3899 quoque
1063 3834 1191 3895 probata,
1216 3832 1245 3882 ut
1262 3846 1322 3883 eam
1341 3832 1462 3899 recipcre
1481 3847 1534 3883 non

314 3908 472 3958 dubitarem.

384 3974 410 4027 5.
428 3972 482 4026 Sed
498 3974 524 4024 ci
540 3970 661 4029 Metauri
678 3978 753 4036 Quae
772 3974 878 4025 codices
892 3986 986 4025 omnes
1005 3974 1032 4026 et
1046 3972 1175 4026 aditiones
1189 3974 1318 4043 uulgatus
1337 3974 1533 4033 circumierunt.

313 4044 368 4098 Sed
390 4060 447 4097 earu
468 4043 578 4096 Melissa
602 4072 636 4080 -
660 4040 793 4097 aarum
815 4058 889 4095 suam
913 4043 1070 4096 necessariis
1093 4042 1184 4097 asida
1204 4042 1328 4113 aptabat,
1353 4046 1425 4099 omni
1449 4060 1532 4098 sensu

313 4120 418 4174 carant;
438 4130 524 4181 neque
547 4119 637 4166 tamen
656 4116 699 4166 his
718 4126 781 4167 ante
793 4114 957 4167 Perizonium
976 4118 1117 4181 quisquam
1136 4116 1256 4169 offensus
1275 4120 1327 4177 est,
1346 4118 1390 4181 qui
1407 4118 1533 4182 probabi·

311 4191 373 4241 litcr
390 4188 531 4239 admodum
551 4186 662 4237 coniecit
673 4188 816 4255 legendum
837 4199 900 4237 esso
919 4185 953 4241 ci,
973 4188 1144 4241 hoo'sensu.
1169 4186 1285 4238 Melissa
1302 4188 1447 4249 carneadi,
1472 4204 1532 4239 cum

312 4260 371 4325 ipse
382 4274 489 4309 manum
503 4260 668 4307 admoneam
682 4258 733 4307 cibi
746 4258 867 4321 capiendi
882 4272 966 4307 causa
978 4258 1116 4328 porrigere
1129 4258 1339 4319 obliuisceretur.
1358 4272 1436 4310 suam
1446 4260 1533 4325 ipsius

312 4334 449 4383 dexteram
468 4330 612 4393 adoptauit,
634 4329 662 4377 ut
679 4328 724 4379 illo
742 4328 793 4377 lrac
813 4330 925 4379 dextera
942 4332 1078 4395 tamquam
1104 4342 1156 4379 sua
1173 4331 1292 4381 uteretur
1314 4331 1347 4381 ad
1373 4344 1418 4381 res
1437 4345 1532 4381 1111111-

310 4404 399 4453 sarias
417 4400 603 4465 perficiendas.
639 4398 795 4465 Corruptola
813 4399 874 4449 indo
892 4402 953 4450 orta
970 4412 1033 4451 csse
1052 4402 1164 4460 uidetur,
1184 4402 1253 4467 quod
1265 4400 1432 4464 insequentis
1452 4418 1533 4452 uoca-

310 4475 366 4525 bull
387 4470 518 4542 (Melissa)
540 4470 627 4535 prima
652 4470 738 4520 littera
761 4484 820 4519 cum
843 4471 999 4533 pronomina
1023 4472 1094 4523 male
1119 4472 1337 4540 coniungebatur.
1386 4472 1532 4525 Turranius

310 4559 359 4607 pro
379 4558 436 4593 eam
454 4542 622 4593 scribendum
642 4541 745 4591 consult
763 4554 820 4591 cara
838 4543 866 4591 et
883 4543 964 4605 paulo
984 4542 1048 4607 post
1065 4542 1144 4595 sexto
1164 4552 1228 4593 casu
1248 4539 1357 4595 desiere
1374 4557 1432 4603 ssa,
1450 4543 1532 4597 luter·

309 4616 430 4676 pretatua
442 4614 581 4663 Melissam
595 4624 655 4659 cam
673 4610 833 4673 (Carneadis
845 4610 980 4677 manum),
1000 4628 1080 4676 quam
1098 4613 1143 4663 ille
1159 4612 1296 4683 porrigere
1314 4614 1532 4677 obliuiscabatur,

311 4696 362 4730 sua
380 4684 490 4732 dextera
501 4696 612 4731 mensae
625 4682 787 4738 admouisse.
806 4683 894 4732 miuus
907 4696 975 4734 sane
987 4684 1108 4736 similiter
1119 4686 1185 4744 ueri,
1205 4699 1265 4735 cum
1278 4688 1386 4752 propter
1397 4686 1531 4752 duplicem

310 4753 482 4802 mutationem
504 4754 559 4801 tam
582 4752 691 4814 propter
714 4753 883 4805 sententiam.
925 4752 995 4805 Nam
1018 4756 1045 4806 st
1069 4756 1107 4807 rei
1131 4757 1334 4808 conuenientius
1358 4760 1414 4820 ast,
1439 4757 1532 4823 ipsam
