3409 5400
499 525 581 590 LlB.
603 523 663 603 tx,
685 525 721 594 G.
748 523 781 604 o,
804 535 835 606 ς.
858 527 985 598 t-o.
1011 527 1042 606 i,
1065 537 1095 608 ς.
1118 529 1149 598 2.
1364 529 1428 600 idb

589 807 648 872 DE
672 809 719 874 Vl
744 810 798 876 ΕΤ
820 811 1064 879 SEDITIONE.

302 1003 370 1066 Sed
394 1013 427 1066 ut
453 1003 626 1069 uiolentiae
650 1012 680 1068 ei
701 1006 871 1074 seditionis
896 1015 961 1074 tani
985 1019 1117 1096 togatae
1141 1029 1239 1094 quam
1264 1009 1360 1073 etiam
1385 1007 1519 1078 ar·Vll.

111 1138 117 1176 ι
212 1119 321 1172 maiae
345 1110 432 1173 iacto
455 1111 652 1184 reserantur,
682 1111 719 1175 l..
743 1111 924 1200 Equitium,
954 1115 1008 1201 qni
1037 1135 1075 1177 se
1098 1113 1145 1180 Ti.
1171 1111 1312 1178 Gracchi
1335 1113 1478 1179 iilinml.

111 1248 119 1284 ,ν
213 1215 390 1279 simulabat
412 1216 670 1304 tribunatumque
695 1219 855 1284 aduersus
886 1220 978 1308 leges
1006 1241 1076 1286 cum
1106 1219 1144 1284 i..
1175 1220 1351 1284 Saturnino
1380 1239 1436 1305 pe·

111 1355 116 1392 ¹,
188 1321 319 1396 atebat,
354 1345 374 1386 a
410 1323 443 1389 0.
475 1323 580 1388 Mario
612 1327 756 1411 quintum
793 1326 998 1390 consulatum
1036 1337 1169 1414 gerento
1203 1327 1237 1389 in
1271 1325 1435 1412 publicam

110 1464 115 1500 ι
213 1428 396 1492 custodiam
422 1429 568 1501 ductum,
599 1429 740 1516 populus
765 1432 915 1496 claustris
940 1434 1080 1497 carceris
1105 1431 1272 1496 conuulsis
1296 1441 1436 1518 raptum,

110 1570 115 1609 2
214 1532 360 1597 humeris
377 1537 448 1598 suis
466 1559 523 1621 per
540 1559 701 1601 summam
719 1539 903 1602 animorum
920 1538 1119 1602 alacritatem
1137 1539 1287 1624 portauit.
1330 1536 1477 1606 idem-2.

110 1696 113 1715 ,
215 1659 278 1725 que
303 1637 343 1719 Q.
368 1639 533 1705 Metellum
557 1663 745 1716 censorem,
773 1643 862 1729 quod
886 1643 928 1708 ab
953 1665 992 1706 co
1016 1653 1181 1729 tamquam
1206 1641 1348 1707 Gracchi
1370 1641 1437 1708 illio

214 1767 350 1810 censum
373 1748 519 1834 recipere
542 1747 688 1822 nolebat,
711 1747 875 1834 lapidibus
900 1759 1105 1834 prosternere
1128 1761 1266 1814 conatus
1291 1759 1356 1824 cst,
1380 1749 1437 1812 ad·

110 1896 111 1929 ,
178 1851 399 1919 infirmantem
421 1863 488 1916 tres
517 1853 740 1919 tantummodo
764 1852 849 1919 illios
879 1853 926 1920 Ti.
952 1853 1103 1919 Graccho
1126 1855 1244 1930 firisse,
1277 1853 1437 1941 equibus

213 1958 372 2023 nnumin
396 1957 552 2024 Sardinia
574 1960 737 2046 stipendia
759 1973 954 2034 merentem,
984 1959 1119 2026 alterum
1149 1961 1307 2026 infantem
1336 1959 1436 2026 Prae·

215 2075 323 2139 nestc,
354 2066 480 2129 tertium
512 2077 587 2150 post
621 2067 723 2151 patris
759 2078 896 2132 mortem
930 2079 1042 2132 natum
1071 2067 1197 2132 Romae
1234 2067 1437 2144 decessisse;

215 2193 321 2258 neque
345 2182 495 2258 oportere
519 2171 721 2235 clarissimae
745 2173 889 2238 familiae
912 2173 1045 2262 ignotas
1069 2172 1187 2238 sordes
1210 2174 1329 2250 inseri;
1361 2196 1436 2238 cum

161 2363 167 2372 Ι
202 2279 342 2374 ¹interim
365 2277 539 2363 inprouida
551 2278 732 2342 concitatae
748 2277 960 2344 multitudinis
980 2281 1153 2354 temeritas,
1170 2301 1229 2366 pro
1245 2279 1438 2366 inpudentia

180 2407 205 2450 u
216 2397 247 2447 et
275 2382 430 2448 audacia!
465 2383 626 2449 aduersus
655 2383 861 2450 consulatum
896 2395 927 2448 et
955 2405 1128 2450 censuram
1159 2384 1291 2450 tetendit
1319 2385 1436 2472 princi·

216 2509 341 2577 pesque
364 2511 446 2554 suos
469 2490 558 2553 omni
581 2488 779 2575 petulantiae
802 2511 922 2578 genere
946 2492 1088 2556 uexauit.

720 2597 932 2612 Ἣ

163 2619 171 2630 '
219 2630 241 2684 i.
261 2634 306 2684 Did
324 2632 568 2684 santiioninvs
589 2629 666 2685 Torr.
685 2629 697 2697 ΙΙ
716 2628 741 2684 2
761 2633 894 2684 oetentiae
915 2646 958 2700 pr.
976 2631 1008 2685 A.
1033 2634 1166 2684 uiolentae
1186 2627 1358 2686 eonion.
1377 2631 1389 2703 ΙΙ
1409 2635 1436 2684 at

216 2720 264 2756 orn.
283 2700 486 2757 AODBTorr.
497 2704 511 2771 ΙΙ
521 2725 537 2755 a
551 2708 605 2755 tam
622 2702 681 2763 (aad
697 2709 708 2754 t
726 2703 754 2754 ia
767 2712 875 2765 cmo)
886 2703 917 2756 A.
932 2702 945 2773 ΙΙ
959 2702 984 2757 3.
1004 2705 1034 2757 1..
1048 2706 1178 2770 Equitium
1199 2734 1232 2743 -
1251 2701 1302 2769 (7,)
1321 2706 1436 2769 portauit

217 2792 264 2827 ora.
283 2772 315 2828 Γ.
329 2774 342 2843 ΙΙ
356 2777 500 2837 aequitiotn
518 2773 551 2826 A.
562 2774 577 2839 ΙΙ
588 2777 627 2825 titi
645 2776 756 2843 gracchi
773 2774 806 2827 A.
825 2778 843 2826 t.
861 2776 971 2843 gracchi
990 2772 1042 2827 ΟΒ
1050 2773 1084 2828 Ε.
1103 2776 1115 2841 ll
1135 2772 1160 2825 4.
1181 2776 1257 2845 leges
1276 2790 1325 2828 ora.
1341 2789 1386 2841 pr.
1403 2772 1435 2827 A.

226 2846 240 2911 ΙΙ
252 2862 310 2897 cum
329 2862 378 2897 οιιι.
399 2844 422 2897 C
438 2851 464 2897 et
477 2860 521 2913 pr.
539 2844 571 2897 A.
582 2848 596 2914 ΙΙ
607 2843 632 2897 5.
651 2862 684 2897 ac
703 2848 787 2897 roario
801 2842 830 2897 0.
848 2863 866 2895 a
885 2848 969 2897 mario
984 2844 1020 2899 D.
1032 2846 1046 2913 Η
1058 2842 1168 2914 gerenti
1181 2860 1227 2913 pr.
1245 2842 1277 2897 A.
1292 2844 1304 2915 ΙΙ
1319 2843 1344 2897 7.
1363 2862 1435 2896 amo·

216 2934 273 2969 rum
289 2932 333 2983 pr.
353 2915 382 2968 A.
402 2933 535 2967 armorum
553 2914 582 2968 D
601 2921 626 2968 et
643 2932 713 2969 corr.
726 2914 758 2969 A.
772 2916 785 2979 ΙΙ
800 2916 826 2979 S.
844 2914 863 2968 2
881 2932 929 2969 em.
943 2914 973 2968 Γ.
985 2915 999 2983 ΙΙ
1014 2914 1053 2969 lii.
1074 2913 1095 2973 ἰ.
1114 2918 1232 2985 pacche
1244 2914 1277 2967 A.
1294 2917 1435 2985 tgraechi

219 2986 280 3039 ΟΠ.
299 2988 420 3038 Graccho
438 2985 543 3046 (omisso
557 2987 738 3055 praenomine)
763 2983 839 3037 Torr.
856 2986 870 3055 ΙΙ
888 2984 929 3040 14.
953 2988 1119 3053 inprudentia
1139 3002 1182 3053 pr.
1206 2984 1236 3039 A.
1260 2988 1437 3051 imprudentia

219 3056 306 3111 CDE
324 3064 350 3109 et
366 3073 436 3109 corr.
454 3058 486 3111 A.
497 3057 512 3125 ΙΙ
525 3056 566 3111 ib.
585 3062 612 3111 ct
630 3060 762 3111 aduersus
782 3054 843 3111 cti.

289 3182 344 3233 vti.
363 3180 503 3232 uiolentiae
522 3186 547 3231 et
563 3178 710 3243 seditiosis)
737 3184 776 3232 ita
795 3182 928 3233 Valerium
949 3183 1101 3244 scripsisse,
1121 3196 1181 3237 non,
1202 3183 1229 3229 ut
1248 3182 1358 3249 Pighius
1377 3196 1437 3231 com

219 3254 357 3317 permultis
382 3267 449 3301 sune
469 3252 543 3300 libris
562 3254 651 3309 edidit,
675 3250 804 3304 uiolentae
826 3250 979 3307 seditiosis,
1003 3253 1100 3301 irulicat
1122 3252 1213 3301 titulus
1239 3252 1317 3300 huius
1341 3252 1436 3314 capitis

218 3324 263 3373 ni}
282 3323 316 3372 Vl
336 3322 381 3371 ET
399 3320 501 3371 sanir
503 3322 594 3373 tottii.
630 3323 819 3386 inscriptiones
838 3325 907 3372 eninr
927 3322 995 3371 istas
1011 3338 1027 3371 a
1039 3322 1214 3389 grammatico
1232 3322 1347 3382 quodam
1366 3334 1437 3370 com·

219 3394 321 3457 positas
341 3406 374 3442 ex
395 3392 467 3441 initio
487 3394 601 3455 cupitum
627 3393 694 3456 ipsis
713 3393 812 3442 Valerii
839 3392 928 3441 uerbis
953 3392 1107 3457 plerumque
1131 3392 1259 3454 repetitas
1278 3404 1342 3440 esse
1361 3390 1438 3439 docui

219 3466 243 3512 in
264 3464 427 3526 praefatione
445 3478 472 3525 p.
490 3458 533 3512 92.
563 3462 656 3522 Neque
679 3464 805 3513 credibile
823 3465 867 3511 est
885 3462 971 3517 illum.
996 3460 1117 3523 quisquis
1136 3462 1159 3509 is
1178 3462 1251 3514 erat.
1270 3461 1338 3511 haec
1356 3460 1438 3524 potia·

219 3536 313 3583 simoin
338 3532 384 3581 ni}
404 3532 438 3582 vi
458 3532 504 3581 ΕΤ
522 3530 707 3581 stabilioris:
731 3534 878 3597 positurum
903 3532 999 3589 luisse,
1024 3532 1074 3580 nlsi
1100 3530 1126 3579 in
1150 3531 1209 3593 ipso
1232 3530 1333 3581 Valerll
1356 3544 1438 3594 opere

218 3600 358 3653 dekatioe
376 3608 402 3653 et
424 3598 563 3653 seditiosis
585 3604 706 3671 legisset.
747 3605 915 3667 Quapropter
937 3617 986 3667 pro
1010 3602 1150 3665 archetypi
1174 3602 1272 3651 codicis
1296 3602 1437 3665 scriptura,

218 3673 357 3726 aioieatioe
374 3670 525 3731 seditiosis,
551 3674 676 3724 reuocaui
694 3674 765 3737 qnod
783 3674 838 3723 iam
857 3674 883 3724 ia
902 3673 1061 3723 editionibus
1080 3673 1214 3721 ueteribus
1234 3675 1296 3723 anie
1314 3670 1438 3739 Pighlum

219 3746 460 3798 circumferebatur.

292 3814 314 3866 l.
333 3816 385 3880 (Gi.
404 3818 471 3880 App.
490 3816 540 3866 elo.
559 3816 579 3877 1,
599 3812 642 3867 ³2.
666 3815 738 3868 lilor.
756 3815 801 3870 ill.
825 3810 865 3873 lli,
888 3811 909 3865 l.
935 3814 1008 3865 Auci.
1028 3814 1061 3863 de
1079 3814 1127 3863 uir.
1146 3813 1182 3864 ill.
1202 3808 1256 3877 7³.)

289 3884 405 3953 quintana
424 3884 583 3936 mulctata
598 3890 714 3952 percute)
740 3886 822 3936 lrnmo
841 3890 961 3943 sextum,
986 3886 1014 3933 ut
1032 3884 1091 3947 ipse
1109 3884 1188 3933 tradit
1206 3882 1329 3933 Valerius
1348 3882 1392 3941 tii,
1411 3879 1438 3941 2.

223 3954 261 4008 18.
289 3959 457 4007 Mendacium
482 3961 524 4007 est
549 3957 701 4022 scriptoris,
730 3971 784 4007 non
807 3957 946 4013 mendum,
976 3960 1004 4002 ut
1027 3956 1149 4017 opinatur
1169 3954 1289 4023 Pighius,
1311 3953 1438 4003 librorum

221 4030 467 4091 inanuserlptorom.

289 4096 316 4150 2.
335 4100 373 4150 Cf.
392 4099 445 4150 Cic.
464 4115 513 4165 pro
531 4098 603 4151 Sosi.
622 4094 666 4157 ti.
687 4094 746 4149 101.
770 4098 845 4149 Auci.
870 4098 903 4145 de
928 4096 976 4147 uir.
1000 4096 1036 4147 ill.
1060 4091 1104 4148 bi.
1128 4094 1179 4145 Sed
1205 4096 1238 4145 de
1256 4096 1354 4159 populo
1373 4095 1441 4159 lapi·

220 4171 297 4219 dibus
309 4172 341 4229 Q.
355 4170 490 4220 Metellum
504 4168 669 4219 Numidicum
682 4170 852 4234 prosternere
866 4170 963 4217 conato
976 4180 1028 4215 aon
1042 4167 1149 4217 memini
1162 4166 1231 4215 alias
1244 4179 1287 4217 me
1299 4166 1440 4231 quicquam

221 4241 245 4290 le
266 4242 331 4290 isse.

246 4256 265 4309 g
287 4325 340 4378 pro
359 4308 512 4380 iapadatia
530 4315 556 4362 et
578 4306 703 4369 audacia)
726 4308 799 4359 Male
823 4308 968 4360 Torrenins
993 4309 1060 4359 hacc
1084 4308 1201 4357 distinxit
1220 4304 1367 4365 temeritas,
1387 4320 1441 4373 pro

221 4378 388 4450 impudentia,
409 4388 434 4433 et
451 4380 566 4433 audacio
584 4378 712 4432 aduersas
730 4376 898 4431 maculatam.
941 4378 1033 4441 Neqrre
1056 4380 1126 4429 erim
1149 4392 1220 4439 quae
1245 4380 1302 4427 arte
1325 4378 1443 4428 interae

222 4454 375 4513 cohaerent,
395 4456 418 4503 si
437 4455 463 4504 in
482 4454 552 4503 hunc
571 4454 677 4503 modum
696 4452 902 4515 interpunxeris,
921 4446 1055 4500 temeritas
1072 4454 1097 4499 et
1115 4446 1229 4499 sadada
1248 4446 1442 4499 exclamatione

222 4526 258 4573 ita
276 4525 365 4575 diuelli
385 4527 505 4587 possunt,
524 4528 553 4574 ut
570 4524 715 4573 interiectio
735 4522 769 4571 ad
793 4522 905 4571 alteram
930 4519 1016 4570 solam
1042 4520 1181 4583 pertineat.
1224 4520 1365 4567 bionuerat
1387 4520 1443 4567 iam

222 4596 343 4660 Guyetua
362 4600 388 4645 et
404 4590 519 4645 cadam
537 4597 670 4659 pertinere
688 4594 723 4643 ad
738 4604 791 4658 pro
808 4586 978 4659 ierpadeatia,
997 4591 1039 4639 cui
1058 4605 1105 4639 cur
1123 4602 1176 4639 nou
1194 4587 1358 4639 assentiatur
1375 4586 1442 4638 'l'or-

222 4666 311 4717 malua
329 4668 452 4729 equidem
471 4681 524 4717 non
542 4666 680 4733 intellego.
714 4663 796 4713 necte
819 4676 884 4714 uero
908 4656 1062 4728 inpatientia
1080 4658 1191 4727 Pighius
1215 4658 1304 4723 posuit
1326 4672 1373 4723 pro
1399 4672 1441 4709 eo·

222 4738 308 4787 denna
325 4738 459 4802 aeriptura
477 4732 656 4804 mestis,
675 4734 745 4801 quod
764 4734 922 4801 languidum
940 4732 1020 4796 plane
1039 4736 1123 4785 esset.

1228 4816 1271 4882 ib
