3409 5400
133 660 140 676 ⁰
194 677 357 768 exemplis
379 681 532 771 ascripsi,
560 692 592 747 et
614 682 781 769 copiosius
805 702 905 771 quam
932 684 967 750 in
993 684 1157 771 prioribus
1186 688 1424 776 exemplaribus

194 789 322 855 sactum
344 802 415 855 crat
439 803 473 857 et
505 791 708 868 accuratius,
744 812 819 857 cum
847 792 1050 861 incitandis
1079 804 1225 862 ueterum
1255 808 1424 863 auctorum

195 896 353 982 operibus
394 898 532 963 nimium
567 909 724 987 quantum
769 898 983 988 neglegentia
1021 904 1230 988 peccauerint
1272 904 1423 983 editores

195 1002 362 1091 simulque
388 1005 445 1071 ubi
471 1005 656 1071 notabiliter
683 1003 838 1073 Valerius
871 1007 913 1072 ab
944 1028 1057 1075 eorum
1086 1011 1271 1077 testimonio
1300 1010 1423 1077 discre-

195 1113 304 1197 puerit
325 1110 482 1201 religiose
504 1112 672 1179 admonui.

287 1217 490 1287 Varietatem
507 1220 658 1287 codicum
674 1240 833 1298 meorum,
856 1233 891 1287 ut
909 1222 1025 1289 eadem
1048 1244 1131 1315 quae
1153 1223 1234 1291 mihi
1256 1225 1425 1295 iudicandi

196 1326 339 1393 iacrdtas
370 1326 547 1394 lectoribus
581 1348 711 1416 quoque
745 1339 849 1406 esset,
897 1328 1028 1397 exhibui
1065 1332 1229 1421 integram
1267 1337 1422 1412 omnium,

197 1435 336 1501 omissis
358 1445 470 1501 tamen
492 1434 528 1499 irr
550 1434 716 1523 plerisque
742 1446 854 1521 utpote
875 1438 1111 1503 recentioribus
1142 1461 1226 1527 quae
1250 1442 1294 1507 ad
1317 1441 1424 1510 solam

197 1540 365 1607 scribendi
386 1543 548 1609 rationem
571 1552 604 1606 et
624 1563 751 1609 morem
773 1542 915 1609 diuersis
939 1545 1139 1631 temporibus
1159 1546 1327 1617 diuersrnn
1349 1572 1423 1637 per·

196 1650 301 1713 tinere
324 1650 521 1715 uiderentur.
566 1648 643 1715 Non
660 1670 765 1737 aeque
782 1650 895 1738 spreni
912 1650 1182 1739 orthographiam
1204 1656 1424 1744 antiquissimi

197 1756 324 1821 codicis
350 1755 549 1833 Berneusis,
578 1779 677 1844 quam
705 1756 878 1846 diligenter
907 1769 1070 1825 enotatam
1105 1763 1258 1851 antipae
1291 1774 1423 1829 secutos

197 1886 273 1929 sum
297 1874 353 1928 aut
374 1865 525 1929 uarietati
547 1865 728 1952 scripturae
754 1866 880 1930 inserui
907 1867 1049 1952 exceptis
1076 1869 1193 1953 paucis
1217 1868 1424 1957 quibusdam

197 1992 285 2059 quae
307 1994 375 2037 non
398 1983 586 2038 constanter
607 1992 661 2036 me
684 1974 890 2059 excerpsisse
913 1972 1009 2039 ualde
1026 1996 1112 2039 nunc
1131 1974 1237 2043 doleo.
1285 1976 1422 2045 Granio·

196 2078 290 2143 ribus
315 2081 500 2145 enimcum
522 2080 665 2146 maxime
687 2081 829 2145 intentus
858 2101 935 2147 mox
963 2080 1061 2145 omisi
1087 2082 1122 2145 in
1150 2081 1321 2150 collatione
1347 2108 1424 2153 meo

197 2185 358 2251 &notare
381 2187 608 2253 confruionem
630 2186 809 2253 litterarum
831 2186 860 2253 B
884 2199 915 2251 et
937 2186 980 2263 P,
1009 2186 1038 2251 D
1064 2202 1095 2251 et
1119 2186 1155 2264 T,
1183 2210 1267 2276 quae
1295 2195 1423 2279 passim

197 2294 259 2359 sed
288 2316 358 2358 non
386 2293 470 2359 adeo
497 2294 683 2381 frequenter
711 2304 842 2379 propter
871 2294 1116 2359 similitudinem
1143 2299 1423 2382 pronunciationis

196 2412 411 2487 permutatae,
433 2401 595 2466 interdum
619 2400 797 2465 effecerrmt
817 2398 921 2465 hasce
943 2400 1179 2467 uocabulorum
1201 2404 1344 2489 figuras,
1368 2412 1422 2481 tet,

196 2514 289 2591 opst,
316 2509 423 2582 alred,
451 2507 581 2573 scribat
607 2518 680 2572 cett.
736 2506 820 2571 Tum
846 2507 882 2571 in
909 2507 1176 2593 praenominibus
1204 2530 1273 2575 nou
1304 2510 1423 2599 ubique

197 2616 388 2704 significant
413 2626 522 2679 utrum
548 2614 645 2703 plene
678 2615 803 2701 scripta
836 2613 902 2677 sint
930 2614 965 2678 in
999 2613 1112 2679 codice
1145 2636 1189 2681 au
1220 2637 1279 2704 per
1312 2638 1422 2696 unam,

197 2724 283 2788 duas
306 2721 362 2788 uel
382 2735 449 2789 tres
471 2724 596 2809 priores
606 2721 743 2788 litteras.
790 2721 864 2787 Gaii
885 2732 916 2786 et
931 2722 1036 2788 Gnaei
1048 2723 1193 2799 nondun,
1217 2725 1248 2790 si
1270 2725 1421 2792 omnibus

196 2829 252 2895 his
274 2829 392 2896 litteris
414 2841 549 2896 exusta
564 2842 651 2906 sunt,
675 2837 864 2895 constanter
885 2849 944 2914 per
957 2829 986 2892 G
1001 2829 1170 2914 incipiunt,
1193 2831 1424 2918 compendium

195 2939 273 3024 pari
294 2937 363 3002 iere
385 2958 521 3002 numero
544 2957 603 3024 per
632 2936 659 3000 0
686 2948 719 3001 et
744 2956 804 3022 per·
832 2933 872 3000 G.
929 2934 1000 3000 Nos
1022 2935 1088 3000 illic
1112 2937 1152 3012 G,
1178 2935 1233 3001 hic
1263 2937 1304 3014 G,
1335 2939 1423 3025 quod

196 3047 295 3110 unice
317 3053 442 3110 rectum
464 3055 628 3132 putamus,
651 3045 747 3110 tacite
770 3043 990 3130 reposuimus.
1034 3041 1183 3130 Denique
1203 3065 1270 3110 non
1293 3065 1424 3132 semper·

196 3153 232 3218 in
255 3150 430 3218 collatione
454 3163 578 3228 nostra,
599 3152 707 3216 rarius
731 3152 829 3216 etiam
851 3151 888 3214 in
903 3147 1061 3214 uarietate
1077 3147 1253 3216 lectionum
1276 3149 1317 3215 de
1341 3154 1423 3218 scti-

196 3271 315 3346 pturae
338 3258 541 3347 compendiis
565 3257 795 3323 admonuimus
817 3257 1011 3344 praesertim
1033 3256 1068 3320 iu
1089 3255 1211 3332 uerbis,
1235 3258 1319 3344 qu'ae
1342 3257 1425 3324 nihil

198 3366 343 3432 afferunt
364 3365 599 3452 ambiguitatis.
645 3362 821 3430 Praeterea
836 3385 917 3430 uero
935 3362 1225 3428 commemoranda
1235 3385 1424 3451 numquam,

198 3472 290 3561 quod
313 3473 428 3549 seiam,
451 3494 519 3537 non
541 3472 813 3546 commemoraui,
844 3472 892 3536 ita
919 3481 955 3534 ut
982 3489 1112 3556 sperem
1138 3490 1207 3544 me,
1239 3471 1274 3534 iu
1305 3469 1422 3556 quibus

195 3580 326 3668 ingenii
340 3577 449 3644 nullus
466 3581 509 3644 sit
524 3579 629 3656 locus,
652 3577 837 3665 diligentiae
854 3577 1017 3642 meruisse
1036 3575 1264 3640 testimonium.
1310 3575 1425 3641 Sciunt

199 3697 310 3752 autem
339 3687 396 3772 qui
421 3686 495 3772 ipso
524 3684 701 3773 aliquando
736 3683 867 3750 codices
896 3682 1138 3768 manuscriptos
1170 3701 1230 3767 per
1259 3683 1425 3770 integrum

200 3813 286 3879 opus
313 3791 448 3880 aliquod
470 3791 690 3858 conferendos
713 3790 777 3856 sibi
798 3789 1066 3876 desumpserunt,
1096 3788 1166 3854 fieri
1187 3810 1289 3875 posse
1312 3801 1349 3854 ut
1370 3788 1425 3856 uel

199 3899 451 3989 dihgeudssime
477 3899 570 3966 inid
596 3899 766 3987 negotium
791 3897 1034 3964 incumbentem
1061 3896 1189 3986 fugiant
1216 3895 1338 3984 aliquot
1364 3899 1424 3964 mi·

199 4020 300 4074 untae
327 4029 399 4081 res,
435 4028 542 4094 neque
570 4026 635 4094 ego
668 4027 722 4072 me
750 4005 861 4091 ipsum
896 4024 1095 4092 operamque
1121 4025 1231 4070 meam
1257 4003 1334 4070 huic
1357 4007 1424 4072 fato

198 4112 418 4179 succubuisse
441 4114 643 4201 negauerim.
690 4112 898 4198 Quapropter·
913 4111 969 4177 ubi
984 4110 1207 4197 suspicionem
1231 4113 1337 4176 mouit
1359 4112 1425 4178 eol·

197 4219 330 4286 lationis
357 4219 537 4296 silentium,
566 4219 698 4284 enonui
725 4219 815 4306 quod
842 4217 966 4306 legisse
995 4239 1050 4282 me
1079 4216 1273 4296 arbitrabar,
1302 4218 1425 4284 codicis

198 4349 280 4392 uero
303 4336 425 4402 notam,
448 4337 484 4391 ut
506 4327 730 4415 significarem
750 4323 838 4391 itud·
852 4325 1025 4400 silentium,
1049 4323 1239 4409 parenthesi
1262 4328 1353 4406 (-·)
1375 4323 1425 4390 in·

198 4435 295 4500 clusi.
340 4431 434 4500 Hanc
456 4431 673 4520 parenthesin
694 4453 829 4519 perraro
853 4442 909 4496 aut
930 4452 1110 4519 numquam
1127 4431 1312 4517 appositam
1333 4430 1425 4495 inue-

199 4542 290 4606 neris
317 4539 408 4607 libris
435 4538 599 4606 Beruensi
625 4541 657 4604 A
687 4550 720 4604 et
744 4538 1015 4606 Berolinensibus
1048 4538 1125 4615 OD,
1162 4557 1302 4624 quorum
1335 4533 1426 4601 illum

197 4645 366 4714 nonnullis
387 4645 482 4722 locis,
505 4645 548 4711 de
571 4647 689 4734 quibus
712 4645 931 4725 subdubitaui‚
955 4645 1194 4734 medicaturus
1214 4639 1295 4708 mihi
1318 4639 1426 4708 denuo

197 4753 344 4842 inspexit
364 4754 415 4820 uir
436 4750 696 4823 hmanssimus
720 4753 760 4820 G.
781 4753 819 4820 F.
835 4753 958 4842 herig,
980 4752 1151 4838 professor
1166 4750 1201 4816 in
1216 4746 1428 4818 uniuersitate

1194 4856 1213 4921 7
