3409 5400
477 535 560 603 LIB.
582 534 654 613 ΗΠ,
678 532 715 605 G.
740 536 771 612 1,
792 546 823 613 t.
850 528 1031 608 itt-lin.
1048 530 1084 617 'a
1111 544 1229 612 1-3.
1397 536 1466 616 tet

331 697 437 763 Nimis
466 696 610 763 liberalis
639 696 805 784 Archytae
833 699 1031 774 moderatio,
1065 707 1274 788 temperatior
1306 704 1508 777 Platonis2.

242 804 327 869 Nam
344 828 419 869 cum
436 804 599 870 aduersus
616 804 769 871 delictum
786 809 875 870 serui
890 806 1118 873 uehementius
1134 813 1321 887 exarsisset,
1344 817 1466 881 ueritus

241 932 283 975 nc
306 914 379 997 ipse
402 910 569 976 uindictae
591 911 724 976 niodum
741 913 903 998 dispicere
927 935 995 977 non
1009 926 1132 1000 posset,
1157 916 1344 1004 Speusippo
1361 924 1468 988 amieo

241 1020 468 1105 castigationis
486 1017 653 1084 arbitrium
669 1019 848 1096 mandauit,
866 1020 1012 1085 deforme
1028 1022 1092 1085 sibi
1106 1023 1250 1088 futurum
1266 1026 1468 1101 existimans,

219 1130 271 1192 ssi
296 1129 506 1193 conmisisset
530 1138 562 1190 ut
585 1146 698 1210 parem
722 1126 1013 1211 reprehensionem
1039 1126 1135 1213 culpa
1159 1131 1247 1195 serui
1270 1142 1301 1196 et
1320 1134 1469 1202 animad-

243 1235 353 1297 uersio
377 1233 525 1299 Platonis
548 1242 735 1297 mereretur.

333 1340 407 1421 Qtto
443 1342 552 1405 miuus
583 1340 683 1403 miror
713 1340 801 1425 qnod
837 1342 872 1404 iu
902 1340 1091 1407 Xenocrate
1119 1327 1372 1432 discipulusne
1402 1357 1470 1414 t'am

244 1460 431 1514 constanter
460 1447 649 1513 moderatus
681 1444 749 1511 flur.
808 1446 971 1512 Audierat
1001 1470 1075 1513 eum
1110 1437 1152 1512 de
1186 1472 1223 1514 se
1253 1453 1354 1518 multa
1381 1438 1469 1539 inpie

244 1555 398 1623 locutum.
445 1556 524 1620 Sine
548 1552 615 1617 ullu
638 1554 843 1619 cunctatione
867 1556 1127 1620 criminationem
1145 1560 1279 1643 respuit.
1324 1558 1472 1625 Instabat

208 1675 333 1726 toccrtc
357 1662 447 1726 trultu
475 1661 589 1733 iudex,
621 1681 757 1725 causam
789 1684 952 1748 quaereus
984 1684 1042 1727 cur
1070 1662 1134 1727 sibi
1163 1662 1254 1727 lidcs'
1272 1685 1340 1729 nou
1368 1662 1470 1730 habe·

244 1784 350 1846 retur;
380 1770 499 1835 adiecit
527 1788 594 1831 nou
623 1788 699 1831 esse
722 1768 877 1834 credibile
907 1781 1062 1856 utquam
1090 1779 1258 1856 tantopere
1282 1780 1408 1837 amaret
1429 1773 1471 1839 ab

244 1900 284 1939 eu
308 1879 448 1942 inuicem
472 1896 539 1940 nou
562 1873 761 1960 diligeretur.
808 1874 979 1940 Postremo
996 1896 1070 1939 cum
1094 1875 1137 1940 ad
1159 1877 1388 1943 iusiurandum
1409 1880 1471 1945 ini·

244 1986 387 2049 micitias
420 1983 559 2048 serentis
593 1980 782 2067 malignitas
817 1983 1039 2068 confugisset,
1074 2003 1116 2045 ne
1152 1983 1193 2047 de
1225 1986 1369 2070 periurio
1399 1986 1472 2052 ctus

246 2092 435 2179 disputaret,
460 2089 646 2155 adfirmauit
668 2110 846 2174 numquam
862 2088 1083 2152 Xenocratem
1105 2088 1162 2153 illa
1177 2088 1335 2157 dicturum
1356 2094 1472 2167 fuisse,

210 2200 311 2264 tenisi
335 2220 375 2263 ea
398 2198 461 2261 dici
493 2193 645 2281 expedire
674 2193 737 2258 sibi
764 2194 954 2261 iudicasset.
1000 2194 1077 2259 Non
1106 2197 1141 2259 iu
1168 2217 1306 2283 corpore
1334 2199 1473 2273 mortali,

247 2306 364 2369 sedin
388 2324 465 2368 arce
489 2300 624 2365 caelesti
647 2312 679 2363 et
702 2301 833 2387 quidem
858 2310 1020 2366 armatum
1037 2302 1181 2365 animum
1200 2304 1271 2367 eius
1295 2305 1383 2369 uitae
1406 2314 1473 2370 sta·

246 2413 369 2476 tionem
392 2418 488 2495 putes
512 2408 695 2494 peregisse,
718 2406 937 2473 humanorum
961 2409 1113 2473 uitiorum
1136 2411 1290 2474 incursus
1319 2434 1340 2475 a
1364 2432 1401 2475 se
1422 2413 1473 2476 in·

246 2520 335 2583 uicta
357 2535 472 2603 pugna
493 2513 705 2600 repellentem
728 2525 929 2602 cunctosque
950 2517 1075 2581 uinetis
1092 2532 1247 2583 numeros
1272 2517 1474 2584 altitutidinis

248 2648 329 2691 suae
354 2626 428 2690 sinu
451 2624 584 2688 clausus
609 2622 861 2688 custodientem:

211 2751 239 2796 ao
337 2733 555 2818 Nequaquam
578 2730 707 2796 Platoni
730 2731 907 2796 litterarum
935 2731 1218 2796 commendatione
1247 2754 1307 2818 par
1330 2722 1517 2820 Syracu-3·

249 2863 351 2906 sanus
381 2838 462 2913 Diu,
497 2837 557 2902 scd
586 2837 673 2924 quod
702 2837 744 2900 nd
775 2838 1009 2923 praestandam
1039 2839 1298 2905 moderationem
1328 2839 1475 2917 adtinuit,

250 2943 502 3010 uehementioris
532 2945 753 3032 experimenti.
805 2943 916 3009 Patria
946 2945 1062 3030 pulsus
1098 2971 1119 3010 a
1147 2946 1307 3032 Dionysio
1336 2956 1475 3033 tyranno

789 3073 937 3080 .„—----

255 3123 276 3178 l.
296 3126 380 3175 Nimis
404 3153 439 3163 -
462 3120 512 3187 (Ἠ
537 3121 617 3189 Num}
642 3125 721 3176 l’luto
743 3120 774 3175 Γ.
792 3123 807 3190 ll
823 3124 942 3176 Platonis
961 3127 1134 3188 temperatior
1160 3124 1237 3178 Torr.
1253 3124 1268 3192 ΙΙ
1284 3123 1311 3179 2.
1329 3125 1476 3191 aduersus]

254 3211 349 3246 uersus
370 3195 392 3246 C
410 3201 435 3246 rt
449 3209 494 3261 pr.
511 3193 543 3247 A.
576 3192 609 3245 Vt
626 3208 674 3246 aot
692 3193 770 3246 eder·
788 3193 851 3247 Pur.
869 3195 883 3261 ΙΙ
900 3197 1002 3246 ueritus
1019 3211 1069 3247 om.
1087 3194 1116 3248 C.
1135 3195 1147 3264 ΙΙ
1166 3194 1193 3248 3.
1216 3199 1324 3248 mudum
1343 3199 1477 3248 uindictae

253 3264 331 3318 Terr.
342 3263 355 3330 ΙΙ
367 3266 506 3329 despicere
525 3262 556 3317 Γ.
569 3265 582 3332 Η
594 3281 646 3318 nou
665 3279 714 3316 ora
733 3263 770 3316 D.
782 3264 795 3330 Η
807 3281 963 3330 pseusoppo
977 3282 1023 3336 pr.
1041 3265 1073 3318 A.
1097 3269 1237 3331 trausippo
1259 3264 1317 3326 (aed
1333 3265 1384 3316 litt.
1400 3269 1478 3316 tram

251 3338 280 3390 ia
297 3350 395 3388 rasura
413 3335 445 3389 Β.
465 3337 550 3400 ipsius
569 3339 634 3399 ippe,
651 3334 678 3388 Ο.
698 3338 846 3400 speusippe
863 3335 921 3395 (seri
934 3337 1051 3404 primm
1068 3355 1086 3401 p
1104 3336 1133 3387 is
1150 3335 1313 3397 rararal'D·
1335 3337 1478 3400 pleusippo

252 3408 315 3460 Per.
334 3412 359 3458 ct
376 3419 445 3460 corr.
463 3403 495 3458 A.
508 3405 522 3472 ΙΙ
534 3402 559 3456 l.
578 3409 719 3458 zenocrate
737 3403 766 3458 F.
779 3405 792 3472 ΙΙ
806 3405 846 3458 10.
866 3409 946 3457 iudex
963 3405 998 3458 B.
1009 3407 1022 3472 ΙΙ
1033 3409 1114 3457 tidem
1129 3422 1174 3474 pr.
1192 3405 1228 3458 Ε.
1246 3409 1300 3456 ilde
1317 3421 1388 3459 corr.
1404 3402 1469 3472 8.ss

254 3477 294 3532 12.
315 3479 411 3528 inimici
431 3477 579 3526 asserentis
601 3473 688 3528 cEF.
710 3474 722 3544 ll
745 3471 785 3528 li.
805 3482 974 3527 zenocratem
992 3475 1025 3528 F.
1045 3477 1058 3543 ΙΙ
1081 3474 1122 3528 lb.
1141 3477 1193 3526 sibi
1210 3491 1260 3527 ora.
1279 3474 1341 3542 Eli
1359 3473 1401 3528 lli.
1419 3477 1479 3526 elus

252 3549 449 3602 intestationem
468 3545 503 3599 E.
518 3543 529 3614 ΙΙ
547 3543 587 3598 19.
607 3547 717 3598 claustis
735 3542 768 3597 Β.
785 3543 798 3610 ΙΙ
815 3543 860 3599 2⁰.
879 3548 1055 3608 Nequaquam
1074 3575 1109 3584 -
1126 3563 1177 3610 par
1200 3561 1249 3596 om.
1268 3543 1298 3596 Γ.
1315 3546 1329 3616 ΙΙ
1346 3561 1480 3598 commen·

253 3623 386 3672 dationem
406 3617 438 3671 F.
452 3616 464 3686 ΙΙ
479 3613 524 3670 21.
541 3617 603 3684 Dio]
623 3632 673 3667 om.
693 3613 851 3667 Reuss.
876 3613 952 3666 Vino.
970 3615 1037 3668 Bell.
1048 3632 1089 3684 sp.
1100 3616 1125 3666 t.
1137 3613 1204 3669 itii.
1226 3613 1268 3668 72.
1286 3632 1327 3683 sp.
1340 3613 1367 3666 d.
1384 3614 1415 3676 V,
1434 3613 1479 3668 8⁰.

253 3695 296 3742 ‹iiu
316 3689 341 3744 Γ
358 3695 384 3743 et
396 3703 441 3758 pr.
460 3685 492 3739 Α.
516 3689 584 3739 Dion
605 3685 682 3738 Torr.
704 3683 738 3736 Vt
755 3700 803 3736 nor
819 3685 883 3738 Par.
902 3691 928 3736 et
945 3700 1014 3737 corr.
1032 3685 1064 3738 A.
1076 3685 1089 3754 ΙΙ
1102 3688 1149 3736 sed
1170 3690 1239 3752 quod
1258 3716 1291 3724 —
1310 3683 1379 3755 (Ἡ.)
1397 3702 1479 3752 expe·

253 3765 356 3815 rimcuti
375 3777 426 3813 aru.
446 3758 476 3814 Γ.
491 3757 504 3827 ΙΙ
519 3761 611 3810 attinet
633 3756 709 3812 Turr.
721 3757 735 3824 ΙΙ
746 3753 789 3808 22.
809 3759 945 3822 dyonisyo
962 3755 995 3808 Α.

325 3921 351 3974 2.
375 3923 414 3974 Cl'.
439 3923 508 3974 Plut.
534 3923 567 3972 dc
591 3922 637 3971 lib.
662 3919 737 3970 educ.
764 3914 804 3972 li.
832 3919 978 3969 Xenocrati
997 3934 1014 3967 a
1036 3919 1146 3969 Platone
1165 3932 1273 3971 seruum
1291 3919 1479 3990 castigandum

254 3997 379 4046 traditum
399 4006 464 4044 csso
483 3993 565 4044 refert
582 3993 662 4058 Diog.
680 3991 771 4042 Lucri.
791 3989 835 4048 lll,
855 3983 898 4041 38.

325 4063 351 4117 3.
371 4066 409 4116 Cl'.
430 4064 498 4115 Plut.
517 4065 593 4114 Dion.
615 4060 656 4114 ll.

325 4135 507 4202 Syracusanus
523 4131 589 4195 Dio)
616 4134 751 4186 Valerium
775 4133 849 4182 recto
874 4145 941 4182 casn
963 4128 1020 4182 Dio
1044 4134 1145 4183 dixisse
1169 4135 1326 4185 documento
1351 4138 1394 4185 cst
1421 4149 1483 4185 cum

256 4212 386 4258 bonorum
405 4207 531 4256 librorum
549 4207 681 4270 scriptura
698 4201 766 4257 Diu,
787 4204 857 4270 quod
876 4204 922 4252 alli
940 4218 993 4253 non
1014 4204 1175 4255 intellectum
1200 4209 1306 4256 omnino
1325 4207 1481 4262 omiserunt,

256 4283 311 4328 turn
331 4278 435 4328 Paridis
454 4279 581 4341 epitome,
606 4279 633 4326 in
654 4292 707 4341 qua
724 4276 812 4338 ipsum
831 4274 896 4323 illud
920 4277 988 4339 quod
1014 4277 1144 4325 edidimus
1168 4280 1308 4326 seruatum
1326 4278 1377 4326 est.
1414 4274 1481 4324 Sae-

256 4351 369 4416 pissime
387 4349 484 4398 Latiua
503 4350 570 4398 haec
589 4348 738 4398 terminatio
756 4346 893 4398 nominum
911 4344 1073 4396 Graecorum
1091 4347 1118 4396 in
1136 4365 1174 4398 ων
1192 4351 1218 4398 et
1232 4347 1350 4414 genitiuo
1369 4358 1435 4393 casu
1453 4345 1482 4393 in

257 4419 325 4480 ονὀς
341 4421 492 4472 exstantium
506 4421 541 4468 ab
556 4420 608 4470 b'oc
627 4419 756 4482 scriptore
772 4417 864 4479 posita
880 4419 930 4469 est.
966 4418 1077 4486 Legitur
1099 4418 1127 4467 in
1144 4418 1223 4466 bonis
1247 4417 1382 4465 codidbus
1408 4408 1481 4465 cim

257 4493 289 4546 V.
307 4488 333 4550 3,
353 4494 406 4545 cxi.
425 4485 489 4540 tet
507 4491 538 4548 V,
558 4483 584 4544 4.
604 4492 657 4540 cst.
675 4481 703 4538 i.
729 4483 797 4537 Mtte
816 4487 863 4543 IX,
885 4485 926 4545 li,
946 4490 999 4540 ext.
1017 4485 1043 4539 ll.
1071 4483 1145 4538 Molo
1159 4487 1192 4545 tt,
1211 4484 1237 4542 2,
1257 4481 1283 4536 il.
1310 4483 1416 4536 Aram
1433 4484 1483 4543 IX,

261 4560 301 4623 ll,
322 4566 374 4614 ext.
397 4560 419 4613 1.
446 4559 550 4612 Polemo
571 4561 613 4617 Vl,
633 4555 658 4616 ll,
678 4559 731 4609 ext.
751 4555 775 4608 1.
801 4553 865 4608 sta
878 4559 909 4617 V,
928 4554 953 4617 t,
973 4561 1026 4610 ext.
1044 4556 1071 4608 t.
1097 4554 1256 4624 Hephaestio
1269 4555 1326 4615 llll,
1345 4553 1371 4612 7,
1391 4557 1445 4608 ext.
1455 4549 1485 4607 Ξ.

259 4633 343 4687 ituro
361 4635 420 4693 llll,
438 4627 467 4692 8,
485 4635 539 4684 ext
560 4627 571 4680 l
593 4633 621 4681 el
639 4629 707 4688 Vlll,
729 4622 770 4686 13,
790 4631 843 4678 eret.
865 4625 887 4680 1.
915 4627 980 4680 Gelo
997 4630 1023 4688 1,
1044 4627 1073 4687 l,
1099 4631 1151 4678 ext.
1172 4623 1199 4678 ³.
1235 4627 1324 4676 Dubia
1342 4627 1486 4691 archetypi

258 4707 365 4758 codicis.
377 4705 511 4768 scriptura
528 4701 614 4753 uideri
630 4703 722 4766 potest
737 4698 795 4758 llll,
814 4695 919 4756 sext.
938 4695 970 4760 3,
989 4701 1035 4749 ubl
1051 4713 1122 4749 nunc
1143 4699 1171 4748 in
1189 4698 1320 4749 Bsmsnei
1339 4697 1431 4748 codice
1448 4699 1486 4747 le·

260 4779 332 4851 gitur
349 4773 492 4832 laudm,
515 4776 557 4828 cul
576 4772 680 4828 aceedit
696 4771 836 4840 nummus
860 4773 896 4821 ab
915 4785 948 4823 co
970 4769 1152 4823 Beroliueusls
1175 4765 1224 4824 c..
1238 4770 1288 4820 sed
1310 4783 1329 4819 s
1352 4768 1443 4821 littera
1459 4768 1488 4820 lu

1206 4855 1276 4924 21·
