3409 5400
334 527 376 591 10

323 688 416 756 ribus
440 691 507 756 iam
530 689 684 754 disseruit
699 687 895 756 Dirksenius
920 684 1087 769 (abhandl.
1110 687 1144 751 d.
1155 684 1277 752 Berlin.
1302 687 1396 754 acad.
1417 689 1444 752 d
1463 693 1527 758 uis·

325 796 515 864 samecha.
542 799 626 862 1845
651 821 682 885 p.
714 799 754 864 17
786 809 817 862 et
846 801 933 885 sqq.)
991 793 1035 858 At
1063 794 1150 881 qnod
1178 797 1328 883 opinatur
1355 800 1406 862 nir
1430 799 1528 866 doctus

326 904 496 973 Valerium
520 907 554 970 id
575 907 716 972 macinae
741 907 804 971 sibi
826 905 1040 992 proposuisse
1068 914 1103 966 ut
1133 906 1320 970 ostenderet
1351 919 1461 995 quanto
1481 906 1531 971 illa

325 1024 483 1101 tempora,
509 1014 624 1102 quibus
643 1014 803 1100 singulari
819 1014 951 1078 arbitrio
974 1022 1141 1099 regeretur
1159 1013 1248 1078 orbis
1264 1024 1428 1089 terrarum,
1449 1037 1531 1100 prae·

217 1153 221 1163 ·
326 1132 450 1188 starem
472 1123 626 1209 antiquae
649 1121 861 1207 reipublicae
883 1121 1039 1197 felicitati,
1063 1143 1123 1185 nee
1144 1123 1216 1186 sine
1239 1124 1409 1200 uetustatis
1428 1124 1533 1187 iniuria

327 1229 577 1296 saluberrimum
599 1231 790 1294 recentioris
815 1230 931 1293 aetatis
955 1240 1075 1294 statum
1095 1229 1290 1315 praedicari,
1312 1252 1426 1294 uereor
1445 1250 1483 1294 ne
1503 1231 1534 1293 in

326 1338 511 1423 praeconiis
540 1339 747 1422 praesentiae
770 1338 898 1423 passim
927 1335 988 1400 scd
1019 1358 1087 1400 uon
1116 1337 1214 1402 nimis
1244 1339 1426 1423 frequenter
1453 1338 1536 1423 operi

326 1445 480 1509 immixtis
504 1446 664 1508 inuenerit
688 1444 775 1532 quod
805 1467 866 1508 nec
894 1445 982 1508 inest
1003 1465 1064 1507 nec
1096 1444 1169 1508 siue
1199 1445 1337 1531 argutiis
1366 1445 1440 1508 inde
1467 1467 1536 1509 con·

327 1549 413 1618 cludi
435 1563 552 1638 potest.
610 1551 696 1618 Nam
719 1553 748 1616 si
776 1551 823 1627 ll,
861 1554 895 1625 1,
930 1552 998 1615 init.
1027 1552 1183 1637 promittit
1213 1573 1250 1616 se
1277 1564 1487 1618 scrutaturum
1507 1555 1539 1616 in

326 1661 445 1746 priscis
475 1683 514 1725 ac
543 1660 808 1725 memorabilibus
838 1660 991 1724 institutis
1027 1659 1118 1723 urbis
1146 1658 1274 1722 Romae
1311 1671 1343 1722 et
1370 1672 1540 1724 ceterarum

328 1769 475 1856 gentium
500 1768 661 1834 elementa
675 1770 772 1841 uitae,
798 1788 896 1854 quam
920 1765 982 1830 sub
1005 1770 1127 1853 optimo
1151 1768 1297 1853 principe
1321 1767 1446 1830 felicem
1468 1787 1540 1851 egc-

326 1876 390 1940 riut
422 1875 595 1961 aequales,
631 1897 698 1940 non
728 1877 774 1941 ita
805 1886 974 1961 comparat
1001 1885 1171 1961 utrumqne
1198 1875 1340 1940 ciuitatis
1371 1884 1486 1938 statum
1510 1884 1544 1936 nt

328 1992 488 2068 appareat
510 1983 700 2047 recentioris
733 1984 807 2048 aeui
830 1983 1043 2068 praestantia,
1067 1981 1138 2055 sed,
1160 1991 1197 2045 ut
1217 1979 1339 2068 liquide
1363 1980 1452 2054 dicit,
1480 1981 1543 2044 fru-

320 2101 413 2153 ¹ctum
437 2112 459 2153 a
473 2091 661 2175 praeseutia
684 2091 806 2176 percipi
823 2089 891 2153 uult
913 2111 953 2154 ex
974 2088 1060 2152 illius
1077 2090 1193 2152 aetatis
1209 2088 1415 2173 simplicitate
1427 2098 1457 2151 et
1472 2109 1546 2151 can·

325 2196 417 2261 dore.
463 2196 671 2261 Manifestius
688 2199 786 2261 etiam
808 2195 884 2260 huic
901 2196 1048 2282 opinioni
1064 2197 1140 2281 ipsa
1154 2196 1348 2260 aduersatur
1368 2197 1461 2269 ratio,
1485 2217 1549 2280 qua

327 2304 438 2389 priora
452 2303 625 2370 Romanae
640 2303 798 2370 historiae
822 2301 957 2369 saecula
979 2301 1163 2388 perlustrat,
1186 2326 1209 2368 a
1224 2324 1361 2390 quorum
1384 2302 1549 2388 dignitate.

327 2411 512 2498 siquando
537 2410 692 2478 adulandi
723 2413 901 2476 occasione
930 2425 1062 2496 arrepta
1090 2411 1272 2476 Caesarum
1299 2421 1447 2496 tempora
1469 2420 1550 2472 tam·

328 2539 427 2606 quam
455 2518 648 2586 felicissima
678 2520 839 2607 depingit,
872 2540 1053 2607 numquam
1081 2518 1206 2607 aliquid
1240 2529 1379 2584 conatus
1416 2528 1467 2581 est
1496 2516 1552 2579 de-

326 2623 466 2691 trahere.

417 2736 485 2801 Sed
517 2738 673 2824 quoniam
710 2738 744 2801 in
772 2735 860 2801 hanc
894 2759 964 2801 rem
997 2734 1129 2799 deducti
1166 2756 1297 2810 sumne,
1335 2756 1476 2799 necesse
1507 2743 1554 2795 est

326 2854 469 2909 mentem
493 2856 524 2907 et
546 2843 691 2909 indolem
715 2845 884 2930 scriptoris
909 2845 1093 2907 accuratius
1121 2841 1219 2929 paulo
1243 2842 1512 2926 contemplemur.

415 2950 655 3038 Exprobratum
679 2962 729 3017 est
744 2950 880 3016 Valerio
902 2952 1073 3039 ingenium
1089 2948 1210 3013 humile
1235 2958 1267 3012 et
1280 2948 1400 3013 seruile
1424 2958 1554 3032 propter

328 3057 533 3123 adulationes
556 3059 653 3123 foede
678 3070 709 3122 et
731 3058 905 3123 inhoneste
932 3059 967 3121 in
990 3057 1154 3121 Tiberium
1182 3058 1318 3143 eiusque
1341 3056 1480 3119 domum
1504 3077 1554 3119 cu·

327 3166 480 3231 mulatas.
526 3166 595 3232 Nee
622 3168 794 3232 immerite.
846 3164 913 3229 Vix
943 3167 1030 3230 enim
1059 3166 1235 3251 quicquam
1261 3162 1454 3227 illiberalius
1484 3185 1554 3226 esst

327 3286 436 3361 potest
456 3298 556 3363 quam
580 3277 701 3339 nimiae
724 3275 800 3339 illae
824 3285 857 3337 et
871 3274 1017 3338 infinitae
1029 3271 1247 3344 laudationes,
1265 3270 1382 3357 quibus
1400 3280 1458 3333 atet
1484 3269 1554 3333 datr

329 3392 474 3447 autnon
506 3383 584 3448 data
608 3384 784 3447 occasione
822 3382 868 3447 ad
897 3381 1010 3445 sidera
1038 3400 1143 3465 usque
1175 3376 1283 3441 extulit
1313 3379 1554 3461 imperatorem

329 3492 421 3555 cuius
445 3512 593 3555 summus
619 3493 684 3557 iam
708 3503 775 3556 tum
803 3493 904 3564 fruor.
936 3510 1000 3575 quo
1023 3509 1065 3550 ne
1088 3486 1220 3571 proprio
1245 3483 1377 3570 quidem
1400 3485 1554 3570 sanguin

328 3599 483 3685 pepercit,
508 3599 647 3663 insanae
671 3611 845 3686 turpesque
870 3597 1033 3670 libidines.
1058 3593 1176 3681 quibus
1194 3592 1342 3677 Capreae
1366 3593 1503 3677 penitus
1530 3616 1554 3655 s·

328 3706 488 3770 immersit
510 3727 577 3769 non
599 3705 744 3773 latebant
772 3708 807 3769 in
838 3702 975 3769 occulto.
1028 3701 1128 3788 Atqui
1155 3698 1309 3763 Valerius
1340 3700 1554 3765 salubrioren

328 3812 519 3897 principem,
546 3811 725 3879 feliciorem
748 3814 876 3899 imperii
897 3822 1034 3884 statum,
1065 3806 1282 3895 pulchriorem
1314 3826 1415 3891 quarn
1441 3805 1554 3869 'fibert¹

329 3919 482 4005 pietatem
497 3992 501 4003 Α
514 3920 659 4005 cogitare
687 3942 755 3985 non
777 3941 878 4006 posse
904 3919 1042 3991 uidetur,
1073 3934 1211 4001 eumque
1241 3913 1420 3976 etiamnum
1451 3915 1554 3978 uiuur

330 4036 498 4112 tamquam
516 4024 612 4091 deum
629 4027 735 4091 colere
752 4048 818 4091 non
831 4037 1023 4113 aspernatur
1033 4024 1065 4105 ¹).
1089 4021 1169 4088 Item
1185 4020 1318 4084 domum
1332 4019 1554 4107 familiamqu

330 4134 536 4219 imperatoris
561 4136 656 4221 quasi
680 4136 890 4221 praecipuam
910 4136 1056 4198 omnium
1079 4132 1231 4198 uirtutum
1255 4152 1406 4196 normam
1433 4139 1470 4191 et
1496 4148 1554 4213 spe

331 4238 439 4305 culum
473 4242 742 4329 repraesentat²)‚
783 4243 934 4328 inprimis
975 4262 1055 4303 uero
1090 4238 1126 4302 Ο.
1162 4237 1278 4304 lulium
1313 4238 1507 4303 Gaesarem
1547 4260 1554 4292 ε

330 4346 526 4435 Augustum.
552 4373 634 4439 quos
650 4372 717 4417 nen
732 4350 902 4417 hominnm
924 4349 987 4415 sed
1008 4347 1145 4411 deorum
1167 4349 1333 4434 principes
1356 4355 1550 4410 ueneratur

392 4584 423 4688 ἑ)
443 4586 482 4636 Cl'.
500 4586 586 4649 praef.
605 4586 663 4637 libr.
682 4587 702 4671 I.
722 4588 759 4671 ll,
781 4584 804 4644 1,
823 4586 878 4636 init
898 4586 930 4643 11,
949 4580 975 4643 ll,
994 4578 1019 4633 6.
1039 4583 1070 4632 V.
1090 4576 1116 4640 ὖ,
1135 4575 1159 4630 3.
1178 4580 1225 4640 ΙΧ,
1248 4576 1289 4639 ll,
1307 4580 1360 4630 ext
1379 4575 1406 4629 4.
1430 4580 1502 4628 cett.

397 4658 424 4792 tl
442 4651 746 4787 diallhtell'il'dmd
767 4653 907 4785 ligifltn
927 4724 938 4778 t
958 4728 987 4777 a
1002 4722 1029 4777 9.
1053 4726 1110 4783 un.
1128 4718 1155 4783 a.
1173 4719 1199 4777 t.
1224 4724 1280 4784 tui,
1307 4719 1331 4782 7,
1352 4720 1376 4773 r.
1403 4720 1455 4781 vi,
1484 4716 1516 4781 a,
1543 4718 1554 4771 t

332 4796 376 4859 Vl,
396 4794 422 4861 9,
443 4794 483 4852 15.
504 4799 559 4860 Vll¹
581 4796 605 4861 7,
625 4796 651 4855 4.
670 4800 736 4858 Vlll‚
756 4794 781 4859 9,
801 4794 827 4851 3.
845 4799 914 4860 Vlll,
936 4793 977 4858 15,
995 4798 1052 4849 lull.
1070 4796 1132 4847 oeli.
