3409 5400
480 517 564 584 nie.
585 517 675 598 Vin,
699 520 736 586 c.
761 522 814 597 14,
836 519 867 598 ς’.
892 521 1050 588 ι-Ειι.
1075 533 1104 599 r.
1129 525 1175 590 1.x
1362 529 1429 596 ete

100 688 103 728 i
205 677 309 761 equiti
331 674 507 751 ‘Habebia'‚
530 678 649 763 inquit,
673 679 808 744 ‘donum
829 680 893 742 uiri
916 678 1045 747 diuitis'.
1098 678 1196 759 Quod
1216 682 1272 746 nbi
1293 685 1346 750 ille
1374 709 1428 752 ac·

205 783 305 868 cepit,
327 784 472 866 proiecto
495 794 570 846 ante
593 785 695 869 pedes
719 785 857 849 Labieni
890 807 970 850 auro
998 787 1123 850 uultum
1154 788 1293 854 demisit.
1338 790 1428 858 idem

100 938 103 943 ⁴
205 899 243 952 ut
269 887 372 952 audiit
398 887 589 972 Scipionem
619 889 780 956 dicentem
819 890 1008 977 ‘imperator
1038 903 1069 955 te
1099 896 1265 980 argenteis
1294 895 1428 962 armillis

206 992 329 1068 donat',
352 993 463 1058 alacer
485 993 608 1080 gaudio
624 995 713 1060 abiit.
759 996 857 1061 Nulla
880 1009 929 1062 est
944 1019 1025 1084 ergo
1041 1009 1131 1064 tanta
1146 997 1322 1076 humilitas,
1346 1021 1430 1086 quae

99 1123 104 1161 ι
179 1087 380 1162 edulcedine
403 1098 529 1186 gloriae
551 1121 618 1164 non
640 1113 803 1189 tangatur.

294 1201 356 1266 llla
377 1225 455 1268 uero
478 1206 578 1270 etiam
601 1227 622 1269 a
644 1207 742 1271 claris
765 1209 846 1271 uiris
869 1205 1030 1272 interdum
1054 1231 1094 1274 ex
1119 1209 1308 1276 humillimis
1330 1208 1472 1276 robusti.

100 1346 101 1357 .
205 1309 308 1391 petita
330 1319 390 1372 est.
436 1308 522 1375 Nam
546 1311 623 1396 quid
647 1311 711 1376 eibi
733 1313 836 1377 uoluit
859 1313 894 1378 C.
919 1313 1060 1390 Fabius,
1084 1317 1310 1382 nobilissimus
1335 1317 1428 1391 cinis,

206 1415 264 1499 qui
287 1436 361 1480 cum
383 1417 417 1480 in
441 1415 523 1479 aede
546 1415 682 1490 Salutis,
705 1440 805 1503 quam
823 1419 859 1482 C.
883 1417 994 1484 lunius
1018 1419 1185 1486 Bubulcus
1209 1421 1429 1496 dedicauerat,

101 1580 104 1587 .
206 1521 350 1604 parietes
374 1522 543 1606 pinxisset,
566 1543 688 1586 nomen
710 1521 763 1586 his
787 1545 883 1587 suurn
906 1525 1100 1611 inscripsiti
1128 1525 1165 1590 ld
1189 1528 1276 1590 enim
1298 1527 1431 1590 deinum

166 1644 196 1688 so
206 1626 391 1690 ornamenti
412 1627 557 1692 familiae
581 1627 805 1692 consulatibus
833 1639 866 1692 et
888 1630 1089 1710 ssacerdotiis
1119 1643 1150 1694 et
1178 1630 1349 1717 triumphis
1377 1651 1431 1694 ce·

205 1731 400 1795 leberrimae
430 1732 551 1797 deerat.
604 1731 756 1797 Ceterum
784 1732 920 1797 sordido
948 1736 1057 1800 studio
1087 1736 1231 1801 deditum
1260 1737 1430 1825 ingenium

100 1902 103 1912 ,
207 1836 479 1925 qualemcumque
515 1838 605 1904 illum
639 1838 786 1903 laborem
818 1861 915 1904 suum
950 1839 1076 1906 silentio
1106 1841 1282 1907 oblitterari
1316 1841 1430 1919 uoluit,

206 1942 358 2006 uidelicet
372 1942 511 2008 Phidiae
535 1954 665 2008 secutus
682 1944 875 2030 exemplum,
899 1947 953 2031 qui
968 1946 1083 2033 clypeo
1099 1948 1269 2014 Mineruae
1285 1949 1430 2036 effigiem

100 2037 101 2041 ¹
207 2070 304 2113 suam
325 2047 467 2125 inclusit,
491 2071 558 2136 qua
580 2048 740 2116 conuulsa
763 2061 830 2115 tota
852 2053 962 2136 operis
987 2052 1152 2140 colligatio
1177 2054 1368 2119 solueretur.

169 2171 198 2216 is
297 2153 364 2218 Sed
388 2153 506 2219 melius
530 2155 714 2242 aliquanto,
738 2156 768 2220 si
791 2155 900 2220 aliena
921 2157 1099 2224 imitatione
1124 2160 1319 2244 capiebatur,
1344 2153 1509 2225 The-Eat.
1531 2158 1562 2223 1.

207 2257 367 2324 mistoclis
391 2260 544 2324 ardorem
560 2271 648 2325 esset
662 2260 855 2335 aemulatus,
880 2282 978 2347 quem
993 2262 1100 2326 ferunt
1117 2263 1255 2327 stimulis
1276 2265 1430 2327 uirtutum

207 2365 368 2450 agitatum
391 2375 424 2428 et
445 2365 487 2428 ob
511 2365 545 2429 id
567 2377 681 2430 noctes
704 2367 868 2454 inquietas
893 2368 1076 2451 exigentem
1099 2367 1330 2453 quaerentibus
1354 2366 1432 2452 quid

100 2522 101 2559 3
207 2470 254 2533 ita
277 2489 316 2532 eo
340 2478 484 2556 tempore
507 2471 541 2534 in
564 2471 694 2557 publico
717 2482 903 2536 uersaretur
926 2470 1139 2557 respondisse
1170 2470 1269 2552 ‘Quia
1290 2491 1343 2535 me
1366 2481 1432 2534 tro-

100 2632 101 2663 .
207 2595 295 2660 paea
315 2573 472 2639 Miltiadis
496 2574 539 2638 de
561 2598 678 2640 somno
703 2577 862 2642 excitaut'.
908 2575 1083 2642 Marathon
1109 2577 1262 2642 nimirum
1285 2577 1431 2642 animum

209 2731 235 2785 1.
253 2735 341 2785 diuitis
360 2736 409 2785 uiri
431 2732 460 2787 i'.
475 2733 488 2803 ΙΙ
506 2732 532 2786 2.
551 2736 658 2787 labieno
675 2735 708 2789 A.
724 2735 738 2803 ΙΙ
755 2754 849 2788 ιιιιιιιιιι
867 2751 913 2804 pr.
931 2735 963 2788 A.
984 2732 997 2805 ΙΙ
1016 2736 1115 2786 dimisit
1132 2732 1278 2789 ciii'i’or.
1297 2740 1322 2787 et
1335 2750 1379 2803 pr.
1397 2734 1430 2787 Α.

208 2819 258 2857 om.
277 2803 305 2857 F.
316 2802 367 2871 ΙΙ3.
386 2808 487 2856 audiuit
503 2804 632 2873 11111110
650 2822 699 2859 om.
718 2806 750 2859 Γ.
765 2808 777 2873 ΙΙ
792 2807 914 2873 armillis]
935 2809 1022 2857 anulis
1042 2804 1069 2859 F.
1081 2804 1095 2871 ΙΙ
1106 2802 1131 2858 6.
1151 2808 1201 2857 llla
1216 2832 1251 2845 -·
1269 2802 1336 2869 (12.)
1355 2806 1431 2855 oblit-

209 2876 290 2926 terari
308 2876 392 2925 uoluit
409 2891 457 2927 orn.
476 2874 508 2927 Γ.
520 2876 534 2941 ΙΙ
545 2892 563 2925 a
581 2877 674 2943 claris]
697 2879 795 2927 alacris
809 2894 855 2945 pr.
873 2877 906 2929 A.
917 2876 931 2943 ΙΙ
943 2876 968 2930 i.
988 2895 1014 2943 q.
1033 2878 1122 2927 fabius
1140 2873 1239 2943 111118.
1257 2878 1380 2927 bibulcus
1398 2871 1431 2929 F.
1498 2910 1504 2924 .

222 2944 235 3015 ΙΙ
248 2943 274 2998 i.
293 2944 348 3010 his]
363 2949 427 3014 post
444 2960 522 2997 suum
539 2944 576 2997 D.
596 2948 628 2996 iis
646 2944 679 2999 Ε.
698 2949 722 2997 is
741 2945 773 3000 F.
785 2947 800 3015 ΙΙ
817 2947 962 3013 inscripsit]
983 2946 1087 2999 litteras
1104 2949 1158 3011 psit
1174 2946 1203 2996 ia
1221 2943 1367 2999 roaros.
1391 2946 1430 2997 in·

209 3017 301 3069 scribit
320 3014 378 3069 CF.
397 3014 459 3071 odd
478 3018 536 3068 BR.
556 3018 626 3068 uude
645 3019 709 3067 iabit
725 3019 842 3082 pictores
862 3020 987 3068 nominati
1006 3032 1096 3084 murpo
1114 3014 1146 3069 A.
1159 3014 1227 3137 lkltl.
1243 3016 1430 3067 consularibus

208 3084 305 3140 ACD.
319 3084 331 3154 ΙΙ
345 3089 531 3138 saoerdoiibus
548 3085 676 3140 ACDE.
687 3087 701 3153 ΙΙ
713 3089 915 3139 celeberrimum
938 3091 1049 3139 dederat
1071 3084 1155 3138 Aen
1191 3085 1224 3137 F.
1240 3086 1254 3153 ΙΙ
1272 3084 1314 3139 ia.
1338 3088 1429 3138 oblite·

209 3160 263 3209 rari
277 3154 332 3215 (A.)
343 3155 357 3221 ΙΙ
372 3153 412 3208 13.
431 3158 554 3207 uidelicet
571 3184 606 3195 -
624 3160 775 3221 exemplum
794 3158 849 3225 qui]
870 3160 979 3209 Phidias
998 3160 1037 3207 itn
1054 3156 1083 3209 Γ.
1095 3158 1109 3224 ΙΙ
1123 3154 1163 3209 it.
1182 3158 1244 3223 qua]
1264 3160 1293 3206 ut
1311 3172 1345 3209 ea
1361 3154 1393 3209 Γ.
1405 3154 1420 3223 ΙΙ

209 3226 370 3291 solueretur}
396 3223 458 3278 ado.
477 3229 598 3277 laborem
621 3232 698 3277 suum
723 3232 751 3278 et
772 3230 927 3279 industriam
951 3230 1047 3279 nolens
1071 3228 1215 3278 oblitterari
1240 3228 1344 3277 silentio
1364 3224 1421 3292 Γ.11

211 3296 253 3349 lt.
272 3296 327 3346 Sed
343 3322 380 3335 -
398 3292 466 3362 (lii.)
485 3310 565 3357 qoem
584 3297 681 3361 ferunt]
701 3298 901 3348 Themistoclen
920 3300 1002 3349 fertur
1014 3296 1045 3349 Γ.
1058 3294 1071 3364 ΙΙ
1083 3298 1227 3347 imitatione
1245 3296 1334 3346 aliena
1353 3292 1431 3345 Torr.

219 3366 233 3433 ΙΙ
244 3369 340 3429 captus
358 3361 475 3433 111118.
493 3370 590 3429 tropea
606 3365 638 3417 A.
650 3364 664 3431 ΙΙ
677 3364 718 3421 iit.
737 3368 877 3416 miliciadis
891 3380 937 3433 pr.
954 3365 987 3419 A.
1006 3368 1136 3418 milciadis
1154 3379 1223 3416 corr.
1241 3363 1274 3415 A.
1292 3365 1431 3415 mmtladis

208 3434 245 3489 D.
263 3436 431 3487 mallohladis
447 3433 480 3487 F.
491 3435 641 3504 limarthon
656 3450 699 3501 pr.
716 3434 749 3488 A.

278 3572 305 3628 u
323 3577 363 3627 Gi.
381 3577 449 3629 Plin.
467 3576 495 3625 h.
512 3590 538 3627 ιι.
557 3575 669 3632 XXXV,
687 3570 713 3631 4,
732 3574 757 3626 1.

281 3645 310 3699 O.
328 3643 421 3698 inias
436 3642 580 3702 eumen)
598 3648 637 3698 Gi.
656 3647 688 3703 11.
707 3641 733 3703 3.
752 3642 778 3697 o.
796 3646 857 3697 Liu.
876 3646 923 3703 IX,
942 3644 986 3699 ts.
1004 3647 1038 3703 X,
1061 3641 1084 3696 l.

279 3714 463 3769 mmor
481 3714 582 3773 deuoti
604 3718 646 3767 ita
664 3720 771 3767 ueteres
788 3716 842 3766 iam
862 3718 991 3767 editiones
1010 3718 1117 3780 praeter
1134 3718 1318 3785 Mogontinam
1338 3734 1428 3770 eman·

211 3790 306 3839 darunt
329 3790 399 3853 qnod
418 3790 582 3853 archetypus
605 3789 691 3837 codex
708 3787 868 3845 tradiderat,
893 3784 1087 3838 celeberrimum
1105 3784 1221 3840 uanae.
1267 3790 1339 3840 Male
1358 3794 1428 3842 enim

210 3861 257 3918 aio,
276 3861 301 3908 ai
318 3862 409 3911 tamen
426 3859 537 3915 Latine,
556 3859 590 3909 de
607 3872 661 3919 quo
679 3858 802 3919 equidem
821 3858 900 3908 ualde
919 3860 1019 3917 dubito,
1041 3859 1169 3925 languida
1187 3862 1215 3909 et
1232 3862 1347 3909 obscura
1364 3876 1428 3927 gen·

210 3931 263 3980 titis
288 3930 392 3996 gloriae
415 3930 585 3980 denotatione
612 3930 712 3979 ironice
734 3928 835 3978 liabius
865 3928 891 3978 id
920 3932 1103 3989 ornamentum
1127 3929 1255 3996 (gloriam
1283 3944 1298 3980 e
1325 3932 1429 3994 pictura

211 4001 347 4064 adeptam)
365 4004 501 4061 tamqnam
520 4000 697 4049 clarissimum
716 3999 834 4049 familiae
852 4012 920 4049 snae
939 4000 1130 4056 consulatibus,
1153 4001 1321 4057 sacerdotiis,
1337 4003 1427 4051 trium·

211 4071 271 4135 piris
289 4072 399 4121 dedisse
416 4071 445 4133 (i.
458 4085 483 4121 e.
498 4071 643 4134 adiecisse)
661 4071 799 4121 diceretur.
836 4068 905 4119 Nam
919 4066 1099 4121 consularibus
1109 4074 1136 4119 et
1146 4066 1336 4124 racematur.
1358 4074 1427 4136 qnod

211 4142 375 4206 archetypus
392 4142 460 4191 iiber
477 4142 635 4198 exhibebat.
659 4156 713 4191 non
731 4140 873 4191 conuenire
892 4156 951 4190 eum
970 4138 1108 4207 triumphis
1126 4155 1204 4191 nemo
1222 4145 1267 4191 ost
1284 4143 1347 4203 quin
1366 4154 1427 4189 sen·
1492 4198 1496 4207 ¹

211 4214 265 4261 tiat.
302 4213 342 4261 lia
360 4214 453 4262 contra
470 4212 612 4269 sententia,
630 4225 712 4272 quam
729 4214 839 4275 recepta
857 4212 980 4274 exprimit
999 4212 1161 4269 emendatio,
1185 4226 1317 4276 quamque
1336 4223 1427 4259 recen·

210 4284 304 4333 tiorum
327 4283 494 4332 librariorum
523 4282 677 4331 diuinationi
704 4283 847 4338 debemus,
875 4283 947 4331 omni
975 4294 1086 4331 numero
1115 4282 1254 4331 satisfacit.
1300 4280 1428 4328 Similiter

211 4353 333 4404 Valerius
350 4355 455 4403 locutus
473 4357 517 4403 est
533 4354 586 4411 ix,
605 4349 637 4410 2.
654 4349 687 4409 2.
710 4348 745 4401 id
761 4349 829 4403 aia
844 4349 972 4403 maiorm
989 4350 1153 4403 ιιιὶιιπίιιιαι
1169 4356 1231 4401 tuae
1248 4348 1289 4399 rei
1302 4346 1428 4415 publicae

210 4420 307 4476 decrat.
342 4424 470 4474 hiandum
486 4425 514 4474 ln
531 4425 615 4475 uerbo
633 4418 745 4473 dederat
760 4423 870 4474 alterins
892 4424 918 4473 ln
936 4424 1067 4473 adiectiuo
1090 4422 1179 4472 mendi
1202 4434 1288 4470 causa
1306 4419 1427 4468 extitisse

209 4496 320 4546 uidetur.

209 4630 261 4689 Μ
277 4561 403 4616 &delicet
417 4562 650 4687 Phidiaqpeoatar
666 4562 821 4631 coemptam)
843 4564 881 4617 Ct.
907 4565 959 4616 cie.
978 4562 1126 4620 daonii,
1147 4557 1188 4619 li,
1211 4554 1254 4611 13.
1272 4560 1307 4610 id.
1326 4573 1364 4611 or.
1383 4554 1427 4617 itt,

278 4638 306 4687 et
323 4636 403 4690 Tuae.
421 4637 441 4695 l,
462 4633 505 4696 15.

279 4707 339 4759 nxt
358 4704 383 4761 i.
401 4708 440 4761 ct.
456 4707 526 4761 Plat.
543 4706 638 4759 Theoi.
656 4700 683 4760 ³.
701 4706 737 4760 id.
755 4705 885 4772 apophth.
903 4719 962 4773 reg.
980 4704 1008 4754 et
1026 4704 1085 4754 due.
1103 4700 1222 4765 (Theon)
1243 4695 1267 4749 1.

1165 4786 1234 4853 42·
