<?xml version="1.0" encoding="UTF-8"?>
<!DOCTYPE html PUBLIC "-//W3C//DTD XHTML 1.0 Transitional//EN"
    "http://www.w3.org/TR/xhtml1/DTD/xhtml1-transitional.dtd">
<html xmlns="http://www.w3.org/1999/xhtml" xml:lang="en" lang="en">
 <head>
  <title>
</title>
<meta http-equiv="Content-Type" content="text/html;charset=utf-8" />
  <meta name='ocr-system' content='tesseract 3.04.00' />
  <meta name='ocr-capabilities' content='ocr_page ocr_carea ocr_par ocr_line ocrx_word'/>
</head>
<body>
  <div class='ocr_page' id='page_1' title='image "./valerimaximifac00parigoog_0228.png"; bbox 0 0 3409 5400; ppageno 0'>
   <div class='ocr_carea' id='block_1_1' title="bbox 570 506 1476 605">
    <p class='ocr_par' dir='ltr' id='par_1_1' title="bbox 570 506 1476 605">
     <span class='ocr_line' id='line_1_1' title="bbox 570 506 1476 605; baseline 0.008 -33"><span class='ocrx_word' id='word_1_1' title='bbox 570 506 653 573; x_wconf 80' lang='lat' dir='ltr'><strong>nie.</strong></span> <span class='ocrx_word' id='word_1_2' title='bbox 676 506 717 585; x_wconf 90' lang='lat' dir='ltr'><strong>n,</strong></span> <span class='ocrx_word' id='word_1_3' title='bbox 741 508 779 573; x_wconf 86' lang='lat' dir='ltr'><strong>o.</strong></span> <span class='ocrx_word' id='word_1_4' title='bbox 804 510 834 585; x_wconf 80' lang='lat' dir='ltr'><strong>r,</strong></span> <span class='ocrx_word' id='word_1_5' title='bbox 859 517 888 587; x_wconf 72' lang='lat' dir='ltr'><strong>s.</strong></span> <span class='ocrx_word' id='word_1_6' title='bbox 914 508 1078 577; x_wconf 77' lang='lat'>11-15.</span> <span class='ocrx_word' id='word_1_7' title='bbox 1370 514 1435 581; x_wconf 79' lang='lat' dir='ltr'><strong>en</strong></span> <span class='ocrx_word' id='word_1_8' title='bbox 1474 598 1476 605; x_wconf 17' lang='grc' dir='ltr'>ι</span> 
     </span>
    </p>
   </div>
   <div class='ocr_carea' id='block_1_2' title="bbox 166 668 1498 3422">
    <p class='ocr_par' dir='ltr' id='par_1_2' title="bbox 203 668 1436 863">
     <span class='ocr_line' id='line_1_2' title="bbox 203 668 1436 759; baseline 0.003 -24"><span class='ocrx_word' id='word_1_9' title='bbox 203 674 256 735; x_wconf 86' lang='lat' dir='ltr'><strong>irs</strong></span> <span class='ocrx_word' id='word_1_10' title='bbox 293 669 338 733; x_wconf 86' lang='lat' dir='ltr'><strong>ad</strong></span> <span class='ocrx_word' id='word_1_11' title='bbox 372 691 415 733; x_wconf 89' lang='lat' dir='ltr'><strong>ea</strong></span> <span class='ocrx_word' id='word_1_12' title='bbox 446 668 560 744; x_wconf 89' lang='lat' dir='ltr'><strong>liceat,</strong></span> <span class='ocrx_word' id='word_1_13' title='bbox 591 690 678 755; x_wconf 85' lang='lat' dir='ltr'><strong>quae</strong></span> <span class='ocrx_word' id='word_1_14' title='bbox 705 670 778 735; x_wconf 89' lang='lat' dir='ltr'><strong>sine</strong></span> <span class='ocrx_word' id='word_1_15' title='bbox 806 670 987 735; x_wconf 88' lang='lat' dir='ltr'><strong>domestico</strong></span> <span class='ocrx_word' id='word_1_16' title='bbox 1019 670 1154 737; x_wconf 87' lang='lat' dir='ltr'><strong>uulnere</strong></span> <span class='ocrx_word' id='word_1_17' title='bbox 1184 682 1281 759; x_wconf 80' lang='lat' dir='ltr'><strong>gesta</strong></span> <span class='ocrx_word' id='word_1_18' title='bbox 1309 676 1436 739; x_wconf 88' lang='lat' dir='ltr'><strong>narrari</strong></span> 
     </span>
     <span class='ocr_line' id='line_1_3' title="bbox 203 788 360 863; baseline 0 -22"><span class='ocrx_word' id='word_1_19' title='bbox 203 788 360 863; x_wconf 68' lang='lat' dir='ltr'><strong>pomum.</strong></span> 
     </span>
    </p>

    <p class='ocr_par' dir='ltr' id='par_1_3' title="bbox 205 880 1498 1079">
     <span class='ocr_line' id='line_1_4' title="bbox 299 880 1498 971; baseline 0.004 -22"><span class='ocrx_word' id='word_1_20' title='bbox 299 882 388 949; x_wconf 89' lang='lat' dir='ltr'><strong>Nam</strong></span> <span class='ocrx_word' id='word_1_21' title='bbox 409 883 573 968; x_wconf 73' lang='lat' dir='ltr'>posterior</span> <span class='ocrx_word' id='word_1_22' title='bbox 595 880 773 948; x_wconf 80' lang='lat' dir='ltr'><strong>Africanus</strong></span> <span class='ocrx_word' id='word_1_23' title='bbox 802 906 920 949; x_wconf 90' lang='lat' dir='ltr'><strong>euerso</strong></span> <span class='ocrx_word' id='word_1_24' title='bbox 945 884 1069 949; x_wconf 89' lang='lat' dir='ltr'><strong>Punico</strong></span> <span class='ocrx_word' id='word_1_25' title='bbox 1092 884 1229 971; x_wconf 85' lang='lat' dir='ltr'><strong>imperio</strong></span> <span class='ocrx_word' id='word_1_26' title='bbox 1254 898 1435 952; x_wconf 85' lang='lat' dir='ltr'><strong>exterarum</strong></span> <span class='ocrx_word' id='word_1_27' title='bbox 1448 888 1498 953; x_wconf 85' lang='lat' dir='ltr'><strong>is.</strong></span> 
     </span>
     <span class='ocr_line' id='line_1_5' title="bbox 205 988 1434 1079; baseline 0.002 -24"><span class='ocrx_word' id='word_1_28' title='bbox 205 992 359 1078; x_wconf 80' lang='lat' dir='ltr'><strong>gentium</strong></span> <span class='ocrx_word' id='word_1_29' title='bbox 389 992 581 1079; x_wconf 75' lang='lat' dir='ltr'><strong>transfugas</strong></span> <span class='ocrx_word' id='word_1_30' title='bbox 609 990 645 1055; x_wconf 93' lang='lat' dir='ltr'><strong>in</strong></span> <span class='ocrx_word' id='word_1_31' title='bbox 675 988 813 1055; x_wconf 77' lang='lat' dir='ltr'><strong>edendis</strong></span> <span class='ocrx_word' id='word_1_32' title='bbox 840 991 963 1077; x_wconf 89' lang='lat' dir='ltr'><strong>populo</strong></span> <span class='ocrx_word' id='word_1_33' title='bbox 992 990 1189 1078; x_wconf 72' lang='lat' dir='ltr'><strong>spectaculis</strong></span> <span class='ocrx_word' id='word_1_34' title='bbox 1217 992 1303 1057; x_wconf 83' lang='lat' dir='ltr'><strong>feris·</strong></span> <span class='ocrx_word' id='word_1_35' title='bbox 1319 991 1434 1057; x_wconf 85' lang='lat' dir='ltr'><strong>bestiis</strong></span> 
     </span>
    </p>

    <p class='ocr_par' dir='ltr' id='par_1_4' title="bbox 178 1095 1497 1610">
     <span class='ocr_line' id='line_1_6' title="bbox 178 1095 1497 1184; baseline 0.005 -25"><span class='ocrx_word' id='word_1_36' title='bbox 178 1096 340 1171; x_wconf 81' lang='lat' dir='ltr'><strong>sobiecit,</strong></span> <span class='ocrx_word' id='word_1_37' title='bbox 362 1108 396 1160; x_wconf 88' lang='lat' dir='ltr'><strong>et</strong></span> <span class='ocrx_word' id='word_1_38' title='bbox 408 1096 446 1163; x_wconf 82' lang='lat' dir='ltr'><strong>L.</strong></span> <span class='ocrx_word' id='word_1_39' title='bbox 463 1098 588 1163; x_wconf 89' lang='lat' dir='ltr'><strong>Paulus</strong></span> <span class='ocrx_word' id='word_1_40' title='bbox 602 1095 706 1159; x_wconf 87' lang='lat' dir='ltr'><strong>Perse</strong></span> <span class='ocrx_word' id='word_1_41' title='bbox 721 1116 802 1182; x_wconf 81' lang='lat' dir='ltr'><strong>rege</strong></span> <span class='ocrx_word' id='word_1_42' title='bbox 824 1109 979 1184; x_wconf 88' lang='lat' dir='ltr'><strong>superato</strong></span> <span class='ocrx_word' id='word_1_43' title='bbox 995 1097 1143 1163; x_wconf 88' lang='lat' dir='ltr'><strong>eiusdem</strong></span> <span class='ocrx_word' id='word_1_44' title='bbox 1159 1098 1291 1179; x_wconf 67' lang='lat' dir='ltr'><strong>generis</strong></span> <span class='ocrx_word' id='word_1_45' title='bbox 1313 1110 1344 1163; x_wconf 91' lang='lat' dir='ltr'><strong>et</strong></span> <span class='ocrx_word' id='word_1_46' title='bbox 1367 1097 1434 1163; x_wconf 88' lang='lat' dir='ltr'><strong>cul·</strong></span> <span class='ocrx_word' id='word_1_47' title='bbox 1446 1099 1497 1165; x_wconf 87' lang='grc'><strong>14.</strong></span> 
     </span>
     <span class='ocr_line' id='line_1_7' title="bbox 206 1202 1434 1291; baseline 0.002 -24"><span class='ocrx_word' id='word_1_48' title='bbox 206 1226 271 1290; x_wconf 85' lang='lat' dir='ltr'><strong>pac</strong></span> <span class='ocrx_word' id='word_1_49' title='bbox 286 1202 442 1269; x_wconf 87' lang='lat' dir='ltr'><strong>homines</strong></span> <span class='ocrx_word' id='word_1_50' title='bbox 457 1203 641 1290; x_wconf 86' lang='lat' dir='ltr'><strong>elephantis</strong></span> <span class='ocrx_word' id='word_1_51' title='bbox 656 1203 871 1288; x_wconf 88' lang='lat' dir='ltr'><strong>proterendos</strong></span> <span class='ocrx_word' id='word_1_52' title='bbox 895 1206 1083 1280; x_wconf 87' lang='lat' dir='ltr'><strong>substrauit,</strong></span> <span class='ocrx_word' id='word_1_53' title='bbox 1106 1206 1280 1271; x_wconf 89' lang='lat' dir='ltr'><strong>utilissimo</strong></span> <span class='ocrx_word' id='word_1_54' title='bbox 1303 1204 1434 1291; x_wconf 87' lang='lat' dir='ltr'><strong>quidem</strong></span> 
     </span>
     <span class='ocr_line' id='line_1_8' title="bbox 206 1308 1435 1396; baseline 0.002 -22"><span class='ocrx_word' id='word_1_55' title='bbox 206 1310 376 1396; x_wconf 82' lang='lat' dir='ltr'><strong>exemplo,</strong></span> <span class='ocrx_word' id='word_1_56' title='bbox 411 1311 440 1375; x_wconf 87' lang='lat' dir='ltr'><strong>si</strong></span> <span class='ocrx_word' id='word_1_57' title='bbox 470 1321 581 1375; x_wconf 86' lang='lat' dir='ltr'><strong>tamen</strong></span> <span class='ocrx_word' id='word_1_58' title='bbox 611 1320 687 1375; x_wconf 89' lang='lat' dir='ltr'><strong>acta</strong></span> <span class='ocrx_word' id='word_1_59' title='bbox 716 1308 1063 1377; x_wconf 82' lang='lat' dir='ltr'><strong>excellentissimorum</strong></span> <span class='ocrx_word' id='word_1_60' title='bbox 1094 1314 1238 1377; x_wconf 90' lang='lat' dir='ltr'><strong>uirorum</strong></span> <span class='ocrx_word' id='word_1_61' title='bbox 1272 1310 1435 1377; x_wconf 82' lang='lat' dir='ltr'><strong>humiliter</strong></span> 
     </span>
     <span class='ocr_line' id='line_1_9' title="bbox 207 1414 1433 1505; baseline -0.002 -22"><span class='ocrx_word' id='word_1_62' title='bbox 207 1420 388 1483; x_wconf 83' lang='lat' dir='ltr'><strong>aestimare</strong></span> <span class='ocrx_word' id='word_1_63' title='bbox 418 1419 492 1483; x_wconf 86' lang='lat' dir='ltr'><strong>sine</strong></span> <span class='ocrx_word' id='word_1_64' title='bbox 525 1415 721 1481; x_wconf 74' lang='lat' dir='ltr'>insolentiae</span> <span class='ocrx_word' id='word_1_65' title='bbox 754 1414 1014 1502; x_wconf 76' lang='lat' dir='ltr'><strong>reprehensione</strong></span> <span class='ocrx_word' id='word_1_66' title='bbox 1047 1420 1253 1503; x_wconf 72' lang='lat' dir='ltr'><strong>permittitur.⁸</strong></span> <span class='ocrx_word' id='word_1_67' title='bbox 1305 1420 1433 1505; x_wconf 85' lang='lat' dir='ltr'><strong>Aspero</strong></span> 
     </span>
     <span class='ocr_line' id='line_1_10' title="bbox 207 1522 1433 1610; baseline 0 -23"><span class='ocrx_word' id='word_1_68' title='bbox 207 1527 297 1589; x_wconf 89' lang='lat' dir='ltr'><strong>euim</strong></span> <span class='ocrx_word' id='word_1_69' title='bbox 320 1535 354 1587; x_wconf 92' lang='lat' dir='ltr'><strong>ct</strong></span> <span class='ocrx_word' id='word_1_70' title='bbox 375 1524 507 1589; x_wconf 89' lang='lat' dir='ltr'><strong>absciso</strong></span> <span class='ocrx_word' id='word_1_71' title='bbox 531 1522 760 1608; x_wconf 76' lang='lat' dir='ltr'><strong>castigationis</strong></span> <span class='ocrx_word' id='word_1_72' title='bbox 782 1541 906 1608; x_wconf 80' lang='lat' dir='ltr'><strong>genere</strong></span> <span class='ocrx_word' id='word_1_73' title='bbox 927 1522 1076 1588; x_wconf 86' lang='lat' dir='ltr'><strong>militaris</strong></span> <span class='ocrx_word' id='word_1_74' title='bbox 1100 1524 1276 1608; x_wconf 83' lang='lat' dir='ltr'><strong>disciplina</strong></span> <span class='ocrx_word' id='word_1_75' title='bbox 1298 1525 1433 1610; x_wconf 77' lang='lat' dir='ltr'><strong>indiget,</strong></span> 
     </span>
    </p>

    <p class='ocr_par' dir='ltr' id='par_1_5' title="bbox 166 1628 1432 1823">
     <span class='ocr_line' id='line_1_11' title="bbox 166 1628 1432 1718; baseline -0.004 -21"><span class='ocrx_word' id='word_1_76' title='bbox 166 1631 289 1718; x_wconf 79' lang='lat' dir='ltr'><strong>ioquin</strong></span> <span class='ocrx_word' id='word_1_77' title='bbox 311 1632 400 1695; x_wconf 86' lang='lat' dir='ltr'><strong>uires</strong></span> <span class='ocrx_word' id='word_1_78' title='bbox 423 1631 525 1695; x_wconf 88' lang='lat' dir='ltr'><strong>armis</strong></span> <span class='ocrx_word' id='word_1_79' title='bbox 547 1638 709 1693; x_wconf 86' lang='lat' dir='ltr'><strong>constant.</strong></span> <span class='ocrx_word' id='word_1_80' title='bbox 748 1628 844 1709; x_wconf 76' lang='lat' dir='ltr'><strong>Quas</strong></span> <span class='ocrx_word' id='word_1_81' title='bbox 860 1628 915 1693; x_wconf 88' lang='lat' dir='ltr'><strong>ubi</strong></span> <span class='ocrx_word' id='word_1_82' title='bbox 939 1650 960 1695; x_wconf 88' lang='lat' dir='ltr'><strong>a</strong></span> <span class='ocrx_word' id='word_1_83' title='bbox 982 1640 1072 1695; x_wconf 86' lang='lat' dir='ltr'><strong>recto</strong></span> <span class='ocrx_word' id='word_1_84' title='bbox 1096 1641 1208 1693; x_wconf 88' lang='lat' dir='ltr'><strong>tenore</strong></span> <span class='ocrx_word' id='word_1_85' title='bbox 1225 1629 1432 1704; x_wconf 84' lang='lat' dir='ltr'><strong>desciuerint,</strong></span> 
     </span>
     <span class='ocr_line' id='line_1_12' title="bbox 206 1735 867 1823; baseline -0.002 -22"><span class='ocrx_word' id='word_1_86' title='bbox 206 1758 414 1823; x_wconf 82' lang='lat' dir='ltr'><strong>oppressura</strong></span> <span class='ocrx_word' id='word_1_87' title='bbox 435 1746 522 1811; x_wconf 71' lang='lat' dir='ltr'><strong>sunt,</strong></span> <span class='ocrx_word' id='word_1_88' title='bbox 543 1736 610 1801; x_wconf 86' lang='lat' dir='ltr'><strong>nisi</strong></span> <span class='ocrx_word' id='word_1_89' title='bbox 632 1735 867 1821; x_wconf 86' lang='lat' dir='ltr'><strong>opprimantur.</strong></span> 
     </span>
    </p>

    <p class='ocr_par' dir='ltr' id='par_1_6' title="bbox 208 1839 1497 2141">
     <span class='ocr_line' id='line_1_13' title="bbox 298 1839 1497 1930; baseline -0.001 -21"><span class='ocrx_word' id='word_1_90' title='bbox 298 1844 370 1909; x_wconf 89' lang='lat' dir='ltr'><strong>Sed</strong></span> <span class='ocrx_word' id='word_1_91' title='bbox 392 1853 519 1930; x_wconf 84' lang='lat' dir='ltr'><strong>tempus</strong></span> <span class='ocrx_word' id='word_1_92' title='bbox 541 1854 594 1909; x_wconf 90' lang='lat' dir='ltr'><strong>est</strong></span> <span class='ocrx_word' id='word_1_93' title='bbox 616 1862 730 1905; x_wconf 89' lang='lat' dir='ltr'><strong>eorum</strong></span> <span class='ocrx_word' id='word_1_94' title='bbox 759 1863 889 1927; x_wconf 90' lang='lat' dir='ltr'><strong>quoquc</strong></span> <span class='ocrx_word' id='word_1_95' title='bbox 912 1844 1111 1909; x_wconf 90' lang='lat' dir='ltr'><strong>mentionem</strong></span> <span class='ocrx_word' id='word_1_96' title='bbox 1141 1843 1226 1919; x_wconf 83' lang='lat' dir='ltr'><strong>lieri,</strong></span> <span class='ocrx_word' id='word_1_97' title='bbox 1255 1864 1339 1930; x_wconf 91' lang='lat' dir='ltr'><strong>quae</strong></span> <span class='ocrx_word' id='word_1_98' title='bbox 1367 1843 1433 1906; x_wconf 79' lang='lat' dir='ltr'><strong>iam</strong></span> <span class='ocrx_word' id='word_1_99' title='bbox 1445 1839 1497 1908; x_wconf 86' lang='lat'><strong>15.</strong></span> 
     </span>
     <span class='ocr_line' id='line_1_14' title="bbox 208 1948 1432 2036; baseline -0.002 -20"><span class='ocrx_word' id='word_1_100' title='bbox 208 1974 277 2016; x_wconf 93' lang='lat' dir='ltr'><strong>non</strong></span> <span class='ocrx_word' id='word_1_101' title='bbox 299 1972 321 2013; x_wconf 88' lang='lat' dir='ltr'><strong>a</strong></span> <span class='ocrx_word' id='word_1_102' title='bbox 342 1950 485 2035; x_wconf 80' lang='lat' dir='ltr'><strong>singulis</strong></span> <span class='ocrx_word' id='word_1_103' title='bbox 508 1970 622 2014; x_wconf 89' lang='lat' dir='ltr'><strong>uerum</strong></span> <span class='ocrx_word' id='word_1_104' title='bbox 646 1948 689 2015; x_wconf 89' lang='lat' dir='ltr'><strong>ab</strong></span> <span class='ocrx_word' id='word_1_105' title='bbox 705 1949 862 2013; x_wconf 87' lang='lat' dir='ltr'><strong>uniuerso</strong></span> <span class='ocrx_word' id='word_1_106' title='bbox 875 1960 1003 2015; x_wconf 86' lang='lat' dir='ltr'><strong>senatu</strong></span> <span class='ocrx_word' id='word_1_107' title='bbox 1026 1972 1086 2036; x_wconf 89' lang='lat' dir='ltr'><strong>pro</strong></span> <span class='ocrx_word' id='word_1_108' title='bbox 1107 1949 1238 2015; x_wconf 87' lang='lat' dir='ltr'><strong>militari</strong></span> <span class='ocrx_word' id='word_1_109' title='bbox 1260 1970 1351 2014; x_wconf 87' lang='lat' dir='ltr'><strong>more</strong></span> <span class='ocrx_word' id='word_1_110' title='bbox 1375 1948 1432 2013; x_wconf 92' lang='lat' dir='ltr'><strong>ob·</strong></span> 
     </span>
     <span class='ocr_line' id='line_1_15' title="bbox 209 2054 1432 2141; baseline -0.002 -19"><span class='ocrx_word' id='word_1_111' title='bbox 209 2056 344 2122; x_wconf 90' lang='lat' dir='ltr'><strong>tinendo</strong></span> <span class='ocrx_word' id='word_1_112' title='bbox 373 2055 646 2141; x_wconf 80' lang='lat' dir='ltr'><strong>defendendoque</strong></span> <span class='ocrx_word' id='word_1_113' title='bbox 673 2054 902 2119; x_wconf 85' lang='lat' dir='ltr'><strong>administrata</strong></span> <span class='ocrx_word' id='word_1_114' title='bbox 930 2068 1014 2123; x_wconf 90' lang='lat' dir='ltr'><strong>suut.</strong></span> <span class='ocrx_word' id='word_1_115' title='bbox 1049 2056 1087 2121; x_wconf 88' lang='lat' dir='ltr'><strong>L.</strong></span> <span class='ocrx_word' id='word_1_116' title='bbox 1111 2056 1256 2123; x_wconf 86' lang='lat' dir='ltr'><strong>Marcius</strong></span> <span class='ocrx_word' id='word_1_117' title='bbox 1286 2056 1432 2121; x_wconf 88' lang='lat' dir='ltr'><strong>tribunus</strong></span> 
     </span>
    </p>

    <p class='ocr_par' dir='ltr' id='par_1_7' title="bbox 168 2161 1433 2673">
     <span class='ocr_line' id='line_1_16' title="bbox 168 2161 1432 2248; baseline -0.005 -19"><span class='ocrx_word' id='word_1_118' title='bbox 168 2164 357 2237; x_wconf 70' lang='lat' dir='ltr'><strong>remidium,</strong></span> <span class='ocrx_word' id='word_1_119' title='bbox 380 2184 455 2227; x_wconf 90' lang='lat' dir='ltr'><strong>cum</strong></span> <span class='ocrx_word' id='word_1_120' title='bbox 476 2161 635 2248; x_wconf 88' lang='lat' dir='ltr'><strong>reliquias</strong></span> <span class='ocrx_word' id='word_1_121' title='bbox 658 2161 797 2227; x_wconf 85' lang='lat' dir='ltr'><strong>duorum</strong></span> <span class='ocrx_word' id='word_1_122' title='bbox 825 2164 1025 2227; x_wconf 83' lang='lat' dir='ltr'><strong>exercituum</strong></span> <span class='ocrx_word' id='word_1_123' title='bbox 1047 2162 1154 2227; x_wconf 91' lang='lat' dir='ltr'><strong>Publii</strong></span> <span class='ocrx_word' id='word_1_124' title='bbox 1177 2176 1209 2227; x_wconf 90' lang='lat' dir='ltr'><strong>et</strong></span> <span class='ocrx_word' id='word_1_125' title='bbox 1232 2163 1337 2227; x_wconf 87' lang='lat' dir='ltr'><strong>Gnaei</strong></span> <span class='ocrx_word' id='word_1_126' title='bbox 1360 2162 1432 2225; x_wconf 90' lang='lat' dir='ltr'><strong>Sci-</strong></span> 
     </span>
     <span class='ocr_line' id='line_1_17' title="bbox 207 2266 1433 2357; baseline -0.006 -22"><span class='ocrx_word' id='word_1_127' title='bbox 207 2272 355 2357; x_wconf 90' lang='lat' dir='ltr'><strong>pionum,</strong></span> <span class='ocrx_word' id='word_1_128' title='bbox 378 2290 462 2355; x_wconf 91' lang='lat' dir='ltr'><strong>quos</strong></span> <span class='ocrx_word' id='word_1_129' title='bbox 486 2289 579 2335; x_wconf 87' lang='lat' dir='ltr'><strong>arma</strong></span> <span class='ocrx_word' id='word_1_130' title='bbox 593 2266 721 2333; x_wconf 90' lang='lat' dir='ltr'><strong>Punica</strong></span> <span class='ocrx_word' id='word_1_131' title='bbox 743 2268 779 2332; x_wconf 91' lang='lat' dir='ltr'><strong>in</strong></span> <span class='ocrx_word' id='word_1_132' title='bbox 794 2266 956 2351; x_wconf 88' lang='lat' dir='ltr'><strong>Hispania</strong></span> <span class='ocrx_word' id='word_1_133' title='bbox 978 2269 1239 2355; x_wconf 82' lang='lat' dir='ltr'><strong>absumpserant,</strong></span> <span class='ocrx_word' id='word_1_134' title='bbox 1263 2268 1433 2352; x_wconf 87' lang='lat' dir='ltr'><strong>dispersas</strong></span> 
     </span>
     <span class='ocr_line' id='line_1_18' title="bbox 206 2373 1433 2461; baseline -0.006 -20"><span class='ocrx_word' id='word_1_135' title='bbox 206 2378 294 2441; x_wconf 88' lang='lat' dir='ltr'><strong>mira</strong></span> <span class='ocrx_word' id='word_1_136' title='bbox 321 2376 437 2440; x_wconf 70' lang='lat' dir='ltr'><strong>uento</strong></span> <span class='ocrx_word' id='word_1_137' title='bbox 465 2374 656 2461; x_wconf 80' lang='lat' dir='ltr'><strong>collegisset</strong></span> <span class='ocrx_word' id='word_1_138' title='bbox 683 2396 862 2460; x_wconf 84' lang='lat' dir='ltr'><strong>earumque</strong></span> <span class='ocrx_word' id='word_1_139' title='bbox 893 2373 1063 2461; x_wconf 81' lang='lat' dir='ltr'><strong>suffragiis</strong></span> <span class='ocrx_word' id='word_1_140' title='bbox 1088 2373 1153 2437; x_wconf 88' lang='lat' dir='ltr'><strong>dux</strong></span> <span class='ocrx_word' id='word_1_141' title='bbox 1181 2384 1271 2437; x_wconf 88' lang='lat' dir='ltr'><strong>esset</strong></span> <span class='ocrx_word' id='word_1_142' title='bbox 1292 2382 1433 2444; x_wconf 82' lang='lat' dir='ltr'><strong>creatus,</strong></span> 
     </span>
     <span class='ocr_line' id='line_1_19' title="bbox 208 2478 1433 2550; baseline -0.007 -2"><span class='ocrx_word' id='word_1_143' title='bbox 208 2484 339 2548; x_wconf 88' lang='lat' dir='ltr'><strong>senatui</strong></span> <span class='ocrx_word' id='word_1_144' title='bbox 360 2482 403 2545; x_wconf 89' lang='lat' dir='ltr'><strong>de</strong></span> <span class='ocrx_word' id='word_1_145' title='bbox 425 2480 525 2547; x_wconf 90' lang='lat' dir='ltr'><strong>rebus</strong></span> <span class='ocrx_word' id='word_1_146' title='bbox 548 2482 630 2547; x_wconf 91' lang='lat' dir='ltr'><strong>actis</strong></span> <span class='ocrx_word' id='word_1_147' title='bbox 654 2505 676 2545; x_wconf 89' lang='lat' dir='ltr'><strong>a</strong></span> <span class='ocrx_word' id='word_1_148' title='bbox 697 2501 735 2546; x_wconf 89' lang='lat' dir='ltr'><strong>ss</strong></span> <span class='ocrx_word' id='word_1_149' title='bbox 758 2480 908 2544; x_wconf 87' lang='lat' dir='ltr'><strong>scribens</strong></span> <span class='ocrx_word' id='word_1_150' title='bbox 930 2480 964 2543; x_wconf 92' lang='lat' dir='ltr'><strong>in</strong></span> <span class='ocrx_word' id='word_1_151' title='bbox 988 2478 1075 2543; x_wconf 91' lang='lat' dir='ltr'><strong>hunc</strong></span> <span class='ocrx_word' id='word_1_152' title='bbox 1095 2478 1230 2544; x_wconf 88' lang='lat' dir='ltr'><strong>modum</strong></span> <span class='ocrx_word' id='word_1_153' title='bbox 1251 2498 1349 2541; x_wconf 89' lang='lat' dir='ltr'><strong>orsus</strong></span> <span class='ocrx_word' id='word_1_154' title='bbox 1373 2486 1433 2550; x_wconf 82' lang='lat' dir='ltr'><strong>est,</strong></span> 
     </span>
     <span class='ocr_line' id='line_1_20' title="bbox 207 2576 1432 2673; baseline -0.005 -20"><span class='ocrx_word' id='word_1_155' title='bbox 207 2588 257 2654; x_wconf 71' lang='grc' dir='ltr'><strong>ὡ.</strong></span> <span class='ocrx_word' id='word_1_156' title='bbox 280 2588 427 2653; x_wconf 90' lang='lat' dir='ltr'><strong>Marcius</strong></span> <span class='ocrx_word' id='word_1_157' title='bbox 449 2576 510 2673; x_wconf 89' lang='lat' dir='ltr'><strong>pro</strong></span> <span class='ocrx_word' id='word_1_158' title='bbox 532 2588 701 2673; x_wconf 81' lang='lat' dir='ltr'><strong>praetore&#39;.</strong></span> <span class='ocrx_word' id='word_1_159' title='bbox 755 2585 856 2651; x_wconf 77' lang='lat' dir='ltr'><strong>Gtiius</strong></span> <span class='ocrx_word' id='word_1_160' title='bbox 879 2584 1015 2652; x_wconf 78' lang='lat' dir='ltr'><strong>lionoris</strong></span> <span class='ocrx_word' id='word_1_161' title='bbox 1040 2586 1251 2671; x_wconf 89' lang='lat' dir='ltr'><strong>usurpatione</strong></span> <span class='ocrx_word' id='word_1_162' title='bbox 1279 2585 1325 2653; x_wconf 89' lang='lat' dir='ltr'><strong>uti</strong></span> <span class='ocrx_word' id='word_1_163' title='bbox 1357 2604 1432 2647; x_wconf 89' lang='lat' dir='ltr'><strong>eum</strong></span> 
     </span>
    </p>

    <p class='ocr_par' dir='ltr' id='par_1_8' title="bbox 169 2692 1467 3209">
     <span class='ocr_line' id='line_1_21' title="bbox 169 2692 1434 2783; baseline -0.009 -17"><span class='ocrx_word' id='word_1_164' title='bbox 169 2696 357 2783; x_wconf 75' lang='lat' dir='ltr'><strong>mpatribus</strong></span> <span class='ocrx_word' id='word_1_165' title='bbox 387 2695 584 2781; x_wconf 89' lang='lat' dir='ltr'><strong>conscriptis</strong></span> <span class='ocrx_word' id='word_1_166' title='bbox 613 2717 680 2760; x_wconf 93' lang='lat' dir='ltr'><strong>non</strong></span> <span class='ocrx_word' id='word_1_167' title='bbox 707 2695 842 2780; x_wconf 70' lang='lat' dir='ltr'><strong>plausit,</strong></span> <span class='ocrx_word' id='word_1_168' title='bbox 878 2694 955 2782; x_wconf 90' lang='lat' dir='ltr'><strong>quia</strong></span> <span class='ocrx_word' id='word_1_169' title='bbox 982 2693 1085 2758; x_wconf 89' lang='lat' dir='ltr'><strong>duces</strong></span> <span class='ocrx_word' id='word_1_170' title='bbox 1115 2715 1136 2757; x_wconf 90' lang='lat' dir='ltr'><strong>a</strong></span> <span class='ocrx_word' id='word_1_171' title='bbox 1164 2692 1285 2780; x_wconf 90' lang='lat' dir='ltr'><strong>populo</strong></span> <span class='ocrx_word' id='word_1_172' title='bbox 1316 2713 1383 2757; x_wconf 92' lang='lat' dir='ltr'><strong>non</strong></span> <span class='ocrx_word' id='word_1_173' title='bbox 1413 2713 1434 2756; x_wconf 89' lang='lat' dir='ltr'><strong>a</strong></span> 
     </span>
     <span class='ocr_line' id='line_1_22' title="bbox 207 2797 1467 2899; baseline -0.007 -30"><span class='ocrx_word' id='word_1_174' title='bbox 207 2801 365 2869; x_wconf 86' lang='lat' dir='ltr'><strong>militibus</strong></span> <span class='ocrx_word' id='word_1_175' title='bbox 388 2804 494 2867; x_wconf 87' lang='lat' dir='ltr'><strong>creari</strong></span> <span class='ocrx_word' id='word_1_176' title='bbox 516 2803 669 2868; x_wconf 87' lang='lat' dir='ltr'><strong>solerent.</strong></span> <span class='ocrx_word' id='word_1_177' title='bbox 715 2806 791 2884; x_wconf 84' lang='lat' dir='ltr'><strong>Quo</strong></span> <span class='ocrx_word' id='word_1_178' title='bbox 813 2812 959 2886; x_wconf 89' lang='lat' dir='ltr'><strong>tempore</strong></span> <span class='ocrx_word' id='word_1_179' title='bbox 984 2813 1048 2866; x_wconf 86' lang='lat' dir='ltr'><strong>tarn</strong></span> <span class='ocrx_word' id='word_1_180' title='bbox 1073 2811 1226 2888; x_wconf 81' lang='lat' dir='ltr'><strong>angusto,</strong></span> <span class='ocrx_word' id='word_1_181' title='bbox 1249 2811 1316 2866; x_wconf 89' lang='lat' dir='ltr'><strong>tam</strong></span> <span class='ocrx_word' id='word_1_182' title='bbox 1340 2797 1467 2899; x_wconf 57' lang='lat' dir='ltr'><strong>grauis</strong></span> 
     </span>
     <span class='ocr_line' id='line_1_23' title="bbox 207 2905 1433 2997; baseline -0.006 -23"><span class='ocrx_word' id='word_1_183' title='bbox 207 2921 342 2997; x_wconf 88' lang='lat' dir='ltr'><strong>propter</strong></span> <span class='ocrx_word' id='word_1_184' title='bbox 371 2911 505 2974; x_wconf 92' lang='lat' dir='ltr'><strong>inmane</strong></span> <span class='ocrx_word' id='word_1_185' title='bbox 538 2911 587 2974; x_wconf 91' lang='lat' dir='ltr'><strong>rei</strong></span> <span class='ocrx_word' id='word_1_186' title='bbox 614 2908 764 2996; x_wconf 87' lang='lat' dir='ltr'><strong>publicae</strong></span> <span class='ocrx_word' id='word_1_187' title='bbox 799 2909 956 2974; x_wconf 87' lang='lat' dir='ltr'><strong>damnum</strong></span> <span class='ocrx_word' id='word_1_188' title='bbox 988 2909 1086 2972; x_wconf 89' lang='lat' dir='ltr'><strong>ctiam</strong></span> <span class='ocrx_word' id='word_1_189' title='bbox 1122 2908 1268 2973; x_wconf 87' lang='lat' dir='ltr'><strong>tribunus</strong></span> <span class='ocrx_word' id='word_1_190' title='bbox 1296 2905 1433 2972; x_wconf 88' lang='lat' dir='ltr'><strong>militum</strong></span> 
     </span>
     <span class='ocr_line' id='line_1_24' title="bbox 207 3011 1433 3102; baseline -0.005 -20"><span class='ocrx_word' id='word_1_191' title='bbox 207 3015 397 3082; x_wconf 84' lang='lat' dir='ltr'><strong>adulandus</strong></span> <span class='ocrx_word' id='word_1_192' title='bbox 433 3029 520 3091; x_wconf 83' lang='lat' dir='ltr'><strong>erat,</strong></span> <span class='ocrx_word' id='word_1_193' title='bbox 559 3017 716 3102; x_wconf 89' lang='lat' dir='ltr'><strong>quoniam</strong></span> <span class='ocrx_word' id='word_1_194' title='bbox 751 3015 883 3102; x_wconf 90' lang='lat' dir='ltr'><strong>quidem</strong></span> <span class='ocrx_word' id='word_1_195' title='bbox 918 3014 961 3079; x_wconf 88' lang='lat' dir='ltr'><strong>ad</strong></span> <span class='ocrx_word' id='word_1_196' title='bbox 997 3025 1115 3080; x_wconf 86' lang='lat' dir='ltr'><strong>statum</strong></span> <span class='ocrx_word' id='word_1_197' title='bbox 1155 3017 1253 3080; x_wconf 91' lang='lat' dir='ltr'><strong>totius</strong></span> <span class='ocrx_word' id='word_1_198' title='bbox 1293 3011 1433 3078; x_wconf 87' lang='lat' dir='ltr'><strong>ciuitatis</strong></span> 
     </span>
     <span class='ocr_line' id='line_1_25' title="bbox 206 3119 1434 3209; baseline -0.002 -23"><span class='ocrx_word' id='word_1_199' title='bbox 206 3123 442 3209; x_wconf 70' lang='lat' dir='ltr'><strong>corrigendum</strong></span> <span class='ocrx_word' id='word_1_200' title='bbox 465 3145 551 3188; x_wconf 89' lang='lat' dir='ltr'><strong>unus</strong></span> <span class='ocrx_word' id='word_1_201' title='bbox 566 3123 753 3188; x_wconf 86' lang='lat' dir='ltr'><strong>suffecerat.</strong></span> <span class='ocrx_word' id='word_1_202' title='bbox 798 3121 868 3186; x_wconf 85' lang='lat' dir='ltr'><strong>Sed</strong></span> <span class='ocrx_word' id='word_1_203' title='bbox 891 3119 981 3187; x_wconf 90' lang='lat' dir='ltr'><strong>nulla</strong></span> <span class='ocrx_word' id='word_1_204' title='bbox 998 3121 1120 3198; x_wconf 85' lang='lat' dir='ltr'><strong>clades,</strong></span> <span class='ocrx_word' id='word_1_205' title='bbox 1145 3121 1268 3187; x_wconf 88' lang='lat' dir='ltr'><strong>nullum</strong></span> <span class='ocrx_word' id='word_1_206' title='bbox 1282 3121 1434 3187; x_wconf 86' lang='lat' dir='ltr'><strong>meritum</strong></span> 
     </span>
    </p>

    <p class='ocr_par' dir='ltr' id='par_1_9' title="bbox 168 3229 812 3314">
     <span class='ocr_line' id='line_1_26' title="bbox 168 3229 812 3314; baseline 0 -18"><span class='ocrx_word' id='word_1_207' title='bbox 168 3229 373 3296; x_wconf 77' lang='lat' dir='ltr'><strong>tsualontius</strong></span> <span class='ocrx_word' id='word_1_208' title='bbox 396 3230 526 3296; x_wconf 85' lang='lat' dir='ltr'><strong>militari</strong></span> <span class='ocrx_word' id='word_1_209' title='bbox 549 3229 723 3314; x_wconf 90' lang='lat' dir='ltr'><strong>disciplina</strong></span> <span class='ocrx_word' id='word_1_210' title='bbox 744 3229 812 3296; x_wconf 81' lang='lat' dir='ltr'><strong>fuit</strong></span> 
     </span>
    </p>

    <p class='ocr_par' dir='ltr' id='par_1_10' title="bbox 301 3331 1433 3422">
     <span class='ocr_line' id='line_1_27' title="bbox 301 3331 1433 3422; baseline -0.007 -21"><span class='ocrx_word' id='word_1_211' title='bbox 301 3336 519 3402; x_wconf 89' lang='lat' dir='ltr'><strong>Succurrebat</strong></span> <span class='ocrx_word' id='word_1_212' title='bbox 544 3337 633 3402; x_wconf 91' lang='lat' dir='ltr'><strong>enim</strong></span> <span class='ocrx_word' id='word_1_213' title='bbox 660 3335 724 3400; x_wconf 93' lang='lat' dir='ltr'><strong>illis</strong></span> <span class='ocrx_word' id='word_1_214' title='bbox 759 3357 859 3422; x_wconf 87' lang='lat' dir='ltr'><strong>quam</strong></span> <span class='ocrx_word' id='word_1_215' title='bbox 888 3335 1041 3402; x_wconf 87' lang='lat' dir='ltr'><strong>animosa</strong></span> <span class='ocrx_word' id='word_1_216' title='bbox 1062 3337 1236 3402; x_wconf 88' lang='lat' dir='ltr'><strong>seueritate</strong></span> <span class='ocrx_word' id='word_1_217' title='bbox 1259 3331 1433 3396; x_wconf 88' lang='lat' dir='ltr'><strong>Tarentino</strong></span> 
     </span>
    </p>
   </div>
   <div class='ocr_carea' id='block_1_3' title="bbox 206 3537 1435 4114">
    <p class='ocr_par' dir='ltr' id='par_1_11' title="bbox 206 3537 1435 4114">
     <span class='ocr_line' id='line_1_28' title="bbox 207 3537 1433 3618; baseline -0.011 -16"><span class='ocrx_word' id='word_1_218' title='bbox 207 3547 235 3607; x_wconf 76' lang='lat'><strong>3.</strong></span> <span class='ocrx_word' id='word_1_219' title='bbox 255 3551 282 3615; x_wconf 56' lang='grc' dir='ltr'>ι</span> <span class='ocrx_word' id='word_1_220' title='bbox 303 3545 345 3602; x_wconf 83' lang='lat' dir='ltr'><strong>ie.</strong></span> <span class='ocrx_word' id='word_1_221' title='bbox 363 3565 411 3602; x_wconf 69' lang='lat' dir='ltr'><strong>om</strong></span> <span class='ocrx_word' id='word_1_222' title='bbox 430 3547 490 3618; x_wconf 81' lang='grc' dir='ltr'><strong>Γ.ΙΙ</strong></span> <span class='ocrx_word' id='word_1_223' title='bbox 508 3546 534 3601; x_wconf 78' lang='grc'><strong>5.</strong></span> <span class='ocrx_word' id='word_1_224' title='bbox 553 3551 680 3602; x_wconf 84' lang='lat' dir='ltr'><strong>obiecerit</strong></span> <span class='ocrx_word' id='word_1_225' title='bbox 691 3546 752 3608; x_wconf 75' lang='lat' dir='ltr'><strong>(litt.</strong></span> <span class='ocrx_word' id='word_1_226' title='bbox 770 3552 835 3600; x_wconf 85' lang='lat' dir='ltr'><strong>ecrit</strong></span> <span class='ocrx_word' id='word_1_227' title='bbox 852 3548 882 3598; x_wconf 78' lang='lat' dir='ltr'><strong>ia</strong></span> <span class='ocrx_word' id='word_1_228' title='bbox 898 3561 1003 3604; x_wconf 72' lang='lat' dir='ltr'><strong>rasura.</strong></span> <span class='ocrx_word' id='word_1_229' title='bbox 1022 3545 1055 3600; x_wconf 86' lang='grc' dir='ltr'><strong>Β.</strong></span> <span class='ocrx_word' id='word_1_230' title='bbox 1068 3546 1081 3614; x_wconf 87' lang='grc' dir='ltr'><strong>ΙΙ</strong></span> <span class='ocrx_word' id='word_1_231' title='bbox 1098 3549 1124 3610; x_wconf 66' lang='grc'><strong>5.</strong></span> <span class='ocrx_word' id='word_1_232' title='bbox 1147 3542 1186 3597; x_wconf 77' lang='lat' dir='ltr'><strong>it.</strong></span> <span class='ocrx_word' id='word_1_233' title='bbox 1205 3559 1256 3596; x_wconf 86' lang='lat' dir='ltr'><strong>om.</strong></span> <span class='ocrx_word' id='word_1_234' title='bbox 1273 3539 1304 3594; x_wconf 85' lang='grc' dir='ltr'><strong>Γ.</strong></span> <span class='ocrx_word' id='word_1_235' title='bbox 1317 3537 1368 3610; x_wconf 78' lang='grc'><strong>1111.</strong></span> <span class='ocrx_word' id='word_1_236' title='bbox 1386 3543 1433 3590; x_wconf 88' lang='lat' dir='ltr'><strong>ob·</strong></span> 
     </span>
     <span class='ocr_line' id='line_1_29' title="bbox 207 3612 1435 3688; baseline -0.012 -14"><span class='ocrx_word' id='word_1_237' title='bbox 207 3624 336 3674; x_wconf 81' lang='lat' dir='ltr'><strong>terendos</strong></span> <span class='ocrx_word' id='word_1_238' title='bbox 355 3620 418 3673; x_wconf 80' lang='lat' dir='ltr'><strong>Por.</strong></span> <span class='ocrx_word' id='word_1_239' title='bbox 429 3619 480 3686; x_wconf 82' lang='grc'><strong>118.</strong></span> <span class='ocrx_word' id='word_1_240' title='bbox 499 3620 616 3688; x_wconf 81' lang='lat' dir='ltr'><strong>Aspero]</strong></span> <span class='ocrx_word' id='word_1_241' title='bbox 636 3619 664 3669; x_wconf 74' lang='lat' dir='ltr'><strong>in</strong></span> <span class='ocrx_word' id='word_1_242' title='bbox 681 3633 780 3671; x_wconf 72' lang='lat' dir='ltr'><strong>recuro</strong></span> <span class='ocrx_word' id='word_1_243' title='bbox 799 3619 828 3672; x_wconf 83' lang='lat' dir='ltr'><strong>C·</strong></span> <span class='ocrx_word' id='word_1_244' title='bbox 842 3616 855 3683; x_wconf 88' lang='grc' dir='ltr'><strong>ΙΙ</strong></span> <span class='ocrx_word' id='word_1_245' title='bbox 872 3615 911 3670; x_wconf 85' lang='lat' dir='ltr'><strong>io.</strong></span> <span class='ocrx_word' id='word_1_246' title='bbox 931 3635 949 3668; x_wconf 84' lang='lat' dir='ltr'><strong>a</strong></span> <span class='ocrx_word' id='word_1_247' title='bbox 960 3617 1044 3682; x_wconf 88' lang='lat' dir='ltr'><strong>recto]</strong></span> <span class='ocrx_word' id='word_1_248' title='bbox 1059 3619 1165 3680; x_wconf 81' lang='lat' dir='ltr'><strong>arrepto</strong></span> <span class='ocrx_word' id='word_1_249' title='bbox 1182 3613 1218 3670; x_wconf 79' lang='grc'><strong>11.</strong></span> <span class='ocrx_word' id='word_1_250' title='bbox 1230 3613 1244 3681; x_wconf 80' lang='grc' dir='ltr'><strong>ΙΙ</strong></span> <span class='ocrx_word' id='word_1_251' title='bbox 1256 3612 1435 3676; x_wconf 77' lang='lat' dir='ltr'><strong>desciptiorlnt</strong></span> 
     </span>
     <span class='ocr_line' id='line_1_30' title="bbox 208 3683 1434 3760; baseline -0.012 -14"><span class='ocrx_word' id='word_1_252' title='bbox 208 3692 244 3746; x_wconf 82' lang='grc' dir='ltr'><strong>Ε.</strong></span> <span class='ocrx_word' id='word_1_253' title='bbox 264 3694 434 3743; x_wconf 83' lang='lat' dir='ltr'><strong>desciuerunt</strong></span> <span class='ocrx_word' id='word_1_254' title='bbox 454 3691 531 3744; x_wconf 80' lang='lat' dir='ltr'><strong>Yorr.</strong></span> <span class='ocrx_word' id='word_1_255' title='bbox 542 3692 555 3760; x_wconf 81' lang='grc' dir='ltr'><strong>ΙΙ</strong></span> <span class='ocrx_word' id='word_1_256' title='bbox 570 3690 611 3744; x_wconf 72' lang='lat' dir='ltr'><strong>is.</strong></span> <span class='ocrx_word' id='word_1_257' title='bbox 628 3691 682 3742; x_wconf 80' lang='lat' dir='ltr'><strong>see</strong></span> <span class='ocrx_word' id='word_1_258' title='bbox 695 3719 730 3728; x_wconf 88' lang='lat'>-</span> <span class='ocrx_word' id='word_1_259' title='bbox 743 3687 811 3755; x_wconf 71' lang='lat'><strong>(25.)</strong></span> <span class='ocrx_word' id='word_1_260' title='bbox 824 3689 964 3752; x_wconf 81' lang='lat' dir='ltr'><strong>disciplina</strong></span> <span class='ocrx_word' id='word_1_261' title='bbox 977 3689 1026 3738; x_wconf 82' lang='lat' dir='ltr'><strong>fult</strong></span> <span class='ocrx_word' id='word_1_262' title='bbox 1037 3701 1086 3738; x_wconf 84' lang='lat' dir='ltr'><strong>ont.</strong></span> <span class='ocrx_word' id='word_1_263' title='bbox 1099 3685 1131 3739; x_wconf 83' lang='grc' dir='ltr'><strong>Γ.</strong></span> <span class='ocrx_word' id='word_1_264' title='bbox 1144 3686 1157 3754; x_wconf 85' lang='grc' dir='ltr'><strong>ΙΙ</strong></span> <span class='ocrx_word' id='word_1_265' title='bbox 1171 3683 1210 3738; x_wconf 78' lang='lat' dir='ltr'><strong>it.</strong></span> <span class='ocrx_word' id='word_1_266' title='bbox 1224 3683 1434 3738; x_wconf 79' lang='lat' dir='ltr'><strong>administranda</strong></span> 
     </span>
     <span class='ocr_line' id='line_1_31' title="bbox 208 3754 1433 3830; baseline -0.01 -15"><span class='ocrx_word' id='word_1_267' title='bbox 208 3761 266 3815; x_wconf 76' lang='lat' dir='ltr'><strong>AB</strong></span> <span class='ocrx_word' id='word_1_268' title='bbox 283 3768 309 3814; x_wconf 83' lang='lat' dir='ltr'><strong>et</strong></span> <span class='ocrx_word' id='word_1_269' title='bbox 321 3775 368 3830; x_wconf 78' lang='lat' dir='ltr'><strong>pr.</strong></span> <span class='ocrx_word' id='word_1_270' title='bbox 388 3761 417 3815; x_wconf 81' lang='lat' dir='ltr'><strong>G.</strong></span> <span class='ocrx_word' id='word_1_271' title='bbox 428 3761 443 3828; x_wconf 89' lang='grc' dir='ltr'><strong>ΙΙ</strong></span> <span class='ocrx_word' id='word_1_272' title='bbox 455 3781 489 3814; x_wconf 88' lang='lat' dir='ltr'><strong>m.</strong></span> <span class='ocrx_word' id='word_1_273' title='bbox 508 3764 624 3813; x_wconf 85' lang='lat' dir='ltr'><strong>marcius</strong></span> <span class='ocrx_word' id='word_1_274' title='bbox 642 3759 677 3814; x_wconf 80' lang='grc' dir='ltr'><strong>Ε.</strong></span> <span class='ocrx_word' id='word_1_275' title='bbox 689 3760 703 3828; x_wconf 83' lang='grc' dir='ltr'><strong>ΙΙ</strong></span> <span class='ocrx_word' id='word_1_276' title='bbox 717 3759 756 3814; x_wconf 89' lang='grc'><strong>111.</strong></span> <span class='ocrx_word' id='word_1_277' title='bbox 775 3760 928 3825; x_wconf 81' lang='lat' dir='ltr'><strong>hispaniam</strong></span> <span class='ocrx_word' id='word_1_278' title='bbox 947 3755 1016 3812; x_wconf 77' lang='grc' dir='ltr'><strong>ΑΒ.</strong></span> <span class='ocrx_word' id='word_1_279' title='bbox 1032 3771 1077 3826; x_wconf 83' lang='lat' dir='ltr'><strong>pr.</strong></span> <span class='ocrx_word' id='word_1_280' title='bbox 1099 3756 1135 3812; x_wconf 77' lang='grc'><strong>0.</strong></span> <span class='ocrx_word' id='word_1_281' title='bbox 1156 3771 1225 3810; x_wconf 78' lang='lat' dir='ltr'><strong>corr.</strong></span> <span class='ocrx_word' id='word_1_282' title='bbox 1243 3754 1280 3809; x_wconf 88' lang='lat' dir='ltr'><strong>D.</strong></span> <span class='ocrx_word' id='word_1_283' title='bbox 1298 3754 1311 3822; x_wconf 86' lang='grc' dir='ltr'><strong>ΙΙ</strong></span> <span class='ocrx_word' id='word_1_284' title='bbox 1328 3768 1433 3806; x_wconf 81' lang='lat' dir='ltr'><strong>assum·</strong></span> 
     </span>
     <span class='ocr_line' id='line_1_32' title="bbox 207 3825 1434 3901; baseline -0.007 -16"><span class='ocrx_word' id='word_1_285' title='bbox 207 3837 322 3899; x_wconf 72' lang='lat' dir='ltr'><strong>patrant</strong></span> <span class='ocrx_word' id='word_1_286' title='bbox 340 3829 400 3886; x_wconf 77' lang='grc' dir='ltr'><strong>ΟΕ.</strong></span> <span class='ocrx_word' id='word_1_287' title='bbox 412 3835 426 3901; x_wconf 83' lang='grc' dir='ltr'><strong>ΙΙ</strong></span> <span class='ocrx_word' id='word_1_288' title='bbox 437 3836 562 3899; x_wconf 81' lang='lat' dir='ltr'><strong>dispersa</strong></span> <span class='ocrx_word' id='word_1_289' title='bbox 579 3832 602 3884; x_wconf 83' lang='grc' dir='ltr'><em>Δ</em></span> <span class='ocrx_word' id='word_1_290' title='bbox 620 3837 646 3883; x_wconf 81' lang='lat' dir='ltr'><strong>et</strong></span> <span class='ocrx_word' id='word_1_291' title='bbox 658 3845 704 3899; x_wconf 82' lang='lat' dir='ltr'><strong>pr.</strong></span> <span class='ocrx_word' id='word_1_292' title='bbox 725 3830 781 3901; x_wconf 84' lang='lat' dir='ltr'><strong>⁰·l</strong></span> <span class='ocrx_word' id='word_1_293' title='bbox 799 3828 838 3884; x_wconf 77' lang='lat' dir='ltr'><strong>ie.</strong></span> <span class='ocrx_word' id='word_1_294' title='bbox 858 3845 925 3880; x_wconf 89' lang='lat' dir='ltr'><strong>usus</strong></span> <span class='ocrx_word' id='word_1_295' title='bbox 944 3828 1008 3882; x_wconf 84' lang='lat' dir='ltr'><strong>Por.</strong></span> <span class='ocrx_word' id='word_1_296' title='bbox 1023 3828 1036 3894; x_wconf 83' lang='grc' dir='ltr'><strong>ΙΙ</strong></span> <span class='ocrx_word' id='word_1_297' title='bbox 1060 3825 1099 3882; x_wconf 80' lang='lat' dir='ltr'><strong>ii.</strong></span> <span class='ocrx_word' id='word_1_298' title='bbox 1118 3830 1149 3880; x_wconf 80' lang='grc'><strong>1..</strong></span> <span class='ocrx_word' id='word_1_299' title='bbox 1168 3827 1297 3894; x_wconf 81' lang='lat' dir='ltr'><strong>Marcius]</strong></span> <span class='ocrx_word' id='word_1_300' title='bbox 1317 3829 1434 3878; x_wconf 65' lang='lat' dir='ltr'><strong>marcinus</strong></span> 
     </span>
     <span class='ocr_line' id='line_1_33' title="bbox 207 3895 1434 3975; baseline -0.007 -20"><span class='ocrx_word' id='word_1_301' title='bbox 207 3907 333 3956; x_wconf 81' lang='lat' dir='ltr'><strong>tribunus</strong></span> <span class='ocrx_word' id='word_1_302' title='bbox 350 3903 387 3957; x_wconf 81' lang='grc' dir='ltr'><strong>Ε.</strong></span> <span class='ocrx_word' id='word_1_303' title='bbox 402 3901 414 3975; x_wconf 74' lang='grc' dir='ltr'><strong>ΙΙ</strong></span> <span class='ocrx_word' id='word_1_304' title='bbox 428 3907 587 3970; x_wconf 80' lang='lat' dir='ltr'><strong>propraetor</strong></span> <span class='ocrx_word' id='word_1_305' title='bbox 604 3903 669 3972; x_wconf 74' lang='lat' dir='ltr'><strong>D.ll</strong></span> <span class='ocrx_word' id='word_1_306' title='bbox 688 3901 732 3957; x_wconf 78' lang='lat'><strong>21.</strong></span> <span class='ocrx_word' id='word_1_307' title='bbox 751 3901 881 3973; x_wconf 76' lang='lat' dir='ltr'><strong>angusto]</strong></span> <span class='ocrx_word' id='word_1_308' title='bbox 900 3901 998 3952; x_wconf 89' lang='lat' dir='ltr'><strong>iniusto</strong></span> <span class='ocrx_word' id='word_1_309' title='bbox 1015 3897 1047 3951; x_wconf 82' lang='lat' dir='ltr'><strong>A.</strong></span> <span class='ocrx_word' id='word_1_310' title='bbox 1072 3901 1160 3952; x_wconf 85' lang='lat' dir='ltr'><strong>inusto</strong></span> <span class='ocrx_word' id='word_1_311' title='bbox 1179 3897 1273 3952; x_wconf 79' lang='lat' dir='ltr'><strong>Bon.</strong></span> <span class='ocrx_word' id='word_1_312' title='bbox 1293 3901 1379 3950; x_wconf 85' lang='lat' dir='ltr'><strong>mesto</strong></span> <span class='ocrx_word' id='word_1_313' title='bbox 1398 3895 1434 3950; x_wconf 83' lang='grc' dir='ltr'><strong>Ε.</strong></span> 
     </span>
     <span class='ocr_line' id='line_1_34' title="bbox 218 3965 1434 4044; baseline -0.003 -18"><span class='ocrx_word' id='word_1_314' title='bbox 218 3977 234 4044; x_wconf 83' lang='grc' dir='ltr'><strong>ΙΙ</strong></span> <span class='ocrx_word' id='word_1_315' title='bbox 246 3991 326 4041; x_wconf 77' lang='lat' dir='ltr'><strong>quam</strong></span> <span class='ocrx_word' id='word_1_316' title='bbox 346 3977 424 4043; x_wconf 78' lang='lat' dir='ltr'><strong>graui</strong></span> <span class='ocrx_word' id='word_1_317' title='bbox 442 3991 512 4028; x_wconf 81' lang='lat' dir='ltr'><strong>corr.</strong></span> <span class='ocrx_word' id='word_1_318' title='bbox 533 3974 562 4028; x_wconf 83' lang='lat' dir='ltr'><strong>G.</strong></span> <span class='ocrx_word' id='word_1_319' title='bbox 581 3978 689 4038; x_wconf 79' lang='lat' dir='ltr'><strong>tamque</strong></span> <span class='ocrx_word' id='word_1_320' title='bbox 706 3977 784 4044; x_wconf 76' lang='lat' dir='ltr'><strong>graui</strong></span> <span class='ocrx_word' id='word_1_321' title='bbox 805 3972 883 4028; x_wconf 79' lang='lat' dir='ltr'><strong>Torr.</strong></span> <span class='ocrx_word' id='word_1_322' title='bbox 897 3969 910 4041; x_wconf 87' lang='grc' dir='ltr'><strong>ΙΙ</strong></span> <span class='ocrx_word' id='word_1_323' title='bbox 929 3969 973 4024; x_wconf 73' lang='grc'><strong>11.</strong></span> <span class='ocrx_word' id='word_1_324' title='bbox 992 3973 1103 4023; x_wconf 86' lang='lat' dir='ltr'><strong>tribunis</strong></span> <span class='ocrx_word' id='word_1_325' title='bbox 1118 3986 1162 4040; x_wconf 86' lang='lat' dir='ltr'><strong>pr.</strong></span> <span class='ocrx_word' id='word_1_326' title='bbox 1181 3969 1213 4024; x_wconf 82' lang='grc' dir='ltr'><strong>Δ.</strong></span> <span class='ocrx_word' id='word_1_327' title='bbox 1229 3969 1243 4040; x_wconf 93' lang='grc' dir='ltr'><strong>ΙΙ</strong></span> <span class='ocrx_word' id='word_1_328' title='bbox 1259 3965 1302 4024; x_wconf 71' lang='grc'><strong>111.</strong></span> <span class='ocrx_word' id='word_1_329' title='bbox 1322 3971 1434 4022; x_wconf 80' lang='lat' dir='ltr'><strong>Succur-</strong></span> 
     </span>
     <span class='ocr_line' id='line_1_35' title="bbox 206 4041 1176 4114; baseline -0.002 -16"><span class='ocrx_word' id='word_1_330' title='bbox 206 4051 288 4098; x_wconf 74' lang='lat' dir='ltr'><strong>rebat</strong></span> <span class='ocrx_word' id='word_1_331' title='bbox 304 4075 339 4085; x_wconf 89' lang='lat'><em>-</em></span> <span class='ocrx_word' id='word_1_332' title='bbox 357 4049 398 4114; x_wconf 79' lang='lat' dir='ltr'><strong>ip.</strong></span> <span class='ocrx_word' id='word_1_333' title='bbox 416 4044 479 4106; x_wconf 78' lang='lat'><strong>218,</strong></span> <span class='ocrx_word' id='word_1_334' title='bbox 502 4043 536 4110; x_wconf 91' lang='lat' dir='ltr'><strong>l.)</strong></span> <span class='ocrx_word' id='word_1_335' title='bbox 554 4048 585 4098; x_wconf 87' lang='lat' dir='ltr'><strong>ln</strong></span> <span class='ocrx_word' id='word_1_336' title='bbox 603 4047 667 4114; x_wconf 80' lang='lat' dir='ltr'><strong>qttc]</strong></span> <span class='ocrx_word' id='word_1_337' title='bbox 686 4048 762 4098; x_wconf 82' lang='lat' dir='ltr'><strong>Bello</strong></span> <span class='ocrx_word' id='word_1_338' title='bbox 780 4046 912 4096; x_wconf 66' lang='lat' dir='ltr'><strong>mantino</strong></span> <span class='ocrx_word' id='word_1_339' title='bbox 930 4041 959 4097; x_wconf 83' lang='grc' dir='ltr'><strong>Γ.</strong></span> <span class='ocrx_word' id='word_1_340' title='bbox 972 4043 985 4112; x_wconf 93' lang='grc' dir='ltr'><strong>ΙΙ</strong></span> <span class='ocrx_word' id='word_1_341' title='bbox 997 4045 1127 4096; x_wconf 82' lang='lat' dir='ltr'><strong>terentino</strong></span> <span class='ocrx_word' id='word_1_342' title='bbox 1147 4041 1176 4096; x_wconf 82' lang='lat' dir='ltr'><strong>C.</strong></span> 
     </span>
    </p>
   </div>
   <div class='ocr_carea' id='block_1_4' title="bbox 207 4237 1434 4802">
    <p class='ocr_par' dir='ltr' id='par_1_12' title="bbox 284 4237 684 4306">
     <span class='ocr_line' id='line_1_36' title="bbox 284 4237 684 4306; baseline 0.005 -13"><span class='ocrx_word' id='word_1_343' title='bbox 284 4237 325 4294; x_wconf 78' lang='grc'><strong>13.</strong></span> <span class='ocrx_word' id='word_1_344' title='bbox 347 4242 386 4293; x_wconf 80' lang='grc'><strong>01.</strong></span> <span class='ocrx_word' id='word_1_345' title='bbox 405 4241 463 4294; x_wconf 86' lang='lat' dir='ltr'><strong>Liu.</strong></span> <span class='ocrx_word' id='word_1_346' title='bbox 482 4243 544 4306; x_wconf 79' lang='lat' dir='ltr'><strong>epit.</strong></span> <span class='ocrx_word' id='word_1_347' title='bbox 562 4243 622 4294; x_wconf 88' lang='lat' dir='ltr'><strong>libr.</strong></span> <span class='ocrx_word' id='word_1_348' title='bbox 640 4243 684 4296; x_wconf 86' lang='lat' dir='ltr'><strong>Ll.</strong></span> 
     </span>
    </p>

    <p class='ocr_par' dir='ltr' id='par_1_13' title="bbox 284 4307 625 4371">
     <span class='ocr_line' id='line_1_37' title="bbox 284 4307 625 4371; baseline 0.006 -7"><span class='ocrx_word' id='word_1_349' title='bbox 284 4307 326 4365; x_wconf 78' lang='lat'><strong>15.</strong></span> <span class='ocrx_word' id='word_1_350' title='bbox 345 4314 384 4362; x_wconf 83' lang='lat' dir='ltr'><strong>ct&#39;.</strong></span> <span class='ocrx_word' id='word_1_351' title='bbox 402 4312 578 4371; x_wconf 79' lang='lat' dir='ltr'><strong>Liu.xxv1‚</strong></span> <span class='ocrx_word' id='word_1_352' title='bbox 598 4311 625 4366; x_wconf 82' lang='lat'><strong>2.</strong></span> 
     </span>
    </p>

    <p class='ocr_par' dir='ltr' id='par_1_14' title="bbox 207 4380 1434 4735">
     <span class='ocr_line' id='line_1_38' title="bbox 281 4380 1432 4452; baseline -0.002 -18"><span class='ocrx_word' id='word_1_353' title='bbox 281 4389 336 4434; x_wconf 73' lang='lat' dir='ltr'><strong>tm</strong></span> <span class='ocrx_word' id='word_1_354' title='bbox 353 4388 473 4449; x_wconf 63' lang='lat' dir='ltr'><strong>mesto,</strong></span> <span class='ocrx_word' id='word_1_355' title='bbox 492 4389 547 4436; x_wconf 69' lang='lat' dir='ltr'><strong>tcta</strong></span> <span class='ocrx_word' id='word_1_356' title='bbox 561 4383 652 4449; x_wconf 73' lang='lat' dir='ltr'><strong>prosc)</strong></span> <span class='ocrx_word' id='word_1_357' title='bbox 678 4386 756 4447; x_wconf 84' lang='lat' dir='ltr'><strong>Quod</strong></span> <span class='ocrx_word' id='word_1_358' title='bbox 774 4385 902 4452; x_wconf 75' lang='lat' dir='ltr'><strong>uulgattm</strong></span> <span class='ocrx_word' id='word_1_359' title='bbox 921 4385 1051 4434; x_wconf 79' lang='lat' dir='ltr'><strong>editiones</strong></span> <span class='ocrx_word' id='word_1_360' title='bbox 1071 4385 1219 4448; x_wconf 83' lang='lat' dir='ltr'><strong>proterunt,</strong></span> <span class='ocrx_word' id='word_1_361' title='bbox 1245 4386 1298 4432; x_wconf 74' lang='lat' dir='ltr'><strong>tom</strong></span> <span class='ocrx_word' id='word_1_362' title='bbox 1317 4380 1432 4444; x_wconf 67' lang='lat' dir='ltr'><strong>capulo·</strong></span> 
     </span>
     <span class='ocr_line' id='line_1_39' title="bbox 207 4450 1434 4520; baseline -0.011 -12"><span class='ocrx_word' id='word_1_363' title='bbox 207 4457 317 4508; x_wconf 82' lang='lat' dir='ltr'><strong>etiamsi</strong></span> <span class='ocrx_word' id='word_1_364' title='bbox 335 4469 412 4506; x_wconf 86' lang='lat' dir='ltr'><strong>mera</strong></span> <span class='ocrx_word' id='word_1_365' title='bbox 430 4456 583 4507; x_wconf 85' lang='lat' dir='ltr'><strong>coniectura</strong></span> <span class='ocrx_word' id='word_1_366' title='bbox 600 4460 651 4515; x_wconf 73' lang='lat' dir='ltr'><strong>est,</strong></span> <span class='ocrx_word' id='word_1_367' title='bbox 670 4473 731 4506; x_wconf 89' lang='lat' dir='ltr'><strong>com</strong></span> <span class='ocrx_word' id='word_1_368' title='bbox 749 4457 869 4520; x_wconf 82' lang='lat' dir='ltr'><strong>proxime</strong></span> <span class='ocrx_word' id='word_1_369' title='bbox 888 4455 921 4504; x_wconf 81' lang='lat' dir='ltr'><strong>ed</strong></span> <span class='ocrx_word' id='word_1_370' title='bbox 941 4455 1082 4520; x_wconf 85' lang='lat' dir='ltr'><strong>archetypi</strong></span> <span class='ocrx_word' id='word_1_371' title='bbox 1101 4457 1256 4505; x_wconf 86' lang='lat' dir='ltr'><strong>mendosam</strong></span> <span class='ocrx_word' id='word_1_372' title='bbox 1276 4450 1434 4512; x_wconf 83' lang='lat' dir='ltr'><strong>scripturam</strong></span> 
     </span>
     <span class='ocr_line' id='line_1_40' title="bbox 207 4519 1433 4583; baseline -0.01 -5"><span class='ocrx_word' id='word_1_373' title='bbox 207 4533 264 4578; x_wconf 69' lang='lat' dir='ltr'><strong>tan</strong></span> <span class='ocrx_word' id='word_1_374' title='bbox 282 4524 380 4577; x_wconf 55' lang='lat' dir='ltr'><strong>&amp;asto</strong></span> <span class='ocrx_word' id='word_1_375' title='bbox 398 4528 445 4576; x_wconf 82' lang='lat' dir='ltr'><strong>aut</strong></span> <span class='ocrx_word' id='word_1_376' title='bbox 463 4531 516 4578; x_wconf 74' lang='lat' dir='ltr'><strong>tm</strong></span> <span class='ocrx_word' id='word_1_377' title='bbox 533 4525 620 4578; x_wconf 69' lang='lat' dir='ltr'><strong>inusto</strong></span> <span class='ocrx_word' id='word_1_378' title='bbox 638 4529 793 4583; x_wconf 81' lang='lat' dir='ltr'><strong>accederet.</strong></span> <span class='ocrx_word' id='word_1_379' title='bbox 822 4527 989 4576; x_wconf 88' lang='lat' dir='ltr'><strong>retinendum</strong></span> <span class='ocrx_word' id='word_1_380' title='bbox 1014 4527 1085 4576; x_wconf 86' lang='lat' dir='ltr'><strong>duxi.</strong></span> <span class='ocrx_word' id='word_1_381' title='bbox 1131 4525 1189 4575; x_wconf 89' lang='lat' dir='ltr'><strong>Non</strong></span> <span class='ocrx_word' id='word_1_382' title='bbox 1212 4523 1275 4572; x_wconf 86' lang='lat' dir='ltr'><strong>item</strong></span> <span class='ocrx_word' id='word_1_383' title='bbox 1300 4519 1433 4582; x_wconf 78' lang='lat' dir='ltr'><strong>copulam.</strong></span> 
     </span>
     <span class='ocr_line' id='line_1_41' title="bbox 208 4591 1434 4665; baseline -0.011 -15"><span class='ocrx_word' id='word_1_384' title='bbox 208 4613 293 4665; x_wconf 80' lang='lat' dir='ltr'><strong>quam</strong></span> <span class='ocrx_word' id='word_1_385' title='bbox 310 4598 407 4648; x_wconf 63' lang='lat' dir='ltr'><strong>adem</strong></span> <span class='ocrx_word' id='word_1_386' title='bbox 425 4599 551 4663; x_wconf 77' lang='lat' dir='ltr'><strong>exempla</strong></span> <span class='ocrx_word' id='word_1_387' title='bbox 568 4599 646 4650; x_wconf 84' lang='lat' dir='ltr'><strong>alteri</strong></span> <span class='ocrx_word' id='word_1_388' title='bbox 663 4603 717 4650; x_wconf 68' lang='lat' dir='ltr'><strong>tn</strong></span> <span class='ocrx_word' id='word_1_389' title='bbox 735 4599 922 4654; x_wconf 72' lang='lat' dir='ltr'><strong>adiunxerant3</strong></span> <span class='ocrx_word' id='word_1_390' title='bbox 949 4611 1012 4648; x_wconf 84' lang='lat' dir='ltr'><strong>uam</strong></span> <span class='ocrx_word' id='word_1_391' title='bbox 1031 4599 1058 4646; x_wconf 85' lang='lat' dir='ltr'><strong>in</strong></span> <span class='ocrx_word' id='word_1_392' title='bbox 1076 4597 1196 4646; x_wconf 81' lang='lat' dir='ltr'><strong>orations</strong></span> <span class='ocrx_word' id='word_1_393' title='bbox 1208 4592 1322 4642; x_wconf 84' lang='lat' dir='ltr'><strong>celerius</strong></span> <span class='ocrx_word' id='word_1_394' title='bbox 1341 4591 1434 4639; x_wconf 87' lang='lat' dir='ltr'><strong>decur-</strong></span> 
     </span>
     <span class='ocr_line' id='line_1_42' title="bbox 207 4654 1433 4735; baseline -0.003 -17"><span class='ocrx_word' id='word_1_395' title='bbox 207 4674 287 4724; x_wconf 76' lang='lat' dir='ltr'><strong>rente</strong></span> <span class='ocrx_word' id='word_1_396' title='bbox 305 4669 387 4732; x_wconf 64' lang='lat' dir='ltr'><strong>etnim</strong></span> <span class='ocrx_word' id='word_1_397' title='bbox 405 4671 538 4720; x_wconf 79' lang='lat' dir='ltr'><strong>concitata</strong></span> <span class='ocrx_word' id='word_1_398' title='bbox 555 4670 666 4734; x_wconf 83' lang='lat' dir='ltr'><strong>saeptus</strong></span> <span class='ocrx_word' id='word_1_399' title='bbox 685 4671 818 4735; x_wconf 79' lang='lat' dir='ltr'><strong>asyndeto</strong></span> <span class='ocrx_word' id='word_1_400' title='bbox 837 4683 904 4718; x_wconf 86' lang='lat' dir='ltr'><strong>usus</strong></span> <span class='ocrx_word' id='word_1_401' title='bbox 929 4669 972 4718; x_wconf 91' lang='lat' dir='ltr'><strong>est</strong></span> <span class='ocrx_word' id='word_1_402' title='bbox 990 4668 1123 4721; x_wconf 86' lang='lat' dir='ltr'><strong>Valerius.</strong></span> <span class='ocrx_word' id='word_1_403' title='bbox 1160 4663 1198 4717; x_wconf 79' lang='lat' dir='ltr'><strong>ct.</strong></span> <span class='ocrx_word' id='word_1_404' title='bbox 1220 4663 1254 4714; x_wconf 83' lang='lat' dir='ltr'><strong>ed</strong></span> <span class='ocrx_word' id='word_1_405' title='bbox 1274 4654 1433 4719; x_wconf 73' lang='lat' dir='ltr'>v111.‘8,2</span> 
     </span>
    </p>

    <p class='ocr_par' dir='ltr' id='par_1_15' title="bbox 281 4734 999 4802">
     <span class='ocr_line' id='line_1_43' title="bbox 281 4734 999 4802; baseline -0.001 -11"><span class='ocrx_word' id='word_1_406' title='bbox 281 4736 461 4792; x_wconf 66' lang='lat' dir='ltr'><strong>&amp;emebat</strong></span> <span class='ocrx_word' id='word_1_407' title='bbox 478 4738 557 4802; x_wconf 65' lang='lat' dir='ltr'><strong>aie)</strong></span> <span class='ocrx_word' id='word_1_408' title='bbox 574 4741 614 4794; x_wconf 80' lang='lat'><strong>01⁴.</strong></span> <span class='ocrx_word' id='word_1_409' title='bbox 631 4741 722 4794; x_wconf 69' lang='lat' dir='ltr'><strong>rent</strong></span> <span class='ocrx_word' id='word_1_410' title='bbox 740 4741 817 4794; x_wconf 75' lang='lat' dir='ltr'><strong>stret.</strong></span> <span class='ocrx_word' id='word_1_411' title='bbox 833 4739 891 4792; x_wconf 91' lang='lat' dir='ltr'><strong>llll.</strong></span> <span class='ocrx_word' id='word_1_412' title='bbox 914 4737 938 4799; x_wconf 81' lang='grc'><strong>1,</strong></span> <span class='ocrx_word' id='word_1_413' title='bbox 959 4734 999 4791; x_wconf 73' lang='lat' dir='ltr'><strong>ld.</strong></span> 
     </span>
    </p>
   </div>
   <div class='ocr_carea' id='block_1_5' title="bbox 0 0 1715 5400">
    <p class='ocr_par' dir='ltr' id='par_1_16' title="bbox 0 0 1715 5400">
     <span class='ocr_line' id='line_1_44' title="bbox 0 0 1715 5400; baseline 0 0"><span class='ocrx_word' id='word_1_414' title='bbox 0 0 1715 5400; x_wconf 95' lang='lat' dir='ltr'><strong> </strong></span> 
     </span>
    </p>
   </div>
  </div>
 </body>
</html>
