3409 5400
527 518 610 588 LlB.
633 516 660 596 1,
684 518 721 585 0.
743 518 776 594 8,
798 516 872 585 liat.
895 520 1080 595 s.·e-15.
1340 525 1405 591 171

176 680 303 747 flactris
332 680 523 756 abiecisset,
552 680 654 746 altero
683 678 785 747 latere
812 698 1045 765 repercussum
1076 683 1257 747 contrarius
1287 681 1405 747 fluchrs

176 790 212 853 in
240 809 369 855 nauem
397 786 514 853 retulit.
559 784 675 875 ltaque
703 788 817 853 miseri
846 786 945 853 simul
968 808 1007 853 ac
1030 786 1135 852 felicis
1159 788 1407 873 complorationi

176 898 347 981 permixta
366 896 427 959 fruit
450 893 632 981 gratulatio.

271 1000 363 1083 Quid
390 999 463 1075 illa,
491 1021 601 1065 nonne
628 999 770 1066 ludibria
801 1011 939 1065 naturae
968 1000 1003 1064 in
1031 1000 1224 1084 corporibus
1253 999 1405 1068 humanis
1418 1005 1469 1072 12.

158 1110 288 1175 sfirisse
305 1106 471 1173 credenda
486 1104 586 1171 eunti
609 1105 789 1173 tolerabilia
810 1106 953 1194 quidem,
977 1108 1055 1193 quia
1069 1110 1208 1175 saeuitia
1224 1120 1405 1185 caruerunt,

179 1227 330 1281 ceterum
352 1214 482 1299 etipsa
504 1212 672 1279 miraculis
694 1212 953 1279 adnumeranda.
989 1212 1075 1279 Nam
1099 1212 1292 1291 et‘Prusiae,
1316 1219 1406 1305 regis

179 1320 370 1408 Bithyniae,
400 1318 487 1385 iilius
510 1318 629 1385 eodem
655 1321 788 1385 nomine
812 1341 877 1406 quo
901 1330 994 1405 pater
1016 1343 1075 1406 pro
1099 1322 1268 1407 superiore
1292 1322 1407 1387 ordine

182 1428 332 1492 dentium
359 1446 461 1491 unum
489 1448 529 1492 os
559 1424 739 1512 aequaliter
767 1436 931 1491 extentum
959 1423 1082 1501 habuit,
1110 1447 1171 1493 nec
1195 1428 1239 1493 ad
1262 1430 1407 1515 speciem

183 1532 334 1599 deforme
354 1552 462 1619 neque
485 1531 529 1597 ad
551 1554 649 1597 usum
671 1530 738 1597 ulla
760 1552 800 1597 ex
822 1544 914 1618 parte
937 1531 1189 1599 incommodum.

150 1653 176 1697 ro
273 1636 474 1703 Mithridatis
497 1660 577 1703 uero
599 1640 691 1726 regis
715 1638 782 1704 tilia
802 1638 996 1725 Drypetina,
1019 1637 1164 1705 Laodice
1185 1641 1304 1727 regina
1319 1651 1406 1717 nata,
1419 1643 1469 1709 13.

184 1744 308 1831 duplici
340 1744 455 1809 ordine
483 1744 629 1811 dentium
657 1743 798 1811 deformi
820 1744 1010 1821 admodum,
1039 1766 1150 1811 comes
1179 1747 1281 1834 fugae
1303 1750 1406 1834 patris

184 1872 207 1915 a
229 1849 389 1937 Pompeio
413 1849 533 1915 deuicti
553 1852 624 1915 fuit.

275 1956 327 2021 Ne
353 1956 441 2022 illius
478 1957 609 2045 quidem
637 1976 762 2042 paruae
788 1954 1015 2023 admirationis
1039 1957 1135 2035 oculi,
1159 1981 1257 2047 quem
1279 1972 1408 2027 constat
1418 1958 1471 2026 14.

186 2074 254 2129 tarn
278 2074 369 2129 certa
391 2063 463 2129 acie
485 2061 642 2130 luminum
664 2082 763 2129 usum
786 2082 862 2127 asse
885 2076 919 2127 ut
942 2061 1135 2151 aLilybaeo
1158 2076 1254 2153 portu
1267 2065 1407 2134 Kartha·

156 2170 392 2257 laginiensium
416 2169 623 2257 egredientes
647 2166 775 2233 classes
798 2169 985 2236 intueretur.

278 2274 391 2341 Oculis
419 2276 491 2339 eius
522 2274 749 2340 admirabilius
778 2272 999 2339 Aristomenis
1031 2275 1179 2341 Messeni
1212 2298 1283 2350 cor,
1320 2278 1408 2364 quod
1421 2274 1471 2342 15.

189 2380 409 2447 Athenienses
437 2380 480 2445 ob
503 2381 657 2445 eximiam
681 2380 891 2445 calliditatem
914 2390 1062 2445 exectum
1084 2380 1160 2467 pilis
1183 2380 1336 2445 refertum
1358 2383 1407 2446 in·

189 2497 361 2562 uenerunt,
391 2508 466 2551 cum
489 2507 565 2552 eum
588 2487 785 2575 aliquotiens
814 2498 946 2571 captum
975 2496 1007 2550 et
1035 2487 1156 2551 astutia
1181 2485 1331 2573 elapsum
1354 2508 1407 2553 ce·

190 2596 327 2681 pissent.

193 2752 217 2808 1.
232 2755 329 2806 tinctus
346 2757 493 2810 contrarius
510 2751 638 2816 (DTorr.
655 2750 669 2821 li
686 2749 712 2806 2.
730 2756 821 2806 nanim
838 2750 901 2808 Bc.
919 2753 981 2806 naui
999 2752 1033 2806 E.
1054 2750 1059 2824 Ι
1085 2749 1112 2804 4.
1133 2755 1202 2814 Quid
1220 2783 1255 2794 -
1273 2749 1322 2820 (d.)
1340 2757 1409 2808 Nam

191 2827 219 2878 et
234 2839 284 2876 oss.
294 2823 328 2877 Γ.
341 2823 355 2895 ΙΙ
370 2827 490 2878 delubria
506 2823 569 2878 ΔΒ.
583 2825 595 2886 ΙΙ
609 2819 634 2876 ὃ.
652 2827 780 2889 pransiae
789 2822 821 2877 Α.
832 2827 942 2888 prusias
952 2821 1005 2876 cD
1011 2823 1047 2878 Β.
1070 2825 1075 2888 Ι
1090 2822 1114 2875 l.
1124 2825 1278 2891 Bithyniae]
1298 2829 1409 2892 bythiae

225 2933 233 2948 .
256 2894 289 2949 Δ.
314 2899 454 2963 bythiniae
478 2911 549 2948 corr.
573 2891 605 2946 Δ.
629 2898 767 2960 prusiaeni
789 2892 824 2947 Β.
846 2898 958 2959 prusiae
984 2893 1076 2948 CDE.
1097 2890 1109 2964 ΙΙ
1136 2898 1266 2960 superiori
1293 2893 1369 2949 Turr.
1384 2897 1395 2966 ΙΙ

186 2911 376 3020 {ataricum
394 2965 457 3022 Par.
471 2973 484 3036 ΙΙ
497 2964 523 3020 s.
541 2963 639 3032 neque]
661 2981 712 3018 nec
729 2964 761 3018 Γ.
801 2963 841 3017 10.
860 2968 1001 3018 mitridatis
1019 2963 1051 3018 A.
1063 2965 1076 3033 ΙΙ
1088 2981 1151 3018 uero
1171 2982 1219 3019 ara.
1239 2964 1270 3018 Γ.
1285 2967 1297 3037 ΙΙ
1313 2970 1409 3034 drype·

190 3039 263 3089 tr'nae
279 3036 312 3091 Δ.
330 3040 459 3104 diepetine
476 3035 510 3092 Β.
527 3037 663 3102 Dripetine
681 2965 849 3090 corlon.
867 3039 1001 3104 dripetrue
1018 3035 1054 3089 Β.
1075 3037 1229 3102 Tricipitino
1246 3035 1332 3108 ΝομΙ
1353 3041 1409 3090 lao-

191 3110 286 3160 diceae
303 3106 364 3161 ΔΓ.
381 3111 514 3162 laodiciae
531 3105 633 3175 DNep.
650 3109 756 3160 laodice
773 3107 809 3161 Ε.
829 3101 842 3176 ΙΙ
864 3106 904 3162 lt.
930 3109 1035 3172 duplice
1051 3104 1089 3159 D.
1106 3104 1120 3172 ΙΙ
1137 3110 1264 3162 deformis
1287 3109 1319 3163 Γ.
1344 3111 1350 3178 Ι
1369 3105 1410 3163 13.

190 3180 217 3244 ί.
237 3175 281 3231 14.
299 3194 348 3232 oss.
365 3177 398 3233 Γ.
412 3179 425 3247 ΙΙ
439 3182 545 3247 quidem
560 3180 633 3230 illius
651 3175 685 3229 Β.
698 3177 711 3245 ΙΙ
731 3175 773 3229 14.
792 3179 878 3245 certa]
898 3180 977 3230 acuta
994 3176 1032 3230 D.
1050 3193 1099 3230 ora.
1117 3175 1153 3230 E.
1171 3179 1184 3248 ΙΙ
1196 3181 1243 3246 aly
1260 3183 1359 3248 lybaeo
1377 3179 1410 3234 A.

230 3251 476 3319 Kartaginiensium
492 3249 523 3304 Α.
535 3249 550 3318 ΙΙ
563 3245 603 3302 lt.
622 3250 714 3300 Oculis
735 3275 772 3288 -
789 3250 972 3301 admirabilius
990 3265 1040 3302 om.
1058 3246 1090 3300 Γ.
1104 3244 1118 3313 ΙΙ
1132 3252 1236 3302 meseni
1253 3249 1409 3305 ABODE.

227 3337 327 3372 eor-
359 3319 412 3386 i'l.)
431 3322 564 3388 exectum]
587 3323 623 3371 ob
646 3321 771 3370 exindam
795 3322 882 3372 eallid.
907 3322 993 3372 exeeti
1013 3319 1194 3374 Athenienses
1218 3337 1264 3375 eor
1286 3319 1409 3389 Γ.1118.

190 3407 253 3446 sum
270 3406 322 3444 οι.
382 3391 398 3460 ll
408 3394 550 3461 aliquoties
565 3406 610 3460 pr.
626 3387 660 3442 Α.
674 3385 687 3461 ΙΙ
700 3392 789 3444 catum
807 3393 836 3443 et
852 3392 968 3443 astuflae
986 3393 1093 3457 lapsum
1110 3389 1142 3444 Δ.

265 3529 307 3586 12.
327 3537 366 3586 Ct'.
375 3535 435 3587 Llu.
451 3551 493 3600 ep.
504 3536 564 3586 libr.
578 3535 611 3586 L.
630 3533 698 3584 Plin.
706 3533 764 3592 vn.
786 3529 827 3592 it,
846 3529 873 3585 5.
893 3531 1088 3598 Solin.l.p.'10
1103 3534 1213 3597 ed.Bip.
1243 3536 1411 3600 Quapropter

190 3606 344 3671 appellatus
353 3607 548 3665 eetblonodus.
566 3606 738 3670 similiterque
749 3604 843 3654 habuit
855 3604 986 3669 Pyrrhus.
1004 3619 1051 3656 rex
1063 3605 1240 3669 Epirotarum.
1253 3607 1321 3655 teste
1335 3605 1410 3658 Paul.

190 3677 260 3727 diae.
278 3692 305 3726 u.
322 3677 456 3728 Mouodus
478 3693 504 3742 p.
526 3672 576 3728 148
593 3675 698 3727 Miller.
717 3675 745 3725 et
760 3674 885 3726 ianuario
900 3673 1059 3737 Nepotiane,
1078 3677 1122 3741 qui
1139 3674 1224 3724 multa
1241 3675 1330 3726 aliena
1347 3677 1374 3729 h.
1393 3677 1410 3727 l.

189 3747 293 3798 addidit
309 3747 440 3798 miracula
457 3749 491 3800 tle
508 3748 622 3812 Pyrrho.

262 3813 547 3884 Drypetiaalaedica)
563 3816 854 3886 Egregieeumcodicis
861 3815 1146 3880 Beruenaisscrlptnra
1159 3817 1309 3867 consentire
1315 3817 1411 3868 librum

192 3889 280 3940 l'atie.
289 3887 424 3938 Anniani
435 3889 521 3940 Marc.
531 3888 603 3947 xvi
617 3885 642 3946 1.
658 3881 700 3944 to.
718 3888 835 3938 omnium
844 3887 926 3955 louge
937 3886 1073 3951 optimum.
1091 3899 1197 3938 mecum
1209 3888 1413 3938 communicarit

191 3959 335 4010 llorkeiius
352 3973 439 4010 mene.
475 3959 577 4010 ilerum
593 3959 674 4026 igitur
688 3959 868 4008 testimonium
882 3959 910 4008 in
931 3958 991 4022 ipso
1008 3957 1115 4007 nomine
1130 3958 1239 4008 secutus
1251 3973 1304 4008 non
1321 3961 1412 4010 tamen

190 4031 350 4099 negauafim
367 4031 426 4080 lieri
444 4031 565 4093 potuisse
582 4031 611 4078 ut
627 4029 752 4080 Valerius
771 4029 876 4080 Graeca
893 4028 1078 4080 terminatione
1094 4025 1242 4095 Drypetise
1264 4030 1410 4092 scripserit.

263 4101 304 4151 cf.
322 4101 390 4152 Plin.
407 4099 465 4159 vri.
483 4096 528 4152 21.
563 4099 647 4150 Solin.
664 4099 686 4161 1,
704 4093 740 4150 tis
757 4101 801 4152 ed.
813 4101 873 4164 Rip.
884 4099 1050 4164 Nepotianus
1065 4099 1226 4164 aLiiybaeo
1244 4101 1412 4168 egredientes

190 4184 278 4222 naues
296 4171 414 4236 clypea.
438 4170 545 4223 Africae
563 4171 679 4232 ciuitate,
699 4169 858 4220 Strabonem
886 4171 1018 4236 quendam
1042 4169 1227 4234 speculantem
1252 4183 1411 4224 numerasse

188 4242 329 4364 refertl.⁵st
345 4243 441 4294 eadem
458 4243 516 4294 iere
533 4243 655 4365 gerrone
673 4242 781 4293 auctore
799 4241 901 4292 Plinius
918 4242 937 4294 1.
956 4256 978 4293 c.
995 4241 1111 4295 tradidit.

262 4379 335 4450 qaod
349 4382 528 4446 Athenienses)
561 4384 652 4436 Foede
670 4384 816 4434 memoriae
833 4383 914 4448 lapsu
931 4383 1068 4436 Valerium
1083 4382 1262 4435 Athenienses
1281 4396 1341 4432 cum
1357 4381 1411 4432 La·

190 4454 374 4505 mdaemomb
392 4455 555 4515 confudisse,
575 4469 639 4506 nam
657 4470 717 4505 cum
734 4455 778 4506 his
795 4467 952 4524 pugnasse,
977 4457 1012 4506 ab
1035 4456 1079 4506 his
1097 4457 1205 4520 captum
1229 4465 1293 4503 esse
1310 4453 1412 4503 Aristo·

188 4539 309 4582 memus.
326 4527 488 4578 mnohrunt
505 4525 674 4595 grammatici
690 4527 752 4577 inde
770 4542 788 4576 a
806 4527 911 4578 celero.
1124 4545 1129 4557 ·

263 4593 430 4662 aliqwts'ess)
468 4601 609 4659 Quaenam
626 4597 705 4649 merit
720 4597 822 4650 Valerii
844 4597 978 4650 scribendi
996 4596 1160 4648 consuetudo
1177 4597 1204 4648 in
1218 4594 1261 4646 bis
1274 4593 1412 4645 uocabulis

189 4665 331 4718 diiudicari
347 4669 392 4719 uix
410 4669 514 4733 poterit.
549 4669 815 4722 commemorandum
831 4670 923 4720 tamen
940 4669 1053 4734 primam
1065 4667 1210 4719 Bernemis
1228 4665 1287 4716 iibri
1304 4679 1413 4717 manum

189 4739 349 4792 mutantes
365 4739 423 4792 iere
439 4738 517 4794 tatiea
534 4741 563 4794 et
577 4737 679 4808 quoae
701 4752 845 4800 uacuae,
869 4741 920 4792 sed
944 4737 1142 4792 emendatorem
1164 4753 1183 4789 a
1204 4737 1322 4790 litteram
1339 4738 1413 4791 addi·
