3409 5400
609 532 691 603 Lis
714 534 758 613 V,
782 534 817 605 O.
835 536 867 613 6,
890 544 921 613 i·
944 538 975 605 2.
1002 537 1033 605 3.
1371 544 1437 609 437

216 714 349 781 nuoque
386 701 472 762 terra
504 698 677 783 pristinum
709 698 857 765 liubitum
890 700 1105 786 reeuperrunt.
1163 700 1289 789 blegne
1321 713 1439 787 postea

216 798 338 867 decora
360 804 395 867 in
417 806 489 869 foro
504 806 656 871 Romano
679 806 849 881 fulserunt,
872 805 997 873 nullum
1014 818 1124 871 temon
1139 805 1303 894 hodieque
1319 810 1437 895 pietate

216 907 318 972 Curtii
342 931 422 997 erga
446 913 582 997 putrium
606 913 727 979 elarius
758 914 952 979 obuersatur
979 912 1175 999 exemplum.
1226 914 1287 979 Oui
1318 917 1437 1000 princi·

80 1102 83 1109 γ
215 1024 326 1099 putum
350 1016 475 1102 gloriae
499 1019 655 1085 obtinenti
677 1021 848 1087 consimile
870 1022 994 1086 factum
1016 1019 1218 1087 subnectam.

189 1134 204 1176 ⁵
305 1120 449 1188 Genucio
467 1125 546 1212 Cipo
570 1129 711 1212 praetori
726 1127 880 1214 paludato
896 1138 1024 1214 portum
1047 1128 1227 1216 egredienti
1244 1127 1323 1192 noui
1340 1137 1436 1215 utque
1447 1130 1477 1198 3.

76 1226 80 1235 ’
213 1230 352 1294 inauditi
376 1231 507 1317 generis
530 1233 717 1322 prodigium
734 1234 856 1300 incidit.
901 1232 1052 1321 Namque
1068 1236 1102 1298 iu
1117 1237 1224 1321 cupite
1240 1236 1312 1298 cius
1329 1234 1436 1299 subito

213 1336 314 1401 ueluti
336 1358 460 1403 cornua
483 1352 683 1427 irrepserunt,
705 1362 968 1429 responsumque
992 1352 1043 1404 est
1064 1362 1178 1429 regem
1202 1362 1275 1406 cnm
1299 1342 1381 1418 fore,
1409 1344 1436 1407 si

212 1444 248 1509 in
273 1443 385 1509 urbem
410 1447 608 1511 reuertisset.
655 1448 751 1529 Quod
776 1470 817 1513 ne
842 1448 1021 1535 accideret,
1050 1447 1268 1516 uoluntarium
1296 1474 1334 1515 uc
1362 1475 1435 1537 pcr-

212 1560 344 1637 petuum
368 1552 498 1617 sibimet
520 1553 635 1617 indixit
659 1554 796 1621 exilium.
842 1554 988 1643 Dignam
1018 1559 1187 1643 pietatem,
1217 1580 1318 1645 quae,
1347 1560 1436 1645 quod

173 1657 256 1723 read
280 1656 420 1725 solidam
445 1659 585 1747 gloriam
608 1661 733 1737 attinet,
758 1672 886 1748 septem
908 1662 1043 1750 regibus
1066 1663 1277 1750 praeferatur.
1335 1665 1435 1730 Cuius

212 1765 382 1831 testandae
414 1767 521 1854 gretia
551 1768 668 1855 eapitis
696 1768 824 1857 effigies
857 1790 955 1834 nerea
982 1780 1114 1856 portae,
1143 1792 1209 1857 qua
1237 1782 1434 1844 excesserat,

211 1872 341 1937 inclusa
364 1884 414 1937 est
437 1878 456 1949 †
485 1870 637 1961 dictuque
661 1872 935 1953 Raudusculuna‚
964 1876 1041 1940 olim
1070 1897 1149 1941 aera
1177 1876 1318 1943 raudera
1346 1878 1432 1942 dice·

210 1978 337 2045 buntur.

716 2072 929 2085 Q

214 2116 237 2174 l.
256 2124 355 2173 terram
374 2118 404 2177 Γ.
416 2120 430 2190 ΙΙ
442 2124 577 2187 reperuuit
595 2122 625 2177 F.
641 2123 652 2188 ΙΙ
667 2120 692 2178 2.
712 2124 821 2191 decere]
860 2130 902 2177 ost
918 2126 1038 2179 Romano
1057 2125 1086 2179 Γ.
1098 2125 1111 2197 ΙΙ
1123 2130 1253 2180 duxerunt
1273 2124 1432 2195 F.11hodie'·

213 2193 275 2259 quo]
296 2209 347 2259 quc
365 2208 414 2246 om.
434 2191 531 2246 ΒΕΓ.
546 2192 558 2261 ΙΙ
577 2189 603 2248 3.
625 2198 784 2247 obsecuntur
807 2141 956 2249 0anst
967 2196 981 2264 ΙΙ
999 2200 1046 2249 Cui
1068 2228 1104 2239 -
1127 2196 1176 2263 (4.)
1199 2202 1357 2251 subnectunt
1381 2216 1430 2251 om.

157 2264 160 2271 '
212 2262 244 2317 Γ.
261 2265 274 2332 ΙΙ
291 2262 317 2319 4.
335 2266 440 2333 glorios
458 2266 633 2333 principatum
657 2264 693 2321 D.
710 2268 878 2389 ipsensimile
916 2270 943 2318 et
961 2270 1075 2321 similem
1092 2267 1122 2321 F.
1141 2267 1153 2339 ΙΙ
1174 2266 1200 2321 5.
1218 2271 1324 2337 genicio
1345 2268 1431 2323 cEF.

212 2336 326 2405 gemicio
345 2333 382 2387 D.
406 2336 514 2405 genutio
532 2334 561 2390 Γ.
581 2336 593 2405 ΙΙ
614 2338 691 2403 cippo
738 2335 944 2405 F.11pluudoto
962 2336 999 2392 D.
1016 2338 1030 2407 ΙΙ
1048 2342 1151 2405 portum
1169 2339 1201 2391 A.
1217 2338 1231 2405 11
1249 2341 1311 2390 noui
1328 2367 1364 2379 -
1382 2336 1431 2403 (6.)

211 2406 333 2470 Namque
356 2422 406 2457 am.
425 2404 457 2459 Γ.
477 2404 489 2480 ΙΙ
509 2408 598 2475 atque]
624 2412 651 2459 et
669 2404 721 2461 ΟΕ
727 2406 756 2461 Γ.
774 2408 787 2477 ΙΙ
804 2405 829 2461 d.
849 2409 999 2477 prodigium
1017 2412 1127 2478 generis
1151 2408 1187 2463 Ε.
1207 2408 1220 2478 ΙΙ
1241 2411 1336 2460 eccidit
1353 2407 1391 2461 D.
1405 2407 1418 2473 ΙΙ

212 2479 299 2529 subito
318 2480 345 2528 in
364 2478 451 2543 eapite
471 2480 544 2531 uelut
560 2478 665 2540 (amuco
679 2480 748 2540 eius)
765 2477 796 2533 Γ.
812 2478 824 2547 ΙΙ
839 2477 865 2532 7,
876 2482 1045 2547 ercpserunl]
1065 2484 1231 2536 emerserunt
1249 2480 1278 2531 is
1291 2495 1387 2532 rosara
1398 2477 1431 2533 A.

211 2551 352 2601 creuerunt
369 2548 396 2601 Ε
402 2544 431 2603 Γ.
448 2548 462 2619 ΙΙ
480 2566 540 2603 cum
559 2566 650 2619 regern
675 2548 708 2601 Ε.
724 2548 738 2617 ΙΙ
755 2544 780 2605 8.
800 2554 978 2603 reuerteretur
1001 2549 1039 2605 D.
1056 2550 1070 2618 ΙΙ
1087 2554 1195 2603 sibimet
1217 2568 1251 2601 ac
1273 2556 1431 2616 perpetuum

209 2618 253 2682 (Γ)
261 2618 338 2673 Torr.
350 2620 363 2690 ΙΙ
377 2618 417 2673 ll.
437 2621 589 2688 testaudus]
610 2618 671 2675 add.
691 2623 729 2673 rei
748 2619 890 2676 EFTorr.
906 2626 918 2688 ΙΙ
939 2638 1036 2674 cereae
1054 2619 1172 2675 ACDF
1175 2621 1206 2675 Γ.
1225 2621 1238 2691 ΙΙ
1258 2640 1337 2690 quum
1356 2620 1424 2746 Dp!

214 2689 255 2746 12.
276 2693 399 2756 dictuque
422 2721 457 2731 -
483 2694 638 2746 dicebantur
662 2709 711 2746 om.
734 2690 765 2746 Γ.
782 2691 796 2763 ΙΙ
813 2695 1012 2746 ruuduscolunu
1029 2691 1151 2749 Acon.
1176 2695 1379 2746 runduseoluria
1422 2731 1430 2746 .

222 2761 235 2830 ΙΙ
247 2763 320 2830 elin]
340 2765 455 2826 olimque
473 2762 511 2819 D.
531 2766 599 2831 quod
620 2765 681 2816 olim
702 2761 779 2818 Torr.
791 2765 805 2833 ΙΙ
816 2765 894 2832 aera]
913 2780 963 2822 om.
980 2764 1015 2821 E.
1040 2781 1088 2818 era
1100 2781 1147 2835 pr.
1165 2764 1197 2820 Α.
1222 2783 1256 2818 eu
1274 2779 1344 2818 corr.
1360 2761 1393 2818 A.
1404 2762 1419 2832 ΙΙ

210 2837 325 2888 rendere
342 2833 379 2888 D.
399 2839 530 2888 erunders
548 2833 584 2888 Ε.
595 2833 609 2903 Η
621 2837 757 2888 dicebatur
775 2834 870 2891 Act).

274 2989 305 3054 Ι3.
325 2997 363 3050 Gi.
383 2997 460 3049 Ouid.
479 2999 586 3048 metum.
605 2995 664 3053 XV.
683 2991 743 3049 565.
764 2998 828 3050 Plin.
847 2999 875 3050 ir.
893 3013 919 3050 u.
937 2999 986 3057 xl,
1004 2994 1048 3059 31,
1068 2993 1112 3052 45.

282 3065 363 3118 Cuius
379 3065 515 3120 testandae
530 3065 632 3134 pratia)
649 3069 767 3137 Vulgsts
785 3070 911 3134 exemplu
927 3074 991 3134 post
1001 3067 1137 3123 testandae
1153 3071 1274 3121 inserunt
1291 3068 1340 3128 rei,
1359 3072 1430 3136 quod

210 3155 227 3188 u
239 3139 373 3204 plerisque
385 3141 461 3190 libris
474 3141 662 3203 manuscriptis
675 3143 775 3192 abesse
788 3155 821 3191 ne
834 3141 979 3192 'fortunius
995 3142 1100 3206 quidem
1114 3143 1300 3192 ednotaueret.
1335 3142 1429 3192 Deleui

209 3209 289 3276 igitur
308 3211 426 3272 spurium
445 3227 547 3264 uocem.
585 3211 733 3263 Relatiuum
760 3209 841 3264 tuine
864 3214 899 3262 ad
923 3213 1051 3276 pietatem
1075 3213 1244 3264 referendum
1267 3226 1332 3262 osse
1349 3227 1429 3264 cremo

209 3285 253 3330 est
270 3280 330 3344 quin
349 3281 447 3334 uideat.

279 3345 435 3416 †dictaqae
457 3349 677 3412 Raadaeculaem
701 3351 762 3404 atim
787 3367 851 3404 aera
874 3350 992 3404 caedua
1015 3350 1190 3416 dicebantur.)
1216 3355 1250 3403 Ni
1273 3354 1363 3403 omnis
1385 3369 1429 3402 me

209 3422 311 3480 luliuni,
332 3421 508 3472 Vuleriusbis
522 3423 614 3473 uerbis
627 3437 737 3474 causum
756 3425 928 3488 exposuerat,
947 3425 1017 3474 unde
1030 3425 1238 3486 appellationem
1256 3438 1335 3473 stiern
1353 3437 1429 3473 sece-

208 3493 296 3557 pisset
312 3493 390 3556 porta
408 3493 630 3552 mansuetans,
655 3496 812 3556 discrepans
831 3510 849 3543 a
868 3496 989 3545 Varrone
1007 3495 1041 3543 de
1059 3495 1124 3563 ling.
1141 3494 1201 3546 Lei.
1220 3494 1255 3551 V,
1273 3489 1310 3546 34
1327 3510 1357 3557 p.
1378 3487 1429 3544 163

208 3563 310 3632 Speng.
335 3564 362 3614 et
385 3579 402 3612 s
426 3564 509 3614 Penio
534 3564 661 3622 diacono,
686 3578 796 3629 quorum
821 3565 866 3614 ille
889 3578 950 3614 eum
973 3565 1012 3613 its
1030 3565 1128 3613 dietum
1152 3578 1216 3615 esse
1239 3565 1332 3620 refert.
1356 3566 1428 3626 quod

208 3639 303 3686 ueruto
321 3635 406 3692 luerit.
425 3636 478 3696 hic,
497 3635 566 3700 quod
586 3637 659 3684 rudis
678 3639 705 3684 et
723 3635 842 3698 impolite
867 3635 903 3683 sit
925 3635 1026 3686 relicte
1068 3634 1161 3700 Neque
1184 3636 1261 3684 siiter
1284 3636 1334 3685 uiri
1358 3636 1428 3685 docti

208 3707 278 3756 hunc
302 3707 461 3756 sententium
484 3706 677 3757 intellexerunt.
723 3706 762 3757 ct.
785 3705 889 3756 Becker
919 3707 952 3755 de
975 3705 1078 3755 Romae
1106 3707 1206 3756 ueteris
1233 3706 1316 3755 muris
1346 3710 1427 3771 utque

207 3779 291 3843 portis
304 3793 330 3841 p.
343 3771 385 3829 99.
413 3779 495 3830 Miror
507 3779 597 3828 iernen
610 3791 704 3826 omnes
718 3776 816 3826 Vsteril
828 3779 1001 3828 enarratores
1012 3779 1119 3839 praeter
1128 3776 1282 3828 Tercentum
1294 3791 1427 3826 summam

208 3850 407 3906 difficultatem.
431 3863 501 3915 quse
526 3850 595 3898 inest
618 3849 644 3896 in
669 3848 712 3897 iiis
737 3848 839 3905 turbis,
865 3848 921 3898 alto
939 3848 1045 3898 silentio
1064 3849 1245 3912 praeteriisse.
1286 3847 1337 3897 Ars
1356 3850 1427 3898 eninr

208 3921 387 3989 grammatico
404 3922 509 3989 flagitet
528 3923 555 3969 ut
573 3920 738 3984 perticipium
757 3913 879 3985 dictoque
901 3921 935 3970 sd
953 3919 1025 3970 idern
1042 3920 1191 3970 subiectum
1209 3919 1370 3977 celeremus,
1390 3921 1425 3969 ud

207 3993 277 4058 quod
295 3993 409 4056 pertinet
426 3993 593 4057 praecedens
607 3993 715 4042 uerbum
736 3987 837 4040 inclara
855 3995 902 4044 eet.
923 3992 940 4040 i.
958 4005 982 4042 e.
1002 3992 1035 4040 ad
1048 3990 1167 4058 effigiem
1179 3992 1273 4054 portes
1284 3991 1424 4047 inclusum.

207 4078 260 4114 nou
278 4064 312 4112 sd
331 4065 419 4128 ipsum
439 4066 552 4128 portam.
588 4063 663 4122 Quod
677 4063 701 4112 si
718 4062 756 4112 ita
774 4065 824 4118 est,
844 4061 870 4110 in
883 4076 908 4112 u.
920 4058 1126 4112 Rasdescelasa
1137 4076 1242 4127 quoque
1255 4076 1307 4111 nou
1321 4063 1423 4124 portae.

207 4135 256 4184 sed
282 4134 381 4202 effigiei
404 4135 475 4184 illius
499 4135 705 4198 uppsllstiouem
727 4146 891 4195 quaeramus
915 4134 1028 4197 oportet.
1067 4133 1160 4195 ltaque
1183 4149 1237 4183 uon
1260 4133 1425 4183 abhorrete

206 4205 376 4256 similitudine
400 4207 456 4256 ueri
480 4205 614 4256 vuesum
639 4205 783 4268 scripsisse
809 4201 932 4271 dietaque
958 4206 1010 4268 (sc.
1034 4217 1069 4254 es
1097 4205 1216 4272 effigies)
1239 4199 1425 4256 madum:

205 4291 265 4326 uam
284 4273 346 4326 alim
364 4289 429 4328 aero
447 4272 564 4328 raudera
581 4272 744 4326 dicebantur.
779 4275 827 4326 nu
841 4276 911 4326 enim
929 4275 1119 4326 raudusculum
1138 4275 1334 4329 deminutiuum,
1354 4273 1423 4335 quod

206 4349 304 4398 riacani
320 4349 502 4415 grammatici,
521 4348 650 4398 rauderis.
690 4345 799 4396 Raudus
820 4348 911 4397 sutem
929 4347 974 4397 uel
992 4346 1082 4402 rodus
1101 4347 1130 4395 ut
1151 4347 1226 4395 Festi
1250 4346 1310 4393 ntur
1333 4342 1424 4391 uerbis

207 4420 245 4482 (u.
264 4420 346 4469 rodus
364 4435 391 4482 p.
408 4415 462 4472 265
481 4419 576 4480 Mulli,
595 4419 740 4486 ‘significet
758 4433 813 4468 reru
832 4418 924 4469 rudem
943 4421 971 4468 et
986 4417 1178 4482 imperfectum.
1194 4441 1228 4454 -
1247 4415 1350 4480 Vulgus
1369 4413 1424 4476 qui·

206 4493 266 4542 dein
285 4491 311 4539 in
330 4504 381 4540 usu
400 4491 495 4540 hebuit
511 4505 563 4540 non
582 4491 660 4540 modo
672 4504 722 4553 pro
734 4503 797 4540 uere
809 4489 973 4552 imperfecto,
991 4493 1020 4540 ut
1031 4488 1158 4544 Lucilius,
1177 4501 1237 4536 eum
1249 4486 1287 4533 uit
1304 4483 1424 4546 “plumbi

205 4561 352 4627 pauxillum
373 4562 455 4612 rodus
474 4561 571 4626 linique
589 4559 749 4616 metuxam'’.
768 4562 816 4612 sed
836 4561 916 4610 etiem
928 4576 977 4624 pro
990 4561 1107 4628 signeto.
1125 4557 1224 4619 quiain
1237 4553 1422 4618 mancipando.

205 4649 266 4684 cum
286 4633 380 4682 dicitur
398 4631 560 4683 “rudusculo
580 4631 675 4680 librum
694 4632 796 4690 fecitd',
815 4645 880 4682 esse
898 4632 1017 4699 tengitur
1034 4629 1121 4680 librs’.
1156 4627 1317 4678 coaluerunt
1334 4625 1423 4674 autem

204 4699 378 4756 metuente
394 4697 431 4754 sd
447 4705 474 4754 in
492 4719 572 4754 unum
591 4704 749 4754 unesbnlum
764 4697 977 4760 madmena.
996 4717 1029 4752 eo
1041 4701 1149 4765 quidem
1158 4698 1325 4758 faciliusque
1336 4697 1425 4747 notior

206 4776 265 4828 erut
281 4779 377 4841 portus
396 4789 502 4829 nomen.
547 4775 587 4824 lte
610 4775 750 4826 lenissime
774 4788 841 4826 suus
863 4774 1010 4824 munusue
1033 4773 1145 4837 probum
1169 4769 1329 4822 seutentiam
1346 4768 1422 4820 resti·
