3409 5400
450 544 532 612 LIB.
556 544 629 622 vn,
653 546 691 611 0.
713 546 745 623 2,
768 554 797 623 s.
822 544 982 613 5-nxt,
1007 554 1035 622 §-
1062 548 1090 612 1.
1312 545 1375 615 541

81 711 87 755 i
138 710 307 794 pertinax
331 706 503 773 intercedit
530 705 657 783 odium,
686 704 767 771 alter
794 704 888 772 alteri
916 726 1014 793 quam
1043 716 1178 792 uterque
1206 707 1377 772 contrariis

81 825 85 862 1
140 816 279 881 eastris
306 815 424 879 certior
451 812 558 878 hostis
587 814 811 898 proficiscitur.
868 812 1013 878 Eosdem
1047 824 1197 888 senatus,
1231 834 1306 878 cum
1335 812 1377 876 ob
1432 792 1439 805 .

81 931 86 970 t
141 923 257 987 nimis
281 940 398 1007 aspere
421 931 530 984 actam
552 940 724 984 censuram
750 941 772 983 a
795 920 855 985 On.
877 918 1002 986 Baebio
1034 920 1160 984 tribuno
1190 918 1294 1003 plebis
1318 938 1378 1004 pro

81 1042 87 1078 ³
142 1029 275 1094 rostris
299 1036 473 1114 agerentur
495 1026 554 1101 rei,
577 1048 700 1090 causae
723 1025 865 1091 dictione
889 1025 1019 1091 decreto
1043 1049 1103 1091 sne
1126 1024 1291 1101 liberauit,
1320 1044 1378 1088 ua·

81 1155 85 1190 1
115 1150 257 1202 acuum
281 1134 388 1197 omnis
410 1132 524 1198 iudicii
545 1148 633 1198 metu
664 1154 739 1200 eum
762 1134 921 1199 honorem
944 1134 1131 1209 reddendo,
1163 1133 1218 1219 qui
1248 1132 1379 1217 exigere

81 1259 85 1300 t
147 1240 257 1306 debet
275 1239 450 1311 rationem.
473 1259 541 1304 non
562 1240 711 1305 reddere.

249 1347 315 1412 Par
340 1346 397 1411 illa
424 1347 587 1431 sapientia
610 1359 754 1412 senatus.
805 1346 853 1412 Ti.
879 1345 1065 1411 Gracchum
1090 1346 1251 1410 tribunum
1274 1342 1379 1429 plebis

81 1475 86 1516 t
150 1456 329 1543 agrariam
356 1453 465 1540 legem
492 1452 703 1541 promulgare
732 1476 851 1519 ausum
879 1463 982 1518 morte
1010 1435 1167 1517 multauit.
1224 1449 1316 1515 Idem
1346 1458 1381 1512 ut

151 1561 342 1627 secundum
365 1560 474 1647 legem
505 1560 575 1623 eius
603 1582 662 1646 per
684 1560 872 1626 triumuiros
901 1580 981 1647 ager
1012 1557 1131 1645 populo
1154 1558 1275 1621 uiritim
1299 1555 1381 1620 diui·

81 1703 85 1732 ;
111 1669 292 1734 roderetur
314 1671 450 1756 egregie
474 1670 610 1742 consuit‚
634 1666 798 1753 siquidem
822 1667 1044 1754 grauissimae
1068 1664 1239 1729 seditionis
1264 1662 1381 1727 eodem

82 1813 84 1826 ·
154 1786 309 1860 tempore
333 1785 365 1838 et
387 1786 553 1840 auctorem
577 1786 609 1837 et
632 1795 768 1837 causam
792 1772 930 1839 sustulit.

252 1878 361 1962 Quam
384 1881 502 1946 deinde
526 1904 564 1946 se
585 1880 762 1966 prudenter
783 1879 817 1944 in
839 1900 920 1967 rege
936 1877 1119 1944 Masinissa
1142 1874 1260 1965 gessit!
1295 1874 1382 1940 Nam

158 2008 239 2052 curn
266 1990 514 2073 promptissima
547 1999 579 2052 et
606 1985 799 2051 fidelissima
827 1989 896 2051 cius
926 2006 1027 2072 opera
1054 1985 1214 2050 aduersus
1242 1980 1382 2047 Kartha·

159 2094 334 2181 ginienses
356 2115 438 2159 usus
462 2104 553 2159 essct
574 2114 713 2181 eumque
734 2095 770 2158 in
793 2092 958 2157 dilatando
980 2112 1084 2181 regno
1109 2090 1290 2157 auidiorem
1312 2108 1383 2153 cer·

121 2211 271 2275 caneret,
305 2200 415 2288 legem
444 2202 522 2265 ferri
556 2201 668 2274 iussit,
705 2222 770 2287 qua
796 2200 998 2266 Masinissae
1033 2199 1074 2263 ab
1106 2197 1242 2281 imperio
1271 2192 1384 2281 populi

160 2308 307 2373 Romani
336 2306 477 2372 solutam
503 2307 684 2372 libertatem
713 2307 875 2370 tribueret.
933 2302 1006 2385 Quo
1041 2305 1127 2367 facto
1158 2324 1232 2367 cum
1263 2301 1383 2387 optime

162 2415 271 2480 meriti
293 2414 546 2480 beniuolentiam
568 2414 699 2477 retinuit
722 2424 789 2478 tum
811 2410 1029 2476 Mauritaniae
1054 2421 1084 2471 ot
1099 2406 1274 2471 Numidiae
1298 2414 1384 2469 cete·

162 2542 338 2609 rarumque
360 2520 448 2585 illius
472 2530 592 2585 tractus
617 2520 763 2607 gentium
778 2538 959 2605 numquam
975 2514 1041 2579 lida
1058 2534 1138 2600 pace
1164 2500 1398 2600 quiescentem

164 2630 328 2695 feritatem
351 2650 373 2693 a
393 2625 500 2693 ualuis
524 2628 594 2692 suis
617 2626 766 2712 reppulit.

129 2755 158 2800 ao
256 2733 399 2820 Tempus
429 2734 557 2800 deficiet
584 2734 766 2799 domestica
792 2741 998 2806 narrantem,
1028 2729 1185 2818 quoniam
1212 2725 1386 2810 imperium
1395 2725 1467 2791 Ext.
1488 2727 1517 2792 1.
1625 2781 1626 2820 3

168 2851 315 2906 nostrum
337 2863 405 2904 non
428 2851 494 2910 tam
517 2842 634 2907 robore
656 2861 831 2927 corporum
861 2861 960 2926 quam
987 2838 1170 2901 animorum
1197 2833 1313 2919 uigore
1337 2830 1386 2895 in·
1615 2822 1626 2846 ”

170 2960 367 3014 crementum
392 2971 430 3012 ac
453 2948 587 3013 tutelam
602 2949 655 3013 sui
675 2944 922 3033 conprehendit.
967 2943 1093 3008 Maiore
1114 2940 1223 3027 itaque
1240 2946 1388 3022 exparte

169 3057 322 3121 Romana
342 3053 517 3142 prudentia
538 3056 573 3120 in
589 3055 805 3119 admiratione
821 3053 920 3116 tacita
935 3059 1113 3135 reponatur
1128 3046 1388 3132 alienigenisque

169 3161 265 3227 huius
279 3163 410 3249 generis
427 3159 584 3246 exemplis
601 3162 694 3225 detur
709 3160 828 3226 aditus.
841 3195 885 3206 -
898 3159 1065 3230 Socrates,
1080 3153 1243 3218 humanae
1257 3152 1388 3234 sapien·

136 3268 234 3335 attiae
257 3269 353 3352 quasi
376 3265 543 3353 quoddam
565 3278 715 3330 terrestre
739 3264 923 3339 oraculum.
952 3262 1034 3328 nihil
1064 3261 1148 3326 ultra
1170 3257 1346 3346 petendum
1370 3273 1390 3316 a

176 3372 224 3437 dis
247 3372 473 3437 inmortalibus
502 3372 718 3437 arbitrabatur
747 3394 846 3458 quam
874 3380 910 3433 ut
931 3369 1020 3432 bona
1043 3365 1232 3438 tribuerent,
1263 3359 1341 3446 quia
1366 3357 1391 3422 ii

177 3479 304 3544 demum
327 3479 450 3543 scirent
472 3478 550 3564 quid
573 3478 748 3564 unicuique
772 3486 862 3542 esset
883 3472 975 3548 utile;
998 3493 1060 3536 nos
1077 3481 1184 3535 autem
1200 3467 1390 3554 plerumque

181 3707 203 3762 l.
220 3709 287 3761 alter
304 3709 413 3760 alterius
432 3705 464 3760 F.
475 3705 490 3774 ΙΙ
501 3703 526 3759 6.
546 3709 643 3758 debent
659 3703 751 3760 ΑΘΕ.
770 3705 881 3757 deberet
899 3715 967 3756 corr.
985 3701 1021 3757 D.
1042 3697 1055 3774 ΙΙ
1075 3699 1100 3754 l.
1119 3700 1172 3751 Pur
1191 3726 1224 3736 —
1244 3693 1311 3764 (ll.)
1332 3708 1391 3746 sus·

181 3783 233 3833 tulit
250 3794 298 3832 om.
318 3776 348 3832 F.
360 3779 374 3848 ll
385 3777 509 3846 senatus]
530 3774 592 3831 add.
611 3793 664 3843 qna
684 3774 760 3829 Torr.
772 3777 786 3846 ll
802 3775 827 3829 8.
847 3775 886 3842 ut]
907 3779 934 3827 ct
946 3789 992 3844 pr.
1011 3771 1043 3827 A.
1060 3773 1073 3842 ΙΙ
1091 3769 1132 3824 10.
1152 3771 1281 3839 egregiae
1295 3779 1340 3839 pr.
1358 3762 1391 3818 A.

193 3854 204 3917 ll
219 3849 259 3904 ll.
275 3853 402 3901 uictorem
420 3848 449 3901 F.
461 3849 475 3916 11
489 3847 529 3901 12.
543 3853 626 3908 Quam
641 3877 674 3886 -
689 3844 756 3913 (19.)
775 3847 889 3912 reppulit
904 3861 953 3899 om.
967 3843 997 3899 Γ.
1009 3845 1023 3914 ΙΙ
1034 3861 1065 3896 se
1084 3841 1237 3908 prudenter]
1257 3839 1394 3904 sapienter

182 3935 210 3971 se
226 3919 262 3974 D.
277 3920 288 3990 ΙΙ
305 3918 345 3992 13.
363 3921 522 3972 fidelissima
540 3926 566 3970 ct
579 3921 781 3984 prumptissima
798 3917 829 3971 F.
844 3913 856 3987 ΙΙ
873 3914 914 3970 14.
934 3933 1045 3983 cumque
1056 3913 1089 3967 F.
1102 3913 1115 3982 ll
1129 3910 1169 3965 15.
1183 3912 1239 3962 fleri
1258 3907 1285 3961 F.
1298 3907 1312 3976 ΙΙ
1323 3919 1393 3974 quae

182 3991 286 4042 maiori!
303 3990 464 4044 Perizonius.
476 3989 489 4057 ΙΙ
501 3992 611 4056 imperio
624 4006 734 4042 romano
747 3991 890 4040 insolutam
906 3985 935 4040 F.
948 3985 962 4055 ll
976 3985 1017 4040 16.
1036 3983 1107 4051 cum]
1128 3987 1182 4033 tum
1200 3977 1264 4034 EF.
1276 3979 1289 4048 ΙΙ
1301 3977 1392 4044 optimi

185 4059 288 4130 01111.
305 4065 360 4113 tum
374 4077 419 4130 pr.
438 4059 469 4114 A.
482 4062 495 4128 ΙΙ
510 4059 550 4113 18.
568 4064 669 4111 tractus
688 4063 758 4111 illius
776 4057 919 4129 EE1120.
938 4073 1048 4108 narrare
1065 4053 1103 4108 D.
1114 4054 1128 4122 Η
1139 4051 1182 4106 22.
1200 4054 1286 4104 maior
1299 4063 1344 4118 pr.
1359 4046 1386 4098 A.

184 4134 269 4183 maiori
287 4130 347 4185 DF
360 4138 386 4184 et
402 4147 472 4186 corr.
490 4129 523 4184 Δ.
535 4129 601 4199 1125.
620 4135 735 4196 quodam
749 4147 795 4200 pr.
813 4130 845 4183 A.
866 4127 940 4201 1126.
965 4131 982 4180 il
1006 4124 1122 4192 demum]
1148 4127 1218 4176 idem
1238 4148 1277 4176 n
1297 4119 1352 4173 A.

185 4205 283 4255 demum
303 4201 394 4257 ODF.
413 4206 484 4255 idem
501 4203 564 4256 Por.
575 4201 589 4270 ΙΙ
599 4199 643 4256 tt.
663 4207 752 4254 aulem
770 4201 936 4269 plerumque]
957 4203 1139 4266 amplexurum
1158 4193 1189 4248 F.

247 4411 362 4469 Eosdem
377 4419 493 4473 Μαίη)
510 4417 549 4469 Cl.
568 4417 626 4469 Lin.
644 4418 744 4473 xxm.
761 4413 805 4470 37.
1480 4467 1482 4471 ,

225 4485 306 4610 2¹?er
319 4485 516 4611 iiheqppilmtlip
532 4493 657 4610 ἓῖηὶιὲιιε.)
679 4489 718 4540 ct.
737 4489 794 4540 Lin.
813 4490 876 4554 cpit.
894 4488 952 4540 libr.
972 4489 1063 4540 LVlli.
1084 4485 1150 4536 i'lnl.
1168 4481 1209 4533 Ti.
1229 4477 1341 4528 Gracch.
1364 4469 1394 4525 te

189 4562 211 4610 et
249 4573 489 4689 nsipi'soclat'es
501 4597 629 4681 tamna}
639 4627 794 4698 sapientiae)
812 4631 851 4683 ct.
864 4631 1072 4694 Pseudoplaton.
1087 4625 1171 4676 Alcib.
1185 4637 1239 4674 seo.
1252 4637 1279 4684 p.
1294 4613 1353 4670 142.
1364 4615 1395 4666 Ε.

190 4701 352 4826 Pythagorae
376 4702 428 4752 boc
451 4703 550 4753 dictum
573 4702 664 4753 tribuit
685 4703 761 4753 Diod.
785 4716 843 4756 exc.
865 4702 930 4757 Vei.
948 4703 1007 4754 libr.
1027 4697 1162 4758 vll-X,
1183 4689 1226 4748 39.
1250 4691 1314 4744 Mal.
1334 4689 1396 4740 coll.
1458 4689 1461 4696 ⁴

190 4771 219 4834 11,
232 4787 258 4838 p.
293 4767 383 4835 zap.
401 4773 478 4826 Diui.
497 4775 550 4826 ool.
567 4773 611 4834 ΠΙ,
630 4787 657 4837 p.
674 4768 719 4825 at.
