3409 5400
257 446 323 511 472
562 439 723 507 LIBERE
746 436 879 507 DICTA
900 436 993 505 AVT
1014 435 1169 505 Flere.

259 604 337 693 quid
360 606 401 668 de
425 604 473 668 Ti.
490 602 629 669 Gracchi
647 614 760 679 marte,
784 605 878 668 cirins
894 624 1043 667 sororem
1058 603 1093 666 in
1108 604 1314 667 matrimonio
1331 601 1498 677 hahebat,

260 714 395 779 sentiret
416 712 646 799 interrogauit,
671 723 704 774 ut
727 713 917 775 auctoritate
945 709 1122 774 clarissimi
1149 710 1211 773 uiri
1241 708 1394 774 inchoato
1417 711 1496 773 ianr

259 820 410 886 inccndio
434 819 569 883 multum
597 819 788 883 incrementi
817 818 977 891 adiceret,
1009 819 1087 904 qnia
1114 839 1182 882 non
1209 816 1378 881 dubitabat
1405 817 1495 901 quim

259 938 390 1017 propter
419 937 485 992 tam
514 934 619 990 artam
649 926 848 990 atitinitatcrn
881 925 1005 1011 aliquid
1039 947 1099 1010 pro
1132 925 1294 989 memoria
1325 924 1495 988 interfecti

257 1034 440 1102 necessarii
462 1032 695 1098 miserabiliter
719 1045 808 1097 esset
822 1033 1001 1096 locuturus.
1046 1031 1091 1095 At
1113 1034 1142 1096 is
1163 1032 1234 1096 iure
1257 1051 1529 1110 eumcaesurns

258 1142 365 1209 uideri
387 1140 565 1225 respondit.
614 1138 674 1204 Oui
697 1140 783 1204 dicto
800 1162 876 1205 cum
893 1141 1002 1203 contio
1019 1139 1189 1203 tribunicio
1205 1140 1315 1203 furore
1329 1138 1496 1201 instincta

258 1250 419 1315 uiolenter
442 1248 690 1323 succlamasset,
714 1246 897 1321 ‘Taccaut'‚
927 1247 1047 1331 inquit,
1071 1246 1201 1331 ‘quibus
1223 1244 1319 1310 Italia
1341 1266 1496 1308 nouerca

262 1354 330 1421 est'.
378 1356 457 1421 Orto
481 1354 600 1419 deinde
623 1376 788 1418 murmure
812 1353 898 1418 ‘Neu
921 1352 1095 1427 ciliciolis,
1118 1355 1180 1426 ait,
1208 1363 1254 1417 ‘ut
1279 1352 1404 1417 solutos
1431 1372 1494 1413 ue·

260 1484 335 1527 rear
360 1484 444 1549 quos
468 1460 623 1549 alligatos
648 1460 788 1527 adduxi'.
835 1458 1020 1524 Vniuersus
1050 1460 1191 1545 populus
1213 1460 1258 1523 ab
1280 1481 1346 1523 uno
1368 1460 1493 1524 iterum

261 1569 496 1635 contumeliose
513 1580 681 1654 correptus
699 1580 778 1641 erat,
803 1579 944 1654 quantus
961 1577 1012 1630 est
1026 1566 1134 1630 honos
1154 1564 1297 1631 uirtutis!
1321 1577 1353 1629 ct
1375 1566 1493 1629 tacuit.
1508 1590 1538 1631 rc

260 1678 392 1743 Recens
414 1678 521 1763 ipsius
545 1676 682 1739 uictoria
696 1674 897 1739 Numantina
919 1685 950 1736 ct
970 1674 1073 1758 patris
1090 1673 1307 1739 Macedonica
1321 1672 1493 1736 deuictae·

262 1806 326 1870 que
354 1782 569 1869 Karthaginis
601 1782 690 1846 auita
717 1781 826 1865 spolia
855 1802 894 1845 ac
923 1780 1062 1844 duorum
1091 1801 1222 1867 regum,
1261 1777 1427 1866 Syphacis
1459 1792 1492 1841 ct

262 1889 378 1954 Persei
405 1899 478 1952 aute
508 1887 721 1974 triumphales
751 1909 865 1951 currus
894 1894 914 1963 †
944 1898 1080 1951 catenae
1109 1888 1255 1951 ceruices
1287 1886 1386 1950 tetius
1411 1898 1490 1948 tuuc

767 2020 979 2033 ——u

261 2084 288 2139 2.
308 2086 357 2136 uiri
375 2100 424 2137 om.
443 2081 471 2137 F.
483 2082 497 2151 ΙΙ
509 2086 648 2137 inchoacto
661 2083 690 2138 F.
701 2081 714 2151 Η
726 2080 752 2137 l.
764 2088 818 2136 tam
832 2101 881 2137 om.
894 2083 926 2137 F.
940 2082 953 2155 ΙΙ
967 2085 1098 2135 interiecti
1107 2084 1253 2135 necessarii
1267 2084 1396 2133 memoria
1408 2078 1487 2133 Tarr.

277 2153 329 2223 116.
349 2158 481 2209 contio..
496 2154 554 2217 (scd
570 2155 662 2208 alliam
680 2155 769 2207 littera
787 2156 815 2207 in
833 2164 939 2218 rasura)
956 2155 989 2209 A.
1012 2156 1134 2206 continuo
1155 2152 1239 2208 CFl’.
1250 2153 1265 2221 ΙΙ
1281 2154 1399 2204 instincti
1417 2150 1450 2204 Γ.
1462 2154 1477 2220 ΙΙ

264 2225 290 2278 l.
309 2229 523 2291 succlamassent
543 2226 593 2281 (ΖΓ
610 2234 635 2279 el
648 2243 693 2296 pr.
711 2225 742 2278 A.
760 2226 774 2295 {l
791 2226 817 2282 8.
835 2228 942 2294 uerear]
967 2230 1079 2278 uerterat
1099 2240 1143 2293 pr.
1160 2225 1188 2279 Ε
1203 2253 1216 2279 ι
1230 2253 1243 2279 ι
1261 2229 1338 2276 uerat
1361 2238 1431 2277 corr.
1450 2222 1487 2277 B.

274 2294 324 2367 119.
344 2302 378 2349 ab
398 2316 450 2350 uno
469 2300 576 2366 iterum]
595 2315 644 2351 om.
664 2298 695 2351 Α.
714 2300 807 2349 iterum
826 2303 862 2349 ab
881 2316 933 2350 rino
954 2298 1030 2349 Terr.
1043 2299 1056 2366 ll
1075 2296 1117 2349 10.
1137 2302 1258 2348 corectns
1277 2294 1434 2364 Rullianus
1454 2293 1486 2347 Δ.

263 2372 350 2421 honor
373 2368 439 2422 Dr.
456 2368 469 2437 ΙΙ
486 2372 577 2437 tacuit]
600 2370 705 2439 punctis
728 2375 843 2421 aotamm
869 2375 894 2421 et
916 2368 1126 2438 suprascriptam
1149 2373 1255 2419 ochram
1278 2382 1347 2419 cerr.
1366 2364 1399 2419 A.
1422 2362 1485 2417 add.

264 2442 381 2493 actutum
396 2439 474 2494 Tora.
485 2440 499 2508 ΙΙ
513 2441 554 2495 li.
574 2444 677 2494 Recens
696 2456 745 2491 cm.
759 2438 785 2494 C.
801 2439 813 2511 ll
827 2442 923 2507 ipsius]
944 2458 992 2493 om.
1005 2438 1037 2491 A.
1053 2444 1114 2507 post
1125 2440 1236 2490 uictoria
1249 2438 1326 2491 Torr.
1338 2438 1352 2505 ll
1363 2437 1485 2503 uictoria]

263 2515 394 2564 memoria
405 2511 437 2565 F.
451 2510 464 2581 ΙΙ
478 2516 615 2564 numantia
624 2528 667 2580 pr.
681 2512 711 2566 A.
726 2508 738 2583 ΙΙ
755 2509 796 2565 li.
806 2514 957 2581 kartaginis
969 2510 1000 2564 Α.
1015 2511 1027 2581 ΙΙ
1042 2512 1135 2562 habita
1146 2506 1298 2563 AODFP.
1309 2508 1323 2577 ΙΙ
1340 2506 1378 2563 13.
1388 2524 1486 2574 persae

263 2580 333 2639 DE.
345 2583 359 2652 ΙΙ
371 2586 432 2635 tnnc
453 2585 533 2637 letius
551 2583 664 2637 DTcrr.

337 2775 394 2812 cam
413 2761 499 2814 cantic
517 2791 552 2800 —
570 2762 699 2817 uiolenter
715 2763 909 2827 succlamasset)
926 2765 955 2814 ln
968 2765 1118 2828 archetypo
1134 2764 1226 2814 codice
1238 2762 1331 2813 nescio
1349 2778 1401 2827 quc
1419 2775 1484 2810 casu

267 2833 314 2883 urit
326 2835 435 2883 consilio
449 2850 466 2884 a
478 2832 564 2884 cocao
578 2837 729 2886 aberratum
743 2839 802 2887 crat
814 2838 839 2887 in
852 2835 973 2886 conanae
979 2855 990 2893 ,·
1004 2852 1055 2900 quo
1068 2837 1146 2894 fricto,
1160 2851 1194 2885 nc
1206 2835 1317 2886 deesset
1329 2834 1484 2885 subiectum.

265 2907 378 2954 uerbum
395 2903 581 2956 succlamasset
597 2908 622 2956 ln
640 2909 771 2971 pluralem
790 2923 928 2959 reimerum
953 2909 1082 2957 mutatum
1107 2907 1157 2958 est.
1205 2905 1370 2956 Sententiam
1394 2904 1485 2954 reiecit

267 2989 363 3025 censor
382 2977 481 3026 codicis
500 2978 644 3027 Beruensis
669 2979 775 3027 adiutus
798 2980 854 3028 lulii
874 2979 977 3028 Paridis
996 2979 1125 3042 epitome.
1150 2979 1176 3027 in
1201 2993 1256 3039 qua
1273 2977 1342 3026 haee
1360 2977 1422 3040 ipsa
1438 2976 1483 3024 be·

267 3047 361 3112 dicque
381 3048 513 3115 leguntur,
538 3045 588 3099 cai
606 3045 676 3100 dicte
695 3062 752 3098 cam
771 3048 857 3099 corbo
874 3047 1002 3101 uiolenter
1018 3047 1212 3101 sahclamaeset.

331 3121 363 3168 ‘et
379 3116 480 3175 lacuit.)
509 3121 665 3170 Correctnra
682 3123 750 3171 iuter
769 3121 855 3171 lirrcus
880 3123 980 3171 codicis
997 3121 1143 3172 bernensis
1162 3121 1280 3183 ascripta
1302 3120 1329 3168 et
1347 3119 1441 3168 deinde
1458 3118 1482 3166 iu

266 3191 428 3240 recentiores
448 3191 579 3253 quosdam
598 3193 680 3242 libros
701 3195 862 3258 ueteresque
885 3194 1016 3242 editiones
1038 3192 1172 3241 translata
1194 3191 1320 3242 notabilis
1343 3190 1482 3253 interpota-

266 3261 347 3311 tionis
366 3275 451 3311 causa
469 3262 562 3312 extitit.
599 3265 737 3313 Correclor
755 3266 823 3314 enim
843 3265 943 3313 codicis
961 3264 1100 3320 lloniclini.
1120 3278 1178 3312 cum
1198 3278 1251 3312 non
1266 3262 1430 3325 perspiceret
1446 3261 1482 3309 iu·

265 3334 412 3396 terpositae
436 3333 638 3384 exclamationis
669 3333 787 3392 Quantas
813 3338 853 3384 esi
875 3333 956 3385 iaaac
977 3332 1102 3385 uirtutis!
1124 3335 1268 3389 rationem.
1295 3334 1409 3394 ideoque
1433 3346 1481 3380 ucri

264 3404 432 3472 intellegeret
452 3406 592 3466 sequentia
611 3409 635 3455 et
653 3403 749 3460 iacuit,
772 3407 878 3469 punctis
896 3410 987 3456 notate
1007 3404 1089 3457 lacuit
1107 3405 1299 3470 suprascripsit
1316 3407 1434 3459 actuata,
1456 3405 1483 3464 ut

265 3476 349 3524 uerba
367 3476 462 3526 tierent
479 3481 589 3543 pacatae
607 3480 646 3527 est
663 3475 742 3527 bauer
754 3475 862 3528 uirtutis
874 3481 1022 3530 electuarii.
1041 3478 1138 3538 qrribus
1151 3477 1223 3526 bairi
1241 3477 1320 3524 dabre
1333 3475 1483 3542 significare

264 3546 348 3594 uoluit
366 3547 495 3597 bonorem
519 3549 606 3598 uirtuti
630 3551 657 3597 et
681 3550 784 3598 actibus
809 3549 837 3608 ti.
857 3562 881 3599 c.
900 3551 981 3598 rebus
1000 3550 1099 3616 gestiat
1122 3549 1249 3598 habitum.
1298 3548 1374 3608 Quod
1393 3561 1481 3607 quam·

265 3632 345 3681 quam
363 3618 478 3668 etiosam
497 3623 540 3668 est
559 3620 585 3669 et
603 3618 742 3669 nclratine
761 3621 868 3681 qrridem
888 3620 994 3678 dictum.
1013 3621 1119 3669 transiit
1130 3621 1229 3676 tamen.
1247 3619 1278 3668 ut
1295 3619 1482 3680 praediximus,

263 3689 290 3736 iu
309 3690 471 3740 recentiores
490 3693 517 3739 et
535 3691 681 3740 deteriores
700 3693 830 3752 quosdam
851 3691 971 3748 codices,
997 3692 1086 3753 ibique
1104 3692 1241 3740 iuuentam
1261 3689 1359 3744 Aldus.
1384 3689 1481 3738 retento

264 3759 342 3808 simul
362 3775 386 3810 u.
405 3756 496 3819 tacuit,
515 3763 665 3810 ruutaucrat
682 3761 708 3810 in
727 3764 849 3812 actatum.
892 3763 1015 3812 Aldiuam
1040 3763 1198 3825 scripturam
1222 3765 1247 3811 et
1271 3757 1355 3810 tacuit
1372 3763 1482 3809 celatura

263 3843 358 3879 omnes
378 3831 504 3894 deinceps
523 3832 639 3881 editores
659 3837 824 3896 receperunt,
844 3834 896 3882 nisi
915 3835 984 3898 quod
998 3834 1143 3884 'ferrerius
1155 3835 1263 3882 intrersc
1281 3831 1374 3881 ordine
1393 3831 1481 3879 maluit

264 3903 290 3948 el
308 3903 420 3949 actatum
444 3898 533 3952 lacuit.
576 3903 689 3952 Remota
712 3905 804 3966 spuria
828 3919 908 3962 uoce,
935 3905 1009 3954 culus
1035 3905 1166 3972 originem
1189 3903 1380 3967 patefecimus,
1405 3917 1481 3950 amun

263 3971 362 4027 restat,
387 3974 457 4035 quod
479 3987 574 4035 parum
599 3976 726 4024 concinne
751 3976 849 4024 dictum
873 3977 924 4027 est.
973 3976 1151 4039 Praeposterc
1174 3975 1245 4025 cuim
1268 3974 1414 4024 interiectio
1438 3973 1481 4021 illa

261 4042 415 4104 postposita
433 4044 529 4106 copula
548 4049 572 4095 et
590 4048 625 4094 ab
644 4061 678 4096 en
696 4047 830 4096 sententia
849 4047 1014 4113 seinagitur,
1034 4047 1068 4096 ad
1087 4062 1168 4108 quam
1187 4046 1343 4096 necessarie
1362 4045 1480 4108 pertinet,

262 4127 321 4160 eum
341 4127 393 4162 non
412 4114 471 4164 idco
491 4114 613 4166 Valerius
633 4117 778 4166 adrniratus
798 4118 832 4167 sit
850 4119 977 4167 honorem
997 4119 1085 4168 uirtuti
1102 4119 1242 4177 tributum,
1262 4117 1324 4182 quia
1342 4117 1480 4166 uniuersus

261 4181 377 4246 popalus
396 4187 587 4238 erutumeliose
606 4191 744 4251 correptus
765 4192 835 4247 crat,
861 4191 910 4238 sed
935 4191 1003 4254 quod
1027 4190 1218 4240 contumeliose
1236 4190 1375 4252 correptus
1394 4188 1480 4236 tacuit.

260 4255 355 4320 ltaque
374 4257 470 4307 melius
490 4271 557 4310 saue
577 4259 669 4308 auctor
687 4260 738 4308 boc
757 4261 848 4310 ordine
868 4261 1038 4324 scripsisset,
1061 4265 1198 4327 correptas
1222 4264 1293 4313 erat,
1314 4263 1354 4314 ct,
1373 4263 1482 4326 quasin

262 4329 301 4376 est
318 4323 399 4378 henos
416 4327 540 4380 airlatia!
563 4327 662 4386 tacail,·
686 4345 748 4380 num
768 4333 905 4396 scripserit
924 4332 1003 4383 ualde
1022 4333 1120 4384 dubito.
1156 4332 1250 4394 Neque
1269 4331 1340 4382 enim
1359 4331 1421 4380 talis
1438 4345 1480 4380 ue·

260 4398 401 4464 glegentia
418 4415 436 4450 a
455 4401 562 4451 Valerio
580 4401 662 4464 plane
680 4402 769 4452 aliena
787 4406 837 4454 est.

332 4469 349 4530 †
374 4473 481 4522 catenae
505 4469 622 4522 ceruices
645 4470 725 4524 lelius
749 4477 809 4524 tuac
825 4472 889 4539 sori
912 4473 1072 4536 camerani)
1098 4476 1139 4525 lta
1163 4475 1241 4524 bouis
1263 4472 1399 4524 codicibus
1418 4475 1482 4524 hacc

260 4537 413 4598 traduntur.
437 4557 524 4604 ncqtre
543 4543 620 4593 aliter
643 4545 818 4609 archetypum
846 4548 997 4610 exemplum
1026 4562 1060 4597 ea
1083 4547 1146 4596 elim
1170 4547 1327 4596 exhibuisse
1349 4546 1481 4607 probabile

261 4611 313 4658 cst.
349 4609 378 4658 ln
397 4614 519 4681 margine
539 4615 628 4664 tamen
647 4616 793 4666 Beruensts
813 4617 873 4666 llbri
892 4620 1011 4682 ascripta
1028 4620 1092 4668 sunt
1109 4621 1194 4668 uerba
1210 4621 1356 4684 prementes
1371 4629 1430 4673 cra.
1446 4617 1480 4664 iu·

262 4680 379 4732 serenda
397 4686 459 4750 post
468 4681 541 4752 seri,
563 4687 785 4754 quemadmodum
797 4688 899 4740 biserta
917 4690 944 4739 in
956 4689 1074 4759 uolgatis
1087 4689 1247 4742 editionibus
1259 4687 1480 4742 circumlatratur.
