3409 5400
633 492 717 561 LlB.
738 490 785 573 V,
809 494 846 561 (l.
870 494 903 572 8,
925 501 955 572 1.
979 496 1012 563 2.
1372 496 1442 565 ’409

219 656 380 721 fecerum.
427 656 576 743 Eiusque
602 655 777 723 uoluntarii
807 656 894 721 exilii
922 655 1135 721 acerbitatem
1162 677 1230 721 non
1258 658 1376 723 tacitus
1398 656 1443 724 ad

220 762 344 827 inferos
367 762 448 838 tulit,
472 762 621 849 sepulcro
639 785 699 827 suo
716 763 851 827 inscribi
866 762 1008 827 iubendo
1028 761 1176 849 ‘Ingrata
1188 764 1351 847 patria-ne
1362 786 1444 830 osea

222 867 354 954 quidem
382 890 458 933 mea
486 868 616 933 habes'.'
672 868 759 951 Quid
787 871 852 933 ista
879 882 934 933 aut
962 870 1159 933 necessitate
1189 868 1360 955 indignius
1387 882 1444 933 aut

222 974 367 1061 querella
389 976 506 1039 iustius
530 984 586 1041 aut
607 975 727 1039 ultione
750 974 977 1041 moderatius?
1007 976 1142 1041 Cineres
1158 976 1189 1040 ei
1202 997 1285 1040 suos
1300 976 1443 1061 negauit,

197 1094 319 1166 squam
341 1081 376 1144 in
398 1082 542 1145 cinerem
565 1081 695 1146 conlabi
719 1104 839 1169 passus
864 1104 932 1149 nou
953 1083 1069 1148 fuerat.
1115 1080 1218 1169 Igitur
1231 1082 1319 1147 hanc
1341 1102 1445 1145 unam

221 1188 386 1273 Scipionis
409 1187 588 1253 uindictam
611 1190 731 1276 ingrati
755 1190 855 1253 animi
877 1188 956 1253 urbs
974 1188 1127 1255 Romana
1147 1192 1262 1266 sensit,
1284 1190 1444 1255 maiorem

220 1292 406 1359 mehercule
431 1293 596 1359 Coriolani
619 1295 784 1360 uiolentia.
827 1294 887 1361 llle
910 1297 1001 1359 euim
1021 1298 1162 1380 petriam
1184 1308 1273 1361 metu
1291 1295 1443 1383 pulsauit,

221 1398 276 1464 hie
302 1399 512 1465 uerecundia.
568 1401 618 1465 De
648 1424 713 1487 qua
742 1407 815 1480 [re]
845 1423 887 1465 ne
915 1402 1008 1487 queri
1035 1401 1184 1487 quidem,
1219 1415 1309 1469 tanta
1344 1424 1442 1469 uerae

221 1508 351 1592 pietatis
376 1507 575 1572 constantia!
599 1509 663 1573 nisi
686 1520 763 1593 post
785 1509 855 1573 fata
877 1508 1040 1571 sustinuit.

183 1632 211 1676 io
311 1612 403 1677 Talia
425 1635 545 1699 passo,
573 1614 688 1689 credo,
720 1636 805 1700 quae
832 1614 925 1679 fratri
947 1616 1019 1678 eius
1046 1614 1198 1679 accidere
1219 1616 1344 1681 solacio
1366 1638 1443 1680 esse

220 1731 402 1805 potnerunt.
449 1719 509 1785 cui
531 1743 589 1785 rex
612 1720 794 1785 Antiochus
822 1720 969 1784 demotus
1001 1731 1034 1785 et
1055 1719 1138 1785 Asia
1164 1724 1303 1807 imperio
1331 1722 1443 1809 populi

221 1826 362 1893 Romani
385 1827 514 1893 adiecta
537 1829 872 1915 speciosissimusque
899 1827 1081 1913 triumphus
1109 1840 1144 1893 nt
1172 1830 1343 1915 peculatus
1366 1850 1442 1893 reus

219 1936 310 1998 tieret
332 1946 364 1997 et
386 1936 419 1999 in
442 1955 608 1999 carcerem
632 1935 708 2001 duci
729 1935 893 2000 iuberetur
916 1956 1054 2000 causam
1078 1936 1237 2022 praebuit.

308 2040 417 2103 Nihilo
440 2042 558 2105 uirtute
581 2042 742 2127 posterior
765 2041 944 2106 Africanus
967 2064 1032 2107 auo
1054 2045 1176 2117 minor,
1209 2043 1267 2107 sed
1292 2065 1333 2109 ne
1357 2046 1443 2109 exitu

223 2180 245 2234 1.
271 2182 446 2233 uoluntariam
473 2180 563 2235 cui.
582 2182 596 2250 ΙΙ
613 2184 721 2233 tacitum
745 2179 848 2249 11112.
875 2184 1018 2250 sepulchro
1036 2200 1081 2252 pr.
1100 2183 1131 2241 Α.
1152 2182 1165 2252 ss
1183 2200 1233 2235 uec
1251 2182 1282 2237 F.
1300 2184 1313 2251 ΙΙ
1331 2184 1356 2238 4.
1375 2200 1441 2235 suos

221 2255 246 2303 ei
264 2250 296 2303 F.
307 2251 321 2315 ΙΙ
332 2250 358 2305 ii.
378 2254 463 2305 Roma
482 2252 558 2305 Terr.
570 2253 584 2321 ΙΙ
597 2252 621 2307 i.
640 2257 710 2305 metu
729 2256 844 2319 patriam
862 2252 1134 2323 veniremus.
1158 2270 1188 2306 re
1211 2270 1261 2307 ota.
1281 2254 1358 2307 Torr.
1371 2254 1440 2322 line]

220 2339 274 2373 uon
292 2320 318 2373 0.
338 2338 391 2383 nec,
405 2320 437 2375 F.
478 2324 564 2390 tanta]
584 2320 646 2376 odd.
667 2328 710 2375 est
729 2324 806 2377 Terr.
821 2325 833 2388 ΙΙ
847 2323 873 2377 ti.
892 2327 964 2391 post}
985 2327 1057 2389 prins
1076 2323 1105 2378 1³.
1132 2325 1138 2393 Ι
1160 2326 1233 2375 facta
1255 2323 1286 2378 F.
1303 2325 1318 2394 ΙΙ
1336 2324 1376 2377 iu.
1399 2341 1441 2376 so·

219 2394 284 2444 latio
301 2391 356 2453 (Α.)
375 2390 416 2459 Os.
436 2390 500 2448 iii.
521 2392 547 2449 4.
570 2392 611 2447 11.
634 2392 666 2448 V.
686 2392 714 2450 3,
733 2394 760 2449 2.
778 2396 790 2463 ΙΙ
805 2395 845 2449 11.
863 2398 1006 2447 anthiocus
1024 2393 1056 2448 A.
1068 2396 1082 2463 ΙΙ
1100 2325 1140 2447 ld.
1160 2397 1248 2445 edicte
1262 2411 1306 2463 pr.
1325 2392 1442 2464 111113.

220 2464 257 2531 etl
278 2482 311 2515 ae
328 2464 363 2518 E.
378 2462 390 2533 ΙΙ
408 2460 448 2516 li.
467 2464 542 2585 aliti}v
549 2468 596 2515 aut
614 2462 741 2517 ACDE.
761 2470 789 2517 at
807 2465 838 2521 F.
858 2469 990 2518 auunculo
1008 2465 1039 2519 Γ.
1058 2481 1108 2516 om.
1129 2463 1206 2519 Torr.
1217 2468 1231 2535 ΙΙ
1242 2467 1337 2533 minor]
1357 2472 1442 2521 minor

221 2536 269 2586 tuit
287 2541 346 2587 nate
365 2538 497 2600 posterior
540 2536 620 2606 orell
632 2539 679 2587 sed
699 2538 743 2605 ne]
764 2541 810 2588 erit
828 2536 865 2590 D.
884 2553 919 2588 ne
936 2540 963 2588 in
982 2534 1010 2589 F.

725 2626 938 2640 Ἀ

220 2664 249 2712 ut
270 2660 392 2727 equidem
416 2662 553 2722 existimo,
579 2662 760 2722 difficultatem
784 2663 908 2729 praebuit
929 2663 1089 2714 adiectiuum
1114 2659 1237 2729 ipsodits‘s
1260 2679 1318 2714 cum
1344 2666 1442 2728 palude

219 2733 399 2792 coniunctum,
428 2749 479 2798 quo
503 2734 635 2783 adiectino
659 2736 763 2785 nonnisi
787 2737 910 2785 habitate
933 2736 993 2784 loca
1017 2735 1153 2802 designari
1177 2729 1289 2798 putasse
1312 2737 1441 2793 uidentur,

219 2819 303 2866 quare
322 2819 371 2867 pro
388 2803 461 2855 ciues
478 2805 523 2854 alii
543 2803 670 2858 deitatis,
691 2807 737 2856 alii
754 2803 810 2857 ss'et‘
828 2807 1029 2857 substituerunt.
1072 2806 1181 2856 Paiudls
1200 2809 1290 2857 ueroi
1311 2809 1390 2856 notae
1409 2823 1442 2856 se

219 2877 344 2926 desertae
362 2877 456 2926 accola
474 2877 567 2926 dicitur
585 2879 694 2940 propter
715 2879 805 2927 uillam
827 2891 912 2942 prope
930 2878 1066 2928 Liternum
1091 2875 1143 2940 (ct.
1162 2877 1201 2936 11.
1227 2875 1274 2935 10.
1290 2821 1342 2942 d).
1371 2880 1441 2944 qnod

220 2947 377 3014 stagnosurn
397 2949 476 2998 uocat
494 2945 541 2999 Sil.
560 2948 617 2998 ltul.
638 2947 681 3004 Vl,
700 2943 761 3001 654.
798 2949 919 3016 Pighius,
939 2964 998 2997 enm
1011 2948 1038 2998 in
1050 2947 1208 2998 editionibus
1224 2949 1360 2999 ueteribus
1379 2951 1442 2999 ante

219 3017 314 3066 Alium
333 3018 429 3068 inisset
445 3015 500 3068 eici
517 3014 649 3083 1910111111.
670 3018 696 3069 in
716 3018 819 3070 sitdinis
832 3017 951 3069 ciuitatis
963 3015 1094 3084 s'pucbs‘lt'e⁸
1114 3020 1185 3069 male
1202 3035 1251 3083 pro
1268 3035 1301 3069 eo
1313 3021 1443 3084 posuerat

219 3085 290 3138 ciaet
307 3085 363 3137 sici
380 3083 511 3153 ipwbttis.
531 3091 600 3150 qttod
620 3093 758 3140 manserat
777 3105 863 3155 usque
881 3091 915 3138 ad
933 3091 1081 3154 Kappium‚
1101 3091 1145 3154 qui
1163 3091 1264 3152 primus
1283 3092 1440 3155 scripturam

218 3173 238 3206 a
254 3157 335 3206 nobie.
350 3173 434 3221 supra
452 3159 596 3208 exhibitum
615 3161 643 3208 et
660 3164 678 3208 a'
698 3162 834 3212 Perizonio
852 3177 960 3225 quoquc
979 3163 1120 3224 probatam
1139 3162 1260 3212 restituit.

289 3224 333 3276 De
355 3242 407 3293 psa
431 3227 483 3293 [rel
508 3241 540 3278 se
556 3228 632 3294 pueri
649 3229 761 3294 quidem)
790 3233 848 3282 Non
871 3234 955 3282 hebet
971 3232 1035 3282 illud
1055 3244 1084 3280 re
1108 3247 1160 3296 quo
1184 3231 1324 3282 referatur.
1372 3232 1440 3279 Nem

218 3299 364 3348 secundum
384 3300 586 3366 grammaticam
607 3303 737 3350 rationem
756 3305 901 3365 pertineret
918 3305 952 3352 ad
971 3303 1011 3358 id,
1037 3303 1106 3365 qnod
1125 3301 1215 3364 Scipio
1232 3302 1346 3364 patriani
1366 3315 1441 3349 uere·

218 3367 314 3418 cundia
336 3368 464 3431 pulsasse
488 3369 593 3428 dicitur,
618 3371 698 3432 atque
722 3374 791 3421 adeo
817 3374 936 3435 ineptam
960 3371 1080 3420 efficeret
1103 3372 1271 3421 senteutiam.
1312 3371 1441 3434 Equidem

217 3451 378 3502 persuasum
397 3439 486 3488 babeo
504 3440 689 3502 interpolatore
709 3455 773 3492 esse
792 3456 822 3491 re
840 3455 859 3490 a
876 3442 984 3490 librario
1003 3441 1127 3505 quodem.
1146 3441 1190 3502 qui
1203 3457 1255 3490 non
1274 3441 1442 3507 intellegeret

217 3510 356 3560 relatiuum
376 3509 509 3573 pertinere
528 3511 562 3558 ed
581 3512 704 3574 patriam,
725 3513 757 3562 de
776 3527 831 3573 qua
839 3512 930 3574 Scipio
943 3512 1018 3570 queri
1038 3509 1160 3560 noluerat
1177 3511 1228 3559 nisi
1239 3512 1303 3574 post
1320 3515 1441 3560 mortem.

217 3581 310 3646 ltaque
330 3583 402 3632 recte
420 3581 474 3630 iem
488 3581 571 3632 Aldus
591 3583 710 3645 spuriam
729 3597 822 3632 uocem
841 3583 1016 3644 expunxerat.
1105 3619 1110 3627 .

288 3647 337 3700 Crsi
362 3665 408 3701 rea
430 3648 572 3703 Antiochus
594 3647 712 3703 deuictus
735 3653 799 3716 etc.)
833 3652 877 3716 Gt
896 3651 954 3702 Lio.
980 3650 1134 3709 xxxviii.
1159 3646 1203 3702 55.
1235 3651 1311 3703 duct.
1334 3654 1368 3702 de
1393 3654 1441 3702 nir.

217 3723 252 3771 iil.
271 3717 314 3774 53.
553 3749 559 3756 ·

288 3791 378 3844 Nihilo
395 3791 494 3844 uirtute
506 3792 642 3861 possem
660 3791 805 3859 &meuses
823 3793 886 3858 etc)
912 3794 951 3846 Gi.
969 3794 1029 3844 Liu.
1053 3793 1121 3855 epit·
1140 3793 1199 3846 libr.
1224 3794 1295 3846 nix.
1319 3796 1372 3846 Cic.
1391 3811 1440 3859 pro

217 3864 272 3914 Mil.
293 3861 318 3922 i,
342 3861 380 3917 111.
405 3865 473 3916 Veli.
492 3865 525 3924 11,
544 3861 569 3917 4.
594 3865 662 3916 Plut.
681 3867 756 3917 Rom.
774 3861 819 3917 si.
837 3867 902 3918 iiiii.<

246 3977 248 3988 .
284 3934 417 4001 posterior
438 3934 584 4001 Africanae
606 3951 657 3986 uuo
680 3936 775 4001 misor)
805 3937 879 3986 Libri
901 3938 1004 3986 tantum
1027 3949 1080 3986 nou
1109 3949 1203 3985 omues
1226 3934 1371 4002 Atticm
1394 3943 1441 3990 ut

215 4003 309 4059 mr.
346 4007 556 4067 Vndeleditores
575 4007 696 4060 dolerent
713 4013 761 4060 eet
777 4010 805 4058 et
822 4012 886 4072 post
903 4005 1006 4061 minor,
1031 4007 1101 4071 quod
1116 4011 1340 4071 transposuerunt
1357 4011 1438 4060 wem

216 4079 279 4126 ante
291 4077 440 4144 postem.
465 4081 575 4142 praeter
598 4082 787 4130 necessitatem
811 4081 983 4130 inseruerunt
995 4075 1063 4143 seit.
1109 4078 1204 4127 Possis
1222 4092 1290 4130 sane
1307 4082 1439 4145 suspicari

215 4149 288 4199 reete
311 4150 470 4212 expunctum
495 4163 559 4200 esse
581 4151 644 4199 illud
670 4156 722 4210 aut,
747 4153 885 4216 tamquam
909 4151 1042 4200 adiectum
1065 4166 1084 4198 a
1104 4149 1227 4208 librario.
1255 4152 1300 4212 qui
1325 4154 1438 4202 candem

216 4219 315 4268 aetatis
333 4219 554 4286 significationem
573 4222 671 4278 inesse¹
683 4223 709 4272 in
728 4223 818 4272 uerbis
831 4219 968 4288 portator
985 4223 1012 4271 et
1029 4219 1128 4278 πίων.
1152 4222 1233 4284 utque
1257 4222 1328 4271 hone
1348 4223 1438 4284 poste-

216 4291 313 4340 riorem
333 4290 392 4340 siue
410 4291 538 4342 minorem
550 4291 701 4342 Africanum
720 4307 771 4342 nec
789 4294 885 4342 uirtute
903 4307 954 4342 nec
971 4293 1043 4342 exito
1061 4292 1094 4342 L.
1106 4290 1231 4354 Scipione
1244 4291 1362 4342 Asiatico
1381 4291 1438 4340 teli·

216 4361 313 4410 eiorern
333 4361 384 4408 dici
403 4364 518 4424 putaret.
555 4363 676 4413 Debebat
688 4364 768 4431 igitur
778 4362 836 4414 siae
847 4378 957 4426 ponere.
993 4363 1046 4413 Sed
1059 4361 1238 4424 probabiliore
1252 4362 1437 4411 emendatione

214 4433 274 4494 ipse
293 4433 433 4496 archetypi
453 4434 620 4496 corruptelae
643 4435 808 4494 succurrisse
833 4435 898 4484 mihi
922 4435 1026 4489 uideor,
1050 4433 1096 4495 qui
1118 4446 1172 4481 una
1196 4431 1312 4481 litterula
1334 4431 1437 4480 mutate

215 4515 266 4552 eso
287 4503 383 4566 scripsi
407 4519 457 4566 pro
481 4507 535 4554 aet.
576 4505 668 4572 Magis
692 4506 762 4554 enim
786 4504 935 4555 sententiae
951 4505 1040 4554 'nexui
1062 4503 1187 4552 conuenit
1209 4502 1435 4565 comparationem

214 4573 272 4623 lieri
290 4573 360 4622 inter
381 4576 522 4636 utrumque
540 4572 691 4638 Scipionem
710 4575 862 4626 Africanum
887 4590 966 4640 quam
991 4577 1060 4624 inter
1083 4572 1236 4622 albicerium
1260 4573 1437 4635 posteriorem

214 4644 409 4705 scantationes,
428 4646 492 4710 quis
509 4659 568 4696 cum
580 4646 693 4712 utroque
704 4645 829 4710 Scipione
841 4646 967 4697 Africano
985 4644 1067 4710 paulo
1084 4643 1148 4708 post
1164 4643 1334 4705 comparatur
1346 4642 1436 4710 Scipio

214 4713 323 4766 Nasica.
