3409 5400
272 504 338 617 ltili
596 558 600 567 ,
692 500 752 571 Di}
775 498 1083 572 seruitutem

271 666 357 732 mori
379 664 493 737 coacti,
516 665 751 747 paruam'entis
775 666 969 739 constantia,
991 666 1027 729 in
1051 682 1116 750 qua
1130 662 1263 748 triginta
1284 672 1499 749 tyrannomru

268 776 366 839 iussu
388 774 572 855 porrectam
594 772 712 835 ueneni
727 772 892 856 potionem
908 792 975 837 non
991 770 1175 834 dubitanter
1197 768 1318 843 hausit,
1342 769 1498 855 quodque

269 900 312 944 ex
335 898 376 941 ea
397 877 601 962 superfuerat
621 876 826 942 iocabundus
848 879 981 942 inlisum
997 877 1097 940 lrnmo
1120 876 1244 941 clarum
1262 874 1360 939 edere
1375 896 1497 939 sonum

271 978 397 1073 coegit,
424 982 643 1069 renidensque
667 1006 763 1047 seruo
787 982 931 1070 publico,
957 986 1012 1070 qui
1036 1006 1110 1049 eam
1133 983 1321 1055 tradiderat,
1351 981 1495 1055 ‘Critiae

270 1092 384 1177 inquit,
407 1091 564 1174 propium
594 1090 669 1153 uide
699 1092 797 1177 igitur
828 1102 862 1154 ut
888 1090 953 1154 hoe
980 1090 1132 1176 poculum
1162 1090 1206 1155 ad
1234 1110 1310 1156 enm
1338 1090 1527 1153 continuos

271 1195 439 1284 perieras'.
495 1195 575 1261 Erat
606 1210 713 1261 autem
745 1200 775 1261 is
811 1196 865 1261 ex'
887 1198 1021 1283 triginta
1054 1196 1201 1282 tyrannis
1234 1194 1494 1260 crudelissimus.

271 1304 422 1367 Profecto
447 1302 607 1387 supplicio
631 1313 681 1366 est
704 1326 741 1367 se
763 1303 903 1367 liberare
926 1314 992 1367 tam
1021 1303 1118 1367 sacile
1141 1302 1336 1387 supplicium
1359 1302 1495 1386 perpeti.

270 1407 384 1493 ltaque
409 1406 628 1472 Theramenes
652 1409 788 1495 perinde
811 1419 908 1495 atque
936 1410 970 1472 in
997 1408 1179 1473 domestico
1208 1407 1326 1471 lectulo
1348 1408 1495 1471 moriens

270 1516 338 1579 uita
353 1514 504 1585 excessit,
526 1514 731 1579 inimicorum
749 1517 987 1580 existimatione
1002 1515 1144 1600 punitus,
1160 1535 1222 1577 suo
1237 1514 1357 1577 iudicio
1373 1515 1495 1577 finnus.

232 1619 260 1681 7.
360 1619 428 1684 Sed
445 1618 666 1684 Theramenes
691 1644 712 1687 a
734 1621 847 1685 litteris
871 1630 904 1684 et
925 1622 1075 1685 doctrina
1088 1620 1273 1684 uirilitatem
1295 1621 1403 1694 traxit,
1424 1618 1535 1683 tio-o

270 1727 416 1791 mantino
441 1748 519 1790 uero
543 1725 749 1812 Rhoetogeni
774 1728 816 1791 ad
848 1728 1051 1791 consimilem
1078 1728 1229 1791 uirtutem
1252 1726 1495 1812 capessendam

272 1833 368 1917 quasi
391 1832 552 1915 magistra
581 1835 688 1921 gentis
720 1854 802 1897 suae
832 1834 987 1898 ferocitas
1015 1833 1125 1896 extitit.
1181 1832 1323 1897 Perditis
1351 1852 1495 1917 namque

272 1947 303 2000 et
331 1936 470 2000 adflictis
499 1937 598 2001 rebus
627 1938 917 2013 Numantinorum,
947 1960 1021 2003 cum
1051 1960 1167 2003 omnes
1198 1939 1288 2002 ciues
1318 1936 1494 2011 nobilitate,

271 2025 421 2129 pecnnia,
443 2042 623 2108 honoribus
646 2052 837 2129 praestaret,
862 2046 969 2109 uicum
993 2064 1100 2120 suum,
1123 2045 1235 2129 quiin
1259 2066 1299 2109 ea
1315 2044 1394 2106 urbe
1410 2062 1494 2127 spe·

271 2151 476 2217 ciosissimus
501 2160 587 2223 erat,
620 2154 794 2216 contractis
824 2151 966 2237 undique
995 2152 1200 2214 nutrimentis
1228 2150 1317 2237 ignis
1339 2147 1495 2222 incendit,
1506 2166 1535 2212 rs

270 2256 482 2340 protinusque
506 2256 651 2320 strictum
676 2257 820 2343 gladium
843 2260 878 2320 in
901 2257 1009 2321 medio
1032 2258 1152 2342 posuit,
1175 2278 1215 2321 aa
1231 2256 1328 2321 binos
1350 2257 1434 2318 inter
1457 2274 1495 2319 se

270 2360 425 2425 dimicare
449 2362 553 2435 iussit,
576 2374 611 2424 ut
633 2365 737 2427 uictus
752 2366 859 2427 incisa
879 2365 1007 2427 ceruice
1023 2363 1213 2429 ardentibus
1229 2365 1322 2427 tectis
1345 2361 1494 2447 superia-

270 2479 406 2531 ceretur.
461 2467 526 2547 Qui
554 2491 628 2535 cum
657 2480 723 2534 tam
754 2470 829 2533 forti
856 2468 931 2554 lege
959 2471 1073 2534 mortis
1103 2473 1211 2535 omnis
1242 2469 1495 2554 absumpsisset,

271 2573 315 2637 ad
337 2573 485 2639 ultimum
508 2596 545 2638 se
568 2576 641 2661 ipse
665 2576 806 2641 flammis
830 2576 988 2639 inmersit.
1092 2579 1097 2585 '

270 2803 296 2858 2.
316 2807 440 2858 exhausit
458 2805 519 2858 Per.
534 2802 546 2878 ΙΙ
561 2803 589 2860 l.
606 2809 748 2873 ridensque
761 2806 797 2858 D.
809 2805 822 2874 ΙΙ
834 2807 942 2874 Critiae]
962 2809 1052 2858 euriae
1064 2805 1097 2859 B.
1118 2807 1210 2858 critiae
1226 2803 1288 2858 ΟΒ.
1299 2805 1312 2874 ΙΙ
1325 2801 1350 2861 b.
1370 2805 1494 2870 poculum

270 2881 299 2926 ut
318 2879 368 2926 hoc
387 2873 481 2942 stilll·
509 2877 608 2943 autem]
635 2881 704 2928 enim
725 2875 872 2999 Temple
891 2894 940 2930 om.
954 2893 1000 2946 pr.
1018 2876 1054 2930 Ε.
1066 2876 1080 2947 ΙΙ
1098 2876 1122 2928 l.
1143 2879 1186 2927 eet
1203 2879 1333 2941 srippticio
1354 2871 1494 2941 Terenti.

269 2949 434 3000 theramenis
452 2946 611 3001 Ancus.
623 2946 636 3014 ΙΙ
648 2949 739 3016 atqrre]
760 2965 792 2998 oe
835 2947 916 3015 ortuli
931 2947 970 3000 10.
989 2948 1043 2999 Sed
1062 2977 1095 2986 -
1113 2945 1180 3013 (ta.)
1198 2949 1284 2998 extitit
1301 2961 1350 2996 ear.
1368 2944 1399 2997 Γ.
1411 2945 1426 3012 tt
1438 2947 1494 2994 tbc·

270 3021 387 3069 remonis
406 3031 475 3070 corr.
494 3019 526 3072 A.
545 3021 708 3069 theramines
727 3016 759 3070 Β.
779 3019 792 3086 il
812 3015 851 3071 11.
870 3021 999 3087 theogeri
1017 3016 1133 3072 Attea
1141 3015 1218 3069 Torr.
1241 3019 1351 3086 thegani
1369 3015 1406 3069 D.
1431 3012 1493 3069 edd.

270 3091 290 3139 l.
310 3091 338 3142 P.
363 3091 542 3158 rhoetogcnes
567 3103 657 3154 mereo
680 3087 711 3140 A.
728 3087 741 3156 Η
760 3087 801 3141 te.
827 3101 942 3156 namque
966 3103 1015 3140 om.
1034 3087 1065 3140 Γ.
1085 3086 1097 3158 ll
1121 3084 1161 3139 13.
1182 3083 1410 3152 Numantinonrm]
1430 3081 1493 3138 add.

270 3161 419 3228 theogenes
439 3162 608 3212 rntnranlinns
626 3157 683 3226 1⁸.ss
698 3157 738 3211 ll.
758 3161 856 3212 uertite
878 3158 911 3213 B.
923 3159 937 3227 Η
957 3157 996 3211 18.
1017 3160 1084 3226 tarn]
1104 3161 1142 3210 ita
1160 3157 1187 3212 C.
1205 3161 1219 3226 Η
1235 3161 1328 3210 mortis
1347 3159 1409 3228 lege
1426 3152 1457 3210 Γ.
1469 3157 1483 3224 ΙΙ

271 3245 364 3286 orarios
382 3229 408 3282 Β
414 3228 531 3284 ΟΒΕΓ
537 3229 613 3282 Torr.
628 3229 640 3298 ΙΙ
655 3233 855 3296 adsumpsisset
870 3247 914 3299 pr.
933 3229 964 3282 Α.
974 3229 989 3298 ΙΙ
1003 3227 1042 3282 19.
1053 3231 1162 3282 *inuasit
1179 3227 1243 3282 Per.

337 3443 451 3512 perinde
469 3449 545 3510 atque
562 3441 591 3493 t‘rt
609 3440 758 3504 domestice)
777 3445 914 3494 lidebatur
934 3445 1015 3512 mogo
1027 3457 1068 3503 ec,
1087 3443 1156 3508 quod
1169 3443 1231 3492 ante
1244 3442 1366 3492 trocalem
1378 3441 1492 3506 positum

272 3517 412 3566 enrendaui
431 3517 644 3580 conspirantibus
664 3517 786 3565 omnibus
805 3517 881 3564 libris
900 3530 967 3566 mss.
986 3516 1037 3564 hoe
1055 3516 1114 3564 loco
1133 3515 1161 3564 et
1174 3513 1219 3574 lll,
1237 3509 1264 3574 l,
1284 3514 1337 3563 ext.
1359 3508 1368 3559 1
1392 3514 1419 3562 ct
1436 3510 1493 3566 llll,

271 3581 296 3646 3,
319 3584 358 3641 14.
389 3588 417 3637 ln
437 3588 572 3636 codicibus
585 3587 654 3636 hanc
667 3586 824 3650 particulam
837 3601 969 3653 nusquam
988 3587 1076 3636 iuueni
1094 3588 1252 3648 usurpatum
1265 3584 1395 3645 sequente
1408 3583 1495 3632 uocati

271 3661 317 3706 ard
330 3653 427 3722 ¹spiritu
448 3661 493 3707 arri
506 3659 599 3706 litteris
619 3659 647 3714 C,
668 3659 698 3716 G,
720 3659 749 3716 K,
770 3659 800 3717 Q.
839 3658 907 3707 Nam
923 3658 979 3714 llll,
1000 3654 1024 3715 1,
1044 3657 1095 3707 ext.
1108 3651 1134 3711 2,
1154 3671 1212 3704 cum
1226 3655 1340 3704 inlibris
1353 3653 1494 3718 impressis

272 3731 440 3778 concurreret
459 3741 491 3776 uc
510 3743 569 3776 (sum
589 3729 619 3784 (i,
640 3729 821 3791 manuscripta
840 3729 965 3792 exemplo
989 3729 1085 3778 docent
1108 3728 1133 3775 tc
1155 3727 1251 3775 endum
1277 3739 1340 3774 esse
1366 3729 1390 3774 et
1405 3720 1494 3787 merri.

272 3798 429 3844 constanter
442 3797 564 3847 Valerius
578 3801 654 3864 utque
666 3799 755 3862 posuit
767 3799 828 3848 ante
840 3801 893 3847 lms
907 3800 1017 3857 litteras,
1038 3799 1069 3862 (l,
1092 3792 1115 3853 l,
1134 3741 1160 3850 d.
1179 3797 1199 3854 l,
1217 3791 1244 3853 8,
1264 3791 1289 3847 (i.
1308 3795 1339 3850 ll,
1359 3789 1384 3853 5,
1403 3790 1429 3843 4.
1447 3793 1493 3850 ill,

271 3862 297 3921 2,
319 3861 359 3914 17.
383 3857 427 3922 111,
447 3861 472 3920 2,
492 3861 535 3918 21.
559 3867 615 3924 1111,
634 3863 660 3926 5,
679 3869 733 3916 init.
759 3869 789 3927 V,
817 3864 840 3926 l,
860 3865 878 3918 2
897 3869 969 3930 cett.)
1011 3870 1062 3918 uod
1081 3868 1188 3916 omnino
1212 3866 1375 3929 saepissime
1399 3877 1494 3914 conso·

269 3936 365 3984 nantes
390 3937 526 3998 praeeedit
549 3937 585 3998 (i,
610 3931 636 3996 8,·
660 3933 677 3986 u
702 3937 776 4000 (bisi.
801 3938 833 3992 11,
854 3934 879 3992 t.
900 3935 924 3987 7.
947 3938 981 3994 ll,
1019 3973 1025 3992 .
1046 3935 1071 3987 7.
1095 3937 1127 3995 11,
1147 3932 1172 3993 9,
1191 3929 1216 3989 t.
1244 3935 1303 3994 illl,
1325 3933 1347 3994 1,
1370 3932 1402 3986 ld
1420 3934 1493 3996 cett.)

270 4003 334 4052 Dico
347 4007 457 4066 propter
476 4005 617 4062 llundinm.
636 4007 681 4068 qni
699 4009 771 4056 ittam
791 4007 975 4063 subtilitatem,
996 4009 1070 4056 euius
1084 4021 1196 4056 eausam
1214 4007 1314 4056 nuliam
1328 4006 1495 4069 perspiceret

270 4075 408 4130 idoneam,
434 4075 517 4122 noluit
541 4077 692 4134 admittere,
724 4077 802 4126 huius
828 4077 1027 4126 consuetudinis
1052 4079 1176 4140 exempla
1200 4078 1334 4144 qttaedam
1357 4077 1494 4141 tamquam

270 4145 373 4194 rariore
392 4145 529 4210 congessit
547 4143 626 4197 Ture.
646 4146 656 4193 l
675 4161 700 4208 p.
720 4141 780 4197 457.

328 4211 423 4337 1111131.
442 4215 501 4265 ltin.
520 4216 582 4278 epit.
601 4215 671 4267 LlX.
689 4215 778 4268 l'rent.
798 4218 874 4266 strat.
892 4217 950 4276 1111,
970 4211 995 4277 5,
1015 4213 1058 4268 23.
1077 4217 1149 4268 ntor.
1166 4219 1199 4279 ll,
1222 4213 1262 4279 18,
1285 4212 1325 4270 15·
1345 4215 1441 4268 Seuer.
1461 4217 1494 4266 de

268 4301 310 4336 rra
341 4323 348 4342 ,
404 4324 410 4337 .

341 4353 511 4423 lldoetopcnt')
536 4349 658 4408 Paridem
685 4360 792 4408 secutus
817 4359 1020 4427 Rhoetogenem
1044 4361 1122 4424 posui
1147 4376 1196 4423 pro
1220 4376 1253 4411 eo
1279 4361 1322 4426 qni
1346 4361 1373 4408 in
1394 4357 1494 4408 Valerii

272 4429 346 4477 libris
366 4431 392 4478 et
409 4429 597 4494 nisenuscriptis
616 4429 643 4478 et
661 4431 801 4493 impressis
820 4432 915 4480 uitiosa
934 4431 1096 4498 Theogenes
1122 4432 1280 4494 appellatur.
1326 4431 1396 4478 idem
1422 4429 1494 4476 enim

266 4495 412 4567 Ῥηωγένης
428 4515 491 4550 esse
511 4501 621 4558 uidetur,
641 4501 715 4549 entus
735 4502 857 4552 uirtutem
876 4503 1010 4551 incudem
1028 4502 1075 4550 itlu
1088 4503 1246 4551 Nnmrmtiae
1259 4501 1397 4551 obsidione
1414 4513 1494 4561 prue-

274 4571 344 4617 dirat
368 4571 505 4634 lippiarrns
534 4571 609 4634 llisp.
634 4565 677 4624 91.
725 4571 800 4622 lilius
830 4571 1020 4639 Rhoetogenes
1050 4573 1240 4622 Celtiberorum
1269 4572 1393 4634 princeps
1422 4581 1494 4618 com·

274 4645 435 4690 memoratur
453 4658 470 4690 a
490 4639 597 4692 Valerio
622 4644 653 4702 V,
676 4639 697 4702 l,
717 4637 742 4701 5,
769 4645 812 4693 ubi
837 4643 933 4692 eadem
956 4645 1121 4706 corruptela,
1146 4659 1216 4706 qrrae
1240 4643 1292 4694 boe
1315 4642 1375 4689 loco
1397 4653 1495 4690 omnes

275 4713 417 4774 ooerrpautt
435 4713 551 4773 codices,
571 4713 717 4766 deteriores
736 4717 837 4766 tuntum
857 4714 957 4779 aliquot
974 4713 1072 4768 intecit.
