3409 5400
266 432 332 501 548
529 426 778 497 SAPIENTER
799 422 937 518 utura
955 426 1047 494 AV'l'
1068 426 1221 497 FACTA.

266 590 530 668 consideremus3
565 612 648 679 quas
684 590 817 677 quidem
850 590 898 655 sic
934 588 1138 655 ostendendo
1171 592 1299 657 minuit
1374 588 1526 655 Fessus

266 699 353 764 enim
375 699 660 785 paenitentiaeque
682 697 798 784 plenas
823 698 1090 763 animisnostris
1120 696 1252 773 subicit,
1284 718 1354 785 quo
1388 698 1524 763 minus

266 805 381 893 cupide
405 814 603 891 repetantur.

201 912 254 984 12.
354 912 423 977 Nec
446 934 563 997 parum
586 910 762 998 prudenter
776 909 998 997 Anaxagoras
1015 910 1227 997 interroganti
1243 908 1383 976 cuidam
1409 913 1522 998 quis-

263 1040 342 1085 nam
358 1028 448 1083 esset
461 1017 577 1083 beatus
600 1016 737 1092 ‘Nemo',
752 1017 866 1103 inquit,
889 1026 941 1081 ‘ex
960 1014 1012 1081 his
1029 1038 1112 1103 quos
1129 1027 1161 1081 tu
1177 1014 1290 1081 felices
1308 1018 1548 1083 existimasse

264 1125 325 1190 sed
348 1146 423 1188 eum
444 1125 479 1187 in
501 1123 555 1187 illo
579 1144 716 1188 numero
740 1124 919 1209 repperies,
943 1123 997 1208 qui
1022 1144 1043 1186 a
1066 1132 1096 1185 te
1113 1142 1152 1187 ex
1168 1123 1310 1187 miseriis
1336 1136 1519 1189 constare

263 1229 414 1297 creditur,
460 1228 535 1294 Non
559 1230 618 1293 erit
640 1229 693 1294 ille
716 1229 839 1293 diuitiis
864 1238 895 1291 et
917 1227 1098 1293 honoribus
1123 1228 1314 1305 abundans,
1343 1229 1414 1293 sed
1446 1242 1516 1294 aut

155 1405 160 1415 .
263 1336 374 1421 exigui
399 1336 485 1401 ruris
516 1347 572 1401 aut
600 1358 667 1400 non
696 1335 893 1400 ambitiosae
921 1333 1089 1399 doctrinae
1124 1334 1229 1400 tidelis
1263 1356 1302 1399 ac
1338 1338 1514 1421 pertinax

191 1442 197 1454 '
263 1443 377 1518 cultor,
399 1444 433 1509 in
456 1464 594 1508 secessu
616 1464 716 1530 quam
739 1443 773 1506 in
795 1442 903 1506 fronte
925 1440 1059 1508 beatior.

199 1550 254 1637 13.
351 1548 522 1614 Demadis·
542 1570 672 1636 quoque
702 1548 823 1613 dictum
852 1548 998 1633 sapiens.
1050 1544 1241 1611 Nolentihus
1271 1548 1359 1613 enirn
1392 1548 1549 1613 Athe-rc
1589 1586 1591 1681 p

261 1656 432 1723 niensibus
456 1656 587 1719 diuinos
610 1654 754 1720 honores
777 1653 965 1719 Alexandro
989 1652 1176 1730 decernere,
1199 1652 1351 1731 ‘Videte',
1376 1656 1506 1743 inquit,
1590 1682 1591 1693 2

262 1752 327 1841 ‘ne,
351 1763 428 1826 dum
452 1761 580 1827 caelum
604 1761 787 1837 custoditis,
811 1771 931 1827 terram
955 1759 1131 1825 amittatis'.

199 1869 257 1952 14.
353 1866 460 1949 Quam
494 1889 592 1953 porro
626 1868 785 1933 subtiliter
815 1865 1020 1933 Anacharsis
1054 1864 1147 1953 leges
1181 1889 1381 1933 aranearum
1420 1870 1501 1933 telis

264 1972 490 2061 conparabutt
524 1974 608 2039 Nam
625 1974 747 2039 utillas
765 1976 944 2039 infirmiora
960 1971 1115 2038 animalia
1131 1976 1279 2050 retinere,
1303 1975 1500 2041 ualentiora
1586 1980 1587 1984 ’

254 2080 490 2158 transmittere,
517 2084 562 2148 ita
583 2080 636 2147 his
659 2078 800 2147 humiles
829 2093 861 2145 et
883 2101 1047 2167 pauperes
1076 2082 1273 2168 constringi,
1303 2080 1430 2147 diuites
1462 2098 1537 2148 etta

261 2199 491 2277 praepotentes
516 2208 583 2254 non
606 2186 756 2275 adligari.

199 2298 251 2370 15.
350 2294 439 2361 Nihil
468 2298 565 2362 etiam
593 2293 743 2382 Agesilai
770 2293 857 2359 sacto
886 2294 1078 2380 sapientius,
1130 2294 1301 2382 Siquidem
1325 2308 1403 2361 cum
1431 2296 1493 2362 ad·

261 2423 379 2469 uersus
407 2424 476 2469 rem
504 2401 669 2489 publicam
699 2398 1038 2466 Lacedaemoniorum
1070 2402 1346 2487 conspirationem
1377 2415 1491 2469 ortam

261 2524 361 2576 noctu
382 2511 601 2596 conperisset,
628 2505 721 2595 leges
749 2506 894 2595 Lycurgi
922 2510 1077 2573 continuo
1109 2509 1297 2597 abrogauit,
1326 2532 1415 2597 quae
1446 2512 1489 2575 de

260 2616 458 2681 indemnatis
482 2614 678 2702 supplicium
700 2615 786 2679 sumi
808 2614 977 2693 uetabant;
1001 2612 1236 2705 conprehensis
1253 2628 1361 2681 autem
1385 2630 1422 2681 et
1436 2620 1524 2687 in=an
1590 2640 1591 2653 ¹

261 2724 404 2787 terfectis
428 2722 577 2786 sontibus
602 2742 619 2784 e
642 2723 785 2809 uestigio
807 2723 946 2787 restituit
971 2735 1068 2811 atque
1090 2734 1261 2811 utrumque
1283 2723 1382 2790 simul
1406 2747 1486 2811 pro·

261 2827 352 2904 uidit,
375 2850 418 2892 no
441 2827 595 2894 salutaris
619 2827 863 2893 animaduersio
893 2828 946 2894 uel
973 2830 1096 2896 iniusta
1125 2843 1214 2896 esset
1243 2831 1296 2896 uel
1325 2833 1396 2897 iure
1423 2833 1484 2898 im·

260 2934 435 3022 pediretur.
480 2931 594 3020 Itaque
610 2943 645 2996 ut
658 2953 789 3019 semper
804 2956 881 3000 esse
896 2949 1044 3022 possent,
1067 2937 1242 3025 aliquando
1258 2960 1325 3004 nou
1339 2939 1482 3004 firerunt,

259 3091 287 3146 2.
305 3093 519 3159 penitentiaeque
535 3089 568 3146 A.
586 3093 706 3157 potentia
722 3089 754 3146 F.
765 3092 779 3162 Η
790 3097 903 3148 subiecit
923 3110 994 3148 eurr.
1011 3095 1050 3154 D,
1073 3095 1149 3152 Tm.
1161 3097 1175 3163 ΙΙ
1191 3094 1217 3150 3.
1236 3101 1389 3165 reperiatur
1409 3095 1466 3168 ⁰·ll

259 3161 286 3217 4.
305 3181 339 3217 ne
356 3162 388 3218 F.
402 3162 415 3234 ΙΙ
429 3166 545 3229 prudens
565 3161 652 3217 CEF.
664 3163 678 3230 ΙΙ
694 3179 865 3234 ermagoras
887 3164 919 3222 F.
939 3167 951 3235 11
970 3166 995 3222 5.
1014 3170 1047 3220 iis
1065 3167 1101 3222 Β.
1121 3167 1176 3239 116.
1196 3171 1267 3240 eum]
1288 3172 1360 3222 iilum
1378 3167 1468 3239 131².ss

258 3236 316 3303 iilo]
333 3242 396 3304 post
411 3250 521 3287 nurnero
538 3232 567 3288 F.
586 3249 619 3286 eo
636 3233 669 3289 Γ.
683 3231 696 3306 ΙΙ
710 3239 816 3290 miseris
833 3237 925 3308 111111
942 3238 1045 3307 i.'erit]
1064 3243 1133 3292 euim
1152 3239 1184 3295 F.
1199 3239 1210 3310 ΙΙ
1224 3239 1250 3294 ll.
1269 3255 1379 3294 recessu
1400 3239 1478 3296 Tm.

273 3304 286 3377 ΙΙ
303 3305 343 3361 10.
363 3309 476 3358 demulis
496 3303 581 3359 ΟΠ
597 3311 623 3357 et
635 3321 680 3374 pr.
694 3306 727 3361 A.
745 3309 880 3361 Demades
897 3315 1009 3363 secutur
1026 3325 1043 3363 u
1061 3310 1123 3366 Par.
1135 3310 1149 3380 ΙΙ
1161 3315 1309 3365 {rotantibus
1320 3311 1357 3366 D.
1370 3313 1384 3380 ΙΙ
1396 3315 1476 3380 enim}

259 3383 349 3430 autum
368 3377 430 3447 1“.ΙΙ
449 3375 489 3430 ta
509 3379 582 3430 celos
601 3375 632 3431 F.
652 3377 664 3444 ΙΙ
687 3377 727 3433 tt.
745 3383 889 3432 anaxarsis
907 3379 943 3435 D.
969 3385 1109 3434 enacarsis
1126 3383 1191 3436 EF.
1207 3385 1220 3450 ΙΙ
1236 3386 1299 3436 telis
1316 3399 1476 3436 araneam

257 3451 335 3519 leges
353 3447 577 3517 Elluraneorum
596 3446 734 3517 0111114.
752 3451 877 3518 refluere]
901 3449 961 3506 Vid.
980 3449 1022 3505 ud.
1042 3449 1114 3509 1111.
1142 3453 1171 3510 1.
1198 3454 1239 3508 10.
1259 3455 1271 3519 ΙΙ
1295 3452 1334 3509 tt.
1352 3459 1477 3520 potentes

255 3524 406 3587 (operarum
424 3526 523 3575 errore)
548 3519 625 3574 Torr.
642 3520 656 3589 ΙΙ
675 3520 715 3574 18.
734 3537 789 3573 rom
813 3523 959 3591 pubiicum}
984 3540 1011 3589 p.
1030 3539 1050 3577 r.
1069 3523 1100 3576 F.
1117 3524 1130 3592 ΙΙ
1154 3522 1377 3591 conspirationi·
1390 3532 1475 3578 urtnrn
1589 3567 1590 3573 ,

256 3604 326 3644 cerr.
344 3589 376 3644 A.
395 3592 591 3655 conspiratione
608 3595 720 3644 mortem
734 3606 779 3660 pr.
792 3590 824 3644 Α.
836 3592 850 3661 ΙΙ
864 3591 904 3648 tit.
922 3595 1012 3661 noctu]
1031 3599 1122 3646 notum
1134 3594 1167 3649 F.
1178 3593 1192 3664 Η
1203 3600 1398 3662 comparuisset
1408 3597 1441 3652 F.
1453 3599 1467 3666 ΙΙ

255 3661 375 3728 Lycurgi
392 3662 526 3728 continuo]
545 3659 595 3714 titt.
612 3664 641 3731 gl
659 3664 730 3714 conti
747 3661 776 3714 itt
792 3677 891 3717 ruma
907 3663 939 3719 A.
952 3666 966 3734 ΙΙ
982 3661 1027 3718 21.
1045 3667 1179 3734 sontibus]
1201 3665 1263 3722 add.
1276 3671 1387 3721 easdem
1405 3684 1475 3722 eurr.

255 3727 285 3780 D
302 3735 329 3780 et
343 3745 435 3796 mereo
451 3728 484 3784 Α.
507 3729 585 3783 Torr-
602 3729 666 3784 uda.
689 3736 801 3786 medem
820 3735 899 3804 teges
916 3734 980 3791 Pur.
996 3735 1010 3804 ΙΙ
1027 3737 1177 3806 utrumque]
1202 3755 1255 3803 que
1277 3754 1327 3794 en.
1348 3739 1379 3796 0.
1399 3739 1412 3810 n
1430 3737 1476 3796 23.

253 3799 377 3866 possent]
396 3797 458 3852 add.
475 3802 554 3869 leges
570 3797 608 3853 D.

326 3935 377 4021 12.Ι
386 3935 415 3987 ia
431 3950 534 4023 sepau
551 3955 627 4008 quem
644 3939 779 4008 iasreate
796 3944 919 4007 derum)
946 3948 1057 4016 Pighius
1075 3952 1102 4002 tn
1123 3954 1245 4022 momine
1264 3955 1385 4006 editionis
1405 3969 1473 4006 sune

252 4025 301 4076 pro
319 4025 397 4060 uena
413 4013 546 4074 scriptura
563 4012 701 4065 aduolauit
717 4030 830 4076 recessa,
848 4021 918 4080 qnod
938 4025 1096 4086 receperunt
1109 4025 1220 4074 colerus
1235 4027 1318 4089 etqui
1331 4031 1393 4091 pust
1411 4041 1472 4078 eum

252 4083 389 4135 Valerium
407 4081 558 4138 ediderunt,
577 4083 649 4133 haud
668 4087 748 4137 dubie
766 4091 829 4153 quia
845 4103 963 4141 εει-ιω
980 4106 1013 4142 co
1032 4093 1182 4160 significatu
1202 4099 1318 4148 nondum
1337 4100 1471 4148 inuentum

251 4157 302 4213 est,
322 4168 381 4204 cum
400 4152 503 4202 interim
516 4153 682 4205 tritissimum
695 4157 731 4205 sit
742 4171 869 4211 recessu.
906 4161 1006 4212 Eodem
1025 4177 1137 4226 prorsus
1150 4168 1228 4217 modo
1242 4167 1319 4218 tronti
1332 4181 1471 4219 moessuru

250 4225 377 4291 opposuit
394 4225 482 4283 Quint.
500 4223 519 4280 1.
539 4221 570 4281 4.
588 4219 620 4281 2.
635 4223 699 4292 ptus
714 4225 794 4281 tebet
815 4227 845 4280 ia
867 4245 971 4284 recessu
994 4247 1072 4300 quum
1087 4234 1183 4300 fronte
1200 4237 1341 4304 premittit.
1377 4237 1471 4306 Neque

249 4300 340 4348 tamen
359 4295 486 4363 intellego
505 4295 567 4358 quid
585 4293 676 4347 obstet
693 4300 756 4360 quin
774 4303 810 4350 ab
828 4302 914 4354 alteru
927 4319 1032 4371 quoque
1044 4308 1176 4358 uocabulo
1189 4323 1250 4359 eam
1268 4311 1469 4361 hauriatiouem

248 4369 410 4418 autfertum
430 4381 494 4416 esse
513 4368 559 4418 aut
577 4365 634 4418 fleri
652 4370 774 4432 potuisse
792 4375 944 4434 credamus,
963 4389 1078 4439 eamque
1097 4379 1132 4428 ob
1145 4393 1257 4432 eausam
1270 4383 1343 4433 recte
1361 4397 1468 4433 manum

247 4440 410 4490 abstinuisse
428 4439 493 4489 mihi
512 4439 612 4491 uideor.

318 4505 359 4560 13.
378 4510 417 4560 Cf.
434 4508 508 4562 Suid.
527 4525 552 4562 u.
571 4506 722 4580 (Δημάδης)
741 4513 843 4585 Δημέου
861 4511 964 4571 vedeo.
982 4513 1040 4571 del.
1060 4535 1085 4574 u.
1104 4521 1131 4574 h.
1151 4523 1181 4582 V,
1203 4519 1243 4576 12.

319 4574 360 4629 lt.
381 4580 419 4630 ct
439 4577 624 4634 elucente.
648 4581 723 4636 Stob.
742 4599 823 4639 serm.
842 4581 886 4641 43.

317 4643 359 4698 15.
372 4649 412 4697 Cf.
420 4649 489 4702 Plut.
498 4651 627 4717 apophth.
636 4653 702 4709 Lae.
712 4653 810 4727 (dges.
823 4654 879 4725 7³),
892 4661 938 4723 qui
947 4661 1041 4714 temen
1052 4663 1190 4726 paululum
1202 4664 1315 4718 discedit
1324 4681 1342 4719 a
1351 4667 1465 4723 Valerio.
