3409 5400
309 442 372 509 tu
611 442 773 510 LIBERE
794 443 928 510 DICTA
951 443 1042 510 AVT
1064 445 1218 515 FACTA.

307 604 445 690 Pompei
472 609 647 671 auctoritas
677 608 793 671 totiens
823 630 899 673 cum
926 608 1075 672 libertate
1109 608 1228 673 luctata
1266 620 1332 681 est,
1364 630 1425 672 nec
1458 609 1546 671 sine

307 732 431 799 magna
453 713 560 789 laude,
585 716 739 801 quoniam
764 717 872 778 omnis
904 716 1037 801 generis
1066 714 1235 779 hominum
1264 714 1414 779 licentiae
1445 716 1544 779 ludi·

305 818 376 882 brio
401 842 476 884 esse
500 822 608 907 quieta
629 824 735 886 fronte
759 822 837 887 tulit.
885 824 943 888 Cu.
968 821 1058 897 Piso,
1082 846 1155 887 eum
1179 822 1351 886 Manilium
1372 823 1542 907 Crispum

305 948 396 991 reum
427 939 540 1015 ageret
567 950 705 1015 eumque
735 929 902 992 euidenter
932 940 1103 993 nocentem
1134 930 1240 1017 gratia
1271 928 1409 1014 Pompei
1445 930 1542 1013 eripi

306 1034 441 1110 uiderer,
463 1035 598 1099 iuuenili
621 1037 743 1121 impetu
767 1058 806 1099 ao
835 1036 944 1099 studio
969 1038 1190 1100 accusationis
1221 1048 1395 1121 prouectus
1423 1035 1569 1098 multas

306 1154 337 1204 et
367 1142 484 1227 grauia
512 1143 649 1205 erimina
677 1144 879 1230 praepotenti
914 1142 1081 1206 defensori
1115 1142 1244 1209 obiecit.
1301 1142 1538 1228 Interrogatus

306 1248 421 1311 deinde
446 1248 487 1311 ab
511 1270 551 1313 eo
575 1272 631 1313 cur
656 1272 720 1313 nou
745 1273 782 1314 se
807 1272 937 1337 quoque
961 1262 1143 1323 accusaret,
1175 1248 1257 1321 ‘Da'‚
1280 1250 1394 1334 inquit.
1418 1260 1538 1333 ‘prac-

306 1353 365 1419 des
389 1355 612 1441 reipublicae,
637 1371 678 1432 te,
702 1359 730 1423 si
750 1356 933 1443 postulatus
951 1356 1062 1433 fueris,
1086 1354 1180 1421 ciuile
1204 1353 1323 1419 bellum
1348 1376 1415 1418 nou
1439 1356 1537 1417 exci-

305 1472 455 1537 taturum,
479 1476 509 1525 et
533 1464 598 1527 iam
623 1464 663 1529 de
688 1476 741 1529 tuo
765 1465 857 1549 prius
888 1484 987 1548 quam
1010 1462 1051 1526 de
1074 1462 1200 1526 Manilii
1222 1463 1327 1546 eapite
1357 1463 1391 1525 in
1415 1462 1536 1525 eonsi-

303 1568 382 1633 lium
410 1552 537 1635 iudices
565 1570 710 1636 mittam'.
767 1570 817 1635 lta
845 1570 962 1642 eodem
991 1569 1113 1633 iudicio
1142 1570 1226 1633 duos
1258 1569 1412 1640 sustinuit
1437 1589 1575 1638 reos-ma

305 1678 515 1741 accusatione
544 1675 732 1743 Manilium.
765 1678 913 1741 libertato
940 1676 1150 1762 Pompeium,
1184 1687 1216 1738 et
1246 1696 1361 1739 eorum
1388 1674 1535 1739 alterurn

304 1783 378 1869 lege
402 1786 537 1869 peregit,
562 1782 699 1847 altorum
723 1784 940 1870 professione,
966 1805 1031 1869 qua
1054 1782 1161 1847 solum
1184 1794 1319 1869 poterat.

287 1931 295 1945 ·
394 1888 481 1968 Quid
505 1890 612 1979 ergo?
640 1892 773 1955 libertas
802 1892 875 1955 sine
905 1888 1058 1953 Catone?
1087 1912 1154 1953 non
1181 1890 1291 1975 magis
1320 1910 1419 1974 quam
1443 1887 1533 1951 Cato

305 1995 376 2059 sine
406 1994 562 2064 libertate.
612 1998 698 2063 Nam
727 2020 800 2063 cum
830 1999 864 2061 in
894 2008 1080 2061 senatorem
1109 2009 1281 2060 nocentem
1310 2008 1341 2058 et
1367 1995 1530 2058 infamem

303 2124 395 2167 reum
424 2103 520 2169 iudex
549 2105 692 2170 sedisset
719 2104 924 2190 tabellaeque
954 2103 1013 2168 Gn.
1038 2102 1174 2188 Pompei
1202 2102 1425 2166 laudationem
1453 2103 1565 2167 eiusu

265 2214 269 2221 “
303 2211 505 2276 continentes
529 2212 673 2297 prolatae
698 2224 825 2287 esseut,
853 2209 969 2295 procul
997 2208 1095 2273 dubio
1128 2208 1279 2273 efficaces
1308 2208 1436 2272 futurae
1465 2229 1527 2293 pro

303 2320 412 2393 noxio,
437 2320 614 2383 summouit
637 2342 695 2383 eas
720 2318 959 2403 equaestione,
982 2315 1091 2402 legem
1110 2316 1288 2389 recitando,
1313 2338 1379 2401 qua
1393 2324 1527 2378 cautum

304 2436 373 2489 orat
403 2447 443 2488 ue
472 2426 677 2491 senatoribus
702 2424 757 2490 tali
782 2422 902 2487 auxilio
925 2423 971 2485 uti
992 2421 1112 2488 liceret.
1164 2422 1248 2486 Huic
1271 2422 1357 2485 facto
1384 2442 1526 2506 persona

304 2530 553 2595 admirationem
578 2533 709 2597 ademit.
761 2530 846 2596 Nam
877 2550 961 2615 quae
990 2530 1025 2593 in
1053 2528 1117 2593 alio
1141 2530 1281 2595 audacia
1304 2528 1468 2591 uideretur
1491 2528 1525 2590 iu

305 2634 428 2700 Catone
454 2638 571 2702 fiducia
595 2639 814 2726 cognoscitur.
1532 2652 1560 2694 2⁰

287 2783 294 2798 ·
394 2744 452 2808 Gu.
469 2744 626 2810 Lentulus
642 2747 852 2812 Marcellinus
876 2747 1003 2823 consul,
1026 2769 1102 2810 cum
1124 2747 1157 2809 iu
1174 2745 1325 2808 contione
1348 2742 1389 2804 de
1409 2741 1524 2828 Magni

303 2849 440 2934 Pompei
473 2851 573 2916 nimia
602 2857 745 2938 potentia
775 2865 962 2940 quereretur
997 2853 1226 2938 adsensusque
1263 2852 1292 2921 ci
1326 2849 1416 2912 clara
1442 2871 1521 2911 uoco

305 2956 478 3020 uniuersus
503 2960 642 3044 populus
667 2973 772 3034 esset.
797 2947 1175 3046 ‘Adclamatoss’inquiu
1205 2957 1415 3028 ‘adelamate‚
1444 2955 1521 3036 Qui·

303 3064 398 3140 rime,
432 3063 508 3129 dum
538 3065 628 3142 licet3
662 3069 727 3132 iam
759 3071 844 3133 euim
874 3067 969 3131 uobis
996 3067 1118 3152 inpune
1153 3066 1263 3130 facere
1297 3085 1362 3127 non
1395 3060 1519 3126 licebit'.

307 3257 330 3311 i.
350 3261 479 3310 antorilus
498 3258 530 3313 F.
546 3260 559 3329 ΙΙ
576 3265 656 3314 toties
670 3279 715 3330 pr.
735 3262 766 3319 A.
790 3263 867 3316 Torr.
883 3263 897 3332 ΙΙ
914 3260 939 3316 2.
959 3261 1097 3327 qnoniam]
1119 3264 1181 3324 quin
1199 3259 1236 3314 D.
1254 3261 1268 3326 ΙΙ
1280 3261 1386 3311 lieentia
1399 3285 1412 3311 ι
1430 3256 1461 3308 Α.
1472 3253 1521 3323 ud.

304 3333 379 3381 osset
396 3345 466 3384 corr.
484 3330 515 3384 A.
528 3331 541 3398 ΙΙ
554 3336 695 3399 crispinum
715 3333 746 3388 F.
759 3333 809 3403 114.
822 3352 935 3398 eumque
953 3333 1013 3387 Ac.
1027 3333 1041 3402 ii
1055 3336 1156 3384 uideret
1174 3334 1240 3396 oripi
1254 3331 1355 3398 Turul}
1367 3327 1394 3382 5.
1412 3343 1521 3387 ottus*-

304 3404 401 3452 tiouem
416 3417 460 3469 pr.
479 3402 511 3454 A.
531 3408 563 3454 ad
585 3408 781 3457 accersationom
801 3421 870 3459 corr.
886 3405 917 3458 A.
929 3406 942 3472 ΙΙ
956 3409 1115 3470 prouocatus
1134 3401 1162 3455 F.
1180 3402 1238 3471 116.
1258 3402 1433 3467 praeponenti
1450 3397 1486 3451 D.
1497 3399 1511 3463 ΙΙ

305 3469 329 3522 i.
352 3475 456 3540 deiude}
480 3489 528 3525 out.
551 3475 581 3527 F.
604 3479 709 3528 domum
731 3477 766 3530 Ε.
779 3478 850 3545 fleur
872 3494 924 3529 non
946 3495 977 3528 se
999 3476 1116 3544 quoquo]
1138 3474 1178 3526 eie
1199 3473 1258 3526 Dl'
1277 3478 1303 3525 ei
1322 3471 1350 3522 iu
1371 3485 1469 3522 mm
1490 3469 1520 3522 Α·

304 3557 350 3592 eur
375 3559 405 3594 so
429 3562 481 3596 nou
506 3563 609 3613 quoque
634 3546 695 3600 EF.
720 3565 798 3600 cursu
824 3545 876 3601 non
899 3566 1005 3615 quoque
1025 3547 1054 3600 C.
1079 3564 1126 3597 eur
1149 3563 1180 3597 so
1204 3561 1309 3611 quoquo
1333 3559 1387 3593 non
1410 3540 1511 3605 Turni!

304 3620 476 3667 aeetrsuretur
502 3615 530 3668 F.
551 3619 564 3684 ΙΙ
585 3621 726 3682 praesides
747 3616 775 3670 F.
793 3622 806 3687 11
824 3618 849 3670 a.
867 3620 983 3686 etiam]
1007 3622 1086 3670 otiam
1108 3615 1203 3669 ΑΒΓ.
1221 3618 1234 3683 ΙΙ
1255 3615 1338 3680 prins]
1367 3615 1429 3678 pios
1455 3611 1511 3676 Ι·’.ΙΙ

306 3682 346 3737 id.
374 3685 544 3742 iudiciumE
566 3693 591 3738 et
610 3689 638 3739 ia
659 3704 755 3740 romra
776 3689 811 3742 D.
834 3689 846 3756 Η
873 3688 912 3743 ii.
940 3693 1048 3740 nautum
1071 3703 1117 3756 pr.
1144 3686 1175 3740 Γ.
1196 3688 1212 3753 Η
1236 3685 1275 3739 12.
1300 3687 1464 3751 proiectione
1490 3681 1519 3735 F·

315 3756 327 3823 Η
347 3753 387 3808 13.
412 3774 478 3826 ergo
508 3773 557 3808 om.
580 3755 611 3809 Γ.
629 3759 642 3826 ΙΙ
659 3762 780 3826 libertas}
808 3759 871 3812 aad.
897 3766 940 3813 est
962 3759 994 3814 F.
1015 3761 1027 3830 ΙΙ
1050 3757 1091 3812 ili.
1120 3777 1167 3824 pro
1192 3758 1281 3823 noxio]
1309 3759 1403 3822 prexia
1422 3769 1467 3822 pr.
1489 3753 1519 3806 Δ.

302 3828 425 3890 pruxIma
454 3825 506 3878 CF
531 3831 556 3876 et
583 3843 652 3879 corr.
680 3829 714 3882 E.
743 3833 863 3893 proximo
893 3831 927 3883 D.
955 3835 1075 3896 proxime
1098 3844 1143 3898 pr.
1172 3828 1207 3882 Ε.
1236 3830 1354 3893 protinus
1385 3825 1416 3877 Γ·
1441 3831 1453 3891 ΙΙ
1482 3821 1520 3876 ¹⁹·

303 3897 384 3960 «quael
405 3912 454 3946 om.
472 3895 507 3948 E.
527 3901 594 3962 quod
614 3897 642 3952 Γ.
655 3901 668 3967 ΙΙ
680 3897 723 3951 ll.
742 3903 767 3964 S.
787 3898 810 3952 ii.
825 3918 874 3954 om.
888 3901 918 3954 Γ.
931 3904 944 3968 ΙΙ
956 3905 1116 3953 marcelinus
1124 3917 1170 3968 pr.
1183 3899 1214 3951 A.
1226 3900 1241 3966 ΙΙ
1252 3903 1285 3950 de
1299 3914 1348 3950 om-
1362 3896 1392 3948 F·
1404 3898 1418 3961 ΙΙ
1430 3897 1521 3964 Mngni

303 3979 352 4015 om.
371 3964 406 4017 it.
419 3964 486 4034 1122.
506 3969 614 4032 Pompei
635 3985 683 4022 aar.
704 3969 732 4023 0.
744 3969 758 4038 ΙΙ
770 3967 813 4026 23.
828 3975 980 4023 acdrunate
997 3977 1116 4039 (atroque
1133 3971 1201 4031 loeo)
1219 3985 1288 4022 corr.
1305 3967 1520 4033 annaneane

304 4037 430 4103 Quirites]
450 4040 611 4105 traamoeuit
628 4040 755 4110 ascriptis
782 4043 823 4096 leis
845 4043 915 4095 notis
939 4048 990 4081 ⁴‘-
1009 4050 1052 4082 ⁴-
1071 4058 1140 4096 corr.
1158 4041 1190 4093 Α.
1216 4043 1325 4109 epitritos
1349 4037 1459 4106 (omisso
1477 4041 1519 4088 aa·

302 4107 428 4172 eiaruato)
441 4107 469 4161 C.
483 4110 598 4171 erirites
612 4115 761 4164 acclamate
772 4113 832 4168 Pur.
846 4115 922 4168 'sora
934 4115 947 4184 ΙΙ
959 4113 1002 4167 24.
1013 4132 1065 4166 non
1075 4129 1124 4165 om.
1133 4113 1168 4166 Ε.
1180 4112 1194 4179 ΙΙ
1207 4115 1267 4164 ticet
1278 4109 1366 4164 CEF.
1379 4113 1477 4162 licebat
1484 4107 1519 4162 D.

807 4242 1017 4254 ψ

374 4320 399 4375 5.
419 4325 457 4374 Gi.
477 4325 544 4375 Plul.
564 4329 619 4382 eat.
639 4331 700 4380 min.
719 4327 762 4383 48.
781 4333 815 4380 id.
835 4334 925 4396 Pomp.
944 4326 988 4383 55.
1011 4329 1061 4379 uto
1080 4331 1159 4380 cass.
1176 4326 1235 4382 xt..
1254 4321 1297 4376 55·
1317 4342 1343 4388 Ρ·
1361 4321 1422 4376 255·
1440 4325 1519 4374 lstim-

374 4401 518 4447 senatorem
536 4404 676 4458 nocentem)
701 4403 834 4452 lirruatius
855 4404 970 4452 Plancus
995 4403 1018 4450 is
1037 4403 1109 4454 crat,
1134 4400 1277 4466 iugeraque
1300 4397 1373 4446 iilam
1391 4411 1425 4445 ue
1443 4411 1518 4445 sona·

303 4468 405 4516 toribus
425 4468 472 4517 tuli
491 4470 589 4519 transilio
609 4473 645 4521 uti
669 4473 760 4523 liceret
783 4473 923 4522 Plutarcho
948 4476 973 4521 et
995 4473 1079 4521 tuone
1102 4470 1216 4519 testibus
1242 4471 1302 4533 ipso
1325 4468 1422 4517 tulerat
1445 4466 1519 4516 Pom·

304 4539 388 4600 peius.
426 4540 464 4589 Cf.
484 4539 562 4590 etiam
582 4541 631 4591 Dio
650 4545 728 4594 (iuss.
748 4545 805 4601 XL.
824 4541 861 4594 52
880 4561 904 4607 p.
924 4539 977 4595 255
995 4543 1078 4593 Reim.

374 4604 399 4657 o.
423 4623 480 4658 eom
508 4609 672 4661 incautione
694 4610 726 4662 rie
744 4611 837 4679 Mapni
855 4614 961 4685 Pompei
985 4611 1067 4665 nimia
1085 4609 1205 4680 potentio
1229 4616 1390 4680 quereretur)
1415 4611 1454 4660 Cf.
1472 4610 1520 4662 Dio

303 4677 381 4726 Cass.
400 4677 527 4738 xxxix,
544 4677 588 4731 28.
609 4698 635 4747 p.
653 4679 704 4732 204
723 4684 806 4736 Reim.
