3409 5400
342 496 406 560 720
491 490 623 558 DICTA
645 434 841 557 INTROBA
865 488 957 556 AVT
978 487 1123 554 FACTA
1146 488 1422 556 SCELERATA.

341 653 426 717 diem
450 664 481 717 et
503 676 683 740 oppressos
711 654 745 717 in
766 650 929 738 Hispania
950 651 1125 736 Scipiones
1149 662 1180 719 et
1203 650 1437 716 Trasimenum
1463 651 1579 715 laeum

341 772 371 821 et
399 760 530 824 Cannas
561 760 785 845 bellorumque
814 758 957 822 ciuilium
987 756 1169 821 domestico
1198 760 1362 844 sangnine
1390 770 1578 822 manantes

341 870 480 943 furores,
504 868 688 933 amentibus
711 866 889 951 propositis
906 864 1026 927 tirroris
1043 864 1089 926 tui
1111 877 1359 950 repraesentare
1378 876 1413 927 et
1437 866 1578 927 uincere

339 974 480 1041 noluisti.
535 972 604 1037 Sed
634 970 811 1057 uigilarunt
840 968 925 1033 oculi
955 970 1108 1044 deorum,
1143 970 1255 1035 sidera
1286 994 1382 1035 suum
1416 974 1575 1058 uigorem

244 1122 250 1134 ·
339 1082 556 1153 obtinuerunt,
580 1100 667 1153 arae,
690 1078 892 1163 puluinaria,
916 1076 1055 1161 templa.
1084 1081 1249 1163 praesenti
1279 1078 1416 1141 numine
1449 1078 1589 1141 uallem

340 1200 415 1251 sunt
436 1186 595 1272 nihilque,
620 1183 708 1271 quod
731 1206 791 1269 pro
815 1184 921 1269 capite
945 1182 1088 1269 Augusti
1121 1207 1160 1248 ae
1188 1185 1293 1269 patria
1320 1185 1495 1247 excubare
1523 1184 1575 1245 de·

339 1292 415 1365 buit,
438 1306 602 1379 torporem
626 1290 689 1354 sibi
712 1290 868 1375 permisit,
893 1300 925 1351 et
947 1290 980 1352 in
999 1291 1113 1375 primis
1130 1304 1244 1353 auctor
1260 1312 1299 1353 ae
1316 1289 1419 1353 tutela
1436 1306 1574 1353 nostrae

338 1398 567 1462 incolomitatis
602 1418 641 1461 ne
678 1396 952 1461 excellentissima
982 1398 1098 1460 merita
1130 1419 1193 1461 sua
1221 1400 1318 1460 totius
1348 1396 1447 1459 orbis
1478 1400 1575 1458 ruism

338 1504 585 1569 conlaberentur
612 1503 724 1566 diuino
749 1502 888 1565 consilio
917 1502 1067 1588 prouidit.
1115 1498 1225 1589 ltaque
1255 1515 1318 1567 stat
1343 1526 1428 1588 par,
1464 1503 1574 1565 ualent

338 1612 445 1698 leges,
481 1613 630 1676 sincerus
665 1609 782 1696 priuati
812 1630 851 1671 nc
880 1608 1001 1693 publici
1030 1608 1130 1672 officii
1159 1621 1250 1671 tenor
1279 1620 1447 1675 seruatur.
1514 1609 1587 1687 Qui.

339 1730 445 1783 autem
476 1717 557 1781 bace
587 1716 718 1779 uiolatis
749 1715 910 1779 amicitiae
940 1714 1128 1778 foederibus
1163 1718 1333 1801 temptauit
1362 1714 1572 1779 subuertere.

339 1824 428 1887 omni
451 1844 524 1887 eum
549 1823 648 1906 stirpe
673 1844 733 1885 sua
745 1820 856 1905 populi
873 1820 1015 1885 Romani
1030 1821 1156 1885 uiribus
1180 1820 1328 1896 obtritus,
1352 1822 1458 1885 etiam
1483 1820 1571 1905 apud

338 1928 476 2001 interos,
511 1929 540 1991 si
570 1938 680 1991 tamen
709 1926 785 1991 illuc
818 1939 970 2012 receptus
1006 1939 1073 2005 est,
1108 1950 1193 2015 quae
1221 1939 1364 1993 meretur
1404 1926 1572 2014 supplicia

337 2034 458 2119 pendit.

343 2190 366 2246 l.
384 2196 411 2245 et
429 2196 600 2245 trasimenum
615 2208 660 2261 pr.
678 2192 710 2249 A.
730 2200 758 2245 et
775 2196 987 2246 thrasimennum
1007 2207 1077 2244 corr.
1088 2192 1120 2247 A.
1140 2196 1167 2245 et
1185 2195 1378 2245 transimenum
1399 2192 1470 2247 GE.
1489 2197 1570 2246 Thra·

340 2281 480 2331 symetrum
499 2262 603 2323 (omisso
622 2268 660 2321 et)
683 2262 759 2317 Torr.
773 2263 786 2330 ΙΙ
802 2264 828 2317 2.
847 2268 987 2317 medentes
1005 2262 1034 2315 E
1055 2270 1081 2316 et
1104 2279 1173 2316 cerr.
1192 2262 1225 2315 A.
1249 2266 1403 2316 medentem
1428 2264 1514 2319 Torr.
1524 2264 1569 2335 1Ιᾶ

339 2336 454 2403 tereres]
475 2338 571 2387 furoris
586 2350 629 2403 pr.
650 2335 680 2387 A.
700 2332 838 2387 hemetbiei
855 2350 926 2389 corr.
943 2334 976 2387 A.
994 2337 1041 2385 snt
1053 2334 1132 2387 hemi
1143 2350 1234 2401 nereo
1252 2334 1284 2387 A.
1303 2337 1485 2388 Aemathism
1498 2338 1570 2389 Torr.

352 2408 364 2477 ΙΙ
378 2404 404 2460 l.
422 2408 528 2459 notetisti
542 2421 587 2474 pr.
604 2404 636 2458 A.
648 2404 662 2473 ΙΙ
674 2408 794 2475 uigorem
813 2422 891 2458 suum
912 2404 988 2458 Torr.
1002 2404 1055 2475 115.
1075 2406 1255 2472 obtin[uernnt
1273 2406 1352 2472 elree
1371 2405 1404 2460 A.
1421 2407 1436 2474 ΙΙ
1454 2411 1569 2476 [numine

338 2507 373 2517 -
392 2474 441 2543 (θ.)
459 2479 589 2545 nilhitque
607 2474 639 2529 A.
658 2476 670 2543 11
689 2474 715 2529 ti.
741 2478 839 2544 [eapite
858 2506 893 2516 —
911 2477 1058 2543 exculbere
1081 2474 1112 2529 A.
1129 2476 1143 2543 ΙΙ
1162 2476 1187 2527 i.
1211 2481 1318 2542 torpore
1334 2494 1382 2545 pr.
1403 2480 1440 2533 A.
1465 2486 1567 2545 torpere

339 2564 409 2601 cerr.
427 2548 458 2602 A.
476 2550 490 2618 Η
505 2550 586 2600 tutete
602 2564 646 2617 pr.
665 2547 697 2601 A.
718 2551 729 2617 ΙΙ
748 2548 774 2603 8.
794 2550 983 2599 incolumitatis
1003 2545 1173 2600 CDETorr.
1192 2553 1217 2598 et
1234 2563 1305 2601 corr.
1323 2547 1354 2601 A.
1379 2548 1451 2605 add.
1476 2554 1568 2616 iupiter

338 2618 365 2673 E
384 2625 410 2671 et
427 2635 496 2674 corr.
517 2618 579 2673 ΟΒ.
591 2621 605 2688 ΙΙ
619 2618 660 2673 to.
679 2622 768 2689 tegent
781 2636 826 2687 pr.
845 2618 877 2672 A.
892 2617 905 2689 ΙΙ
923 2618 962 2672 tt.
981 2621 1106 2684 pependit
1123 2616 1160 2672 D.

337 2803 426 2864 strupo
447 2796 594 2858 sudatum,
624 2799 704 2864 (quod
731 2801 786 2850 uuit
808 2800 941 2863 pertinere
960 2800 994 2848 ed
1013 2795 1124 2860 urbem.)
1148 2797 1287 2850 Alliensem
1311 2796 1383 2849 diem
1409 2807 1442 2853 et
1465 2823 1491 2869 q.
1516 2820 1566 2869 seq.

340 2871 455 2919 Primum
478 2871 546 2918 enim
572 2885 619 2918 eur
642 2873 705 2920 urbe
724 2871 891 2934 potissimum
911 2885 946 2919 ee
963 2872 1046 2920 caede
1060 2872 1093 2919 nd
1107 2871 1259 2922 Cremeram
1279 2871 1352 2920 tecte
1372 2873 1491 2924 foedata
1509 2891 1566 2926 esse

339 2941 470 2990 diceretur
488 2953 572 2988 cause
590 2943 649 2990 erat
667 2942 753 2998 ntrtte,
775 2943 829 2991 tum
850 2943 873 2990 si
892 2941 1036 2991 Torrentem
1058 2955 1163 2992 omnem
1183 2943 1243 2990 huie
1261 2944 1450 2995 emendationi
1470 2950 1566 2995 dubiu-

339 3012 436 3060 tionem
456 3025 488 3059 eo
507 3011 585 3059 eximi
605 3013 734 3074 opinetur.
753 3014 822 3074 qnod
838 3013 991 3063 Perizonius
1010 3014 1044 3062 de
1061 3012 1131 3062 binis
1146 3013 1268 3062 cladibus
1280 3014 1348 3062 inter
1361 3027 1396 3063 se
1415 3019 1564 3067 coniuncte·

338 3082 483 3136 monuerit.
504 3083 624 3144 componi
648 3083 750 3132 seilicet
774 3085 867 3133 urbem
891 3100 909 3132 a
927 3083 1012 3133 Gallis
1030 3086 1135 3147 captam
1159 3099 1219 3132 eum
1238 3083 1329 3133 Fabiis
1352 3087 1391 3133 sd
1411 3089 1564 3138 Cremeram

338 3153 437 3210 eaesis,
456 3151 602 3202 Alliensem
616 3153 684 3202 diem
697 3168 756 3202 eum
769 3153 916 3205 interiectis
929 3153 1106 3216 Scipionibus,
1119 3153 1305 3203 Trasimenum
1318 3155 1410 3205 tecum
1426 3175 1490 3209 cum
1504 3163 1564 3209 Ceu

338 3225 394 3280 nis3
414 3237 510 3274 reuera
529 3237 561 3273 ne
580 3223 656 3273 deest
666 3225 770 3289 quidem
789 3225 835 3274 itin
853 3225 951 3290 copule
968 3227 1030 3273 ente
1051 3221 1238 3276 Trasimenum.
1274 3229 1350 3284 Quec
1371 3243 1438 3278 eum
1459 3232 1497 3278 ite
1510 3233 1563 3279 sint

339 3298 382 3347 net
400 3295 496 3345 inuitus
516 3295 633 3346 adducor
659 3301 686 3344 ut
711 3297 794 3345 uerbe
812 3297 948 3346 codicibus
972 3296 1070 3344 tradite
1087 3297 1205 3363 genuine
1228 3299 1254 3345 et
1276 3297 1391 3361 entique
1414 3315 1486 3351 esse
1509 3318 1562 3350 aue·

338 3373 475 3428 toremquc
494 3367 649 3417 contudisse
667 3367 735 3415 duas
759 3367 821 3415 ittae
841 3367 933 3418 eludes
952 3371 979 3416 et
997 3365 1096 3415 Fabios
1115 3369 1185 3430 apud
1206 3367 1302 3416 Attium
1322 3369 1436 3419 occisos
1457 3374 1562 3437 indeqcs

338 3439 467 3506 originem
486 3439 604 3487 traxisse
623 3437 756 3487 nefastum
776 3438 921 3488 Alliensem
941 3438 1009 3487 diem
1029 3440 1141 3501 putasse
1159 3439 1275 3492 credam.
1312 3440 1475 3492 Concedam
1488 3446 1561 3493 inerr-

338 3511 443 3558 dibitem
462 3507 518 3558 iere
538 3509 621 3558 uideri
640 3509 719 3557 tatem
734 3509 933 3558 notissimarum
952 3523 1040 3558 rerum
1058 3509 1086 3558 in
1098 3509 1291 3573 tpsutiomune
1303 3510 1422 3560 historie
1444 3515 1561 3582 ignores

337 3579 409 3636 tium,
429 3581 477 3629 sed
497 3579 637 3628 cumuletis
657 3579 709 3627 tam
728 3581 767 3628 tot
784 3579 904 3644 peccetis
923 3579 1004 3631 nihile
1023 3579 1182 3634 leuioribus.
1202 3580 1330 3644 quantula
1349 3581 1422 3632 haec
1445 3587 1561 3635 secessio

337 3651 452 3700 criminis
471 3649 532 3700 esti
551 3651 667 3698 Cousem
680 3649 777 3700 erroris
789 3654 970 3715 praebuerunt
989 3651 1099 3700 duorum
1111 3651 1253 3710 ttumtnum,
1273 3651 1359 3702 Attice
1380 3659 1409 3703 et
1422 3656 1560 3706 emmer-e

336 3721 449 3770 contuse
466 3719 581 3770 nomina.

408 3787 548 3841 domestico
565 3787 691 3855 eanpniee
708 3795 843 3844 mesmes
852 3791 978 3858 sereres)
1007 3793 1142 3843 Reuoceni
1166 3795 1286 3842 ueterum
1310 3793 1447 3846 tibrorurn
1471 3803 1499 3848 ct
1517 3801 1560 3848 edi

337 3863 436 3910 tionum
455 3862 622 3923 scripturum,
642 3878 755 3926 quaeum
773 3879 825 3914 non
845 3864 974 3914 debuerat
997 3864 1110 3932 Pighius
1135 3866 1237 3914 mettere
1260 3865 1451 3932 glossatomm
1472 3883 1560 3938 noges

337 3932 471 3999 tntettegtt
490 3931 611 3981 Valerius
631 3934 745 3983 omnium
765 3935 871 3984 omuino
890 3936 1020 3985 beliorum
1040 3935 1156 3984 ciuilium
1175 3939 1299 3985 eruentus
1318 3937 1416 3986 turbes
1444 3955 1465 3988 a
1484 3941 1560 3990 nerto

337 4001 467 4067 Syttnqne
487 4015 571 4064 nsque
591 4003 624 4052 nd
645 4003 783 4055 Actionem
802 4021 936 4074 pugnem,
959 4021 1071 4067 qnorum
1089 4005 1220 4057 beliorum
1239 4007 1343 4056 furores
1363 4008 1448 4058 unius
1469 4010 1560 4061 Seiani.

338 4089 398 4123 num
418 4073 488 4123 hune
509 4073 640 4137 increpet.
670 4076 770 4140 perfido
795 4079 884 4127 turore
907 4078 1126 4140 repraesentatos
1149 4083 1176 4126 et
1199 4080 1344 4139 superatos
1368 4092 1439 4128 esse
1467 4091 1561 4132 censet

338 4147 476 4195 Correetor
494 4147 582 4194 entem
607 4146 666 4195 iibri
685 4147 830 4197 tiernensis
856 4150 902 4196 eut
926 4149 995 4197 etius
1014 4150 1106 4198 neseio
1129 4148 1190 4209 quis
1210 4148 1303 4197 doetus
1327 4148 1485 4213 interpres,
1510 4169 1561 4201 cun

337 4232 389 4267 non
408 4216 557 4281 perciperet
576 4219 707 4282 quomodo
729 4219 833 4268 terrores
858 4218 991 4286 sauguine
1014 4233 1125 4268 menore
1149 4218 1198 4267 diei
1223 4220 1348 4282 possent,
1375 4223 1451 4284 quod
1479 4229 1561 4273 mmcd

337 4305 354 4337 s
378 4287 501 4353 loquendi
526 4289 717 4339 consuetudine
739 4289 817 4338 huius
843 4289 981 4352 scriptoris
1005 4289 1112 4339 minime
1135 4290 1273 4344 abhorret.
1302 4293 1392 4339 terrae
1423 4297 1562 4344 euiusdsn

337 4359 531 4409 denotationem
551 4357 709 4409 desiderans
728 4361 755 4409 et
773 4360 806 4408 de
824 4360 933 4422 proeliis
952 4361 1022 4424 apud
1042 4361 1202 4410 Pttnrsetum
1221 4363 1248 4409 et
1266 4359 1408 4424 l’hitippos
1429 4367 1562 4434 cogitans.

335 4427 496 4482 demetitum
516 4430 658 4487 substituit,
677 4429 812 4494 antiquum
832 4432 859 4480 et
879 4432 1011 4494 poeticum
1030 4431 1205 4482 Macedoniae
1228 4445 1338 4486 nomen.
1364 4435 1440 4498 qnod
1467 4439 1494 4486 in
1519 4439 1563 4487 boc

337 4501 484 4566 scriptume
503 4515 603 4569 genere
623 4501 708 4550 iocum
726 4499 832 4550 omnino
852 4503 1013 4553 nonhabet.
1061 4503 1235 4552 Consentiunt
1252 4515 1356 4552 mecum
1376 4504 1405 4554 in
1425 4509 1563 4568 probando

336 4574 463 4622 bonorum
483 4572 609 4622 librorum
627 4571 778 4621 teettmonto
797 4570 960 4632 Perizonius,
981 4573 1136 4634 Torrenius,
1155 4572 1283 4636 Keppins.
