<?xml version="1.0" encoding="UTF-8"?>
<!DOCTYPE html PUBLIC "-//W3C//DTD XHTML 1.0 Transitional//EN"
    "http://www.w3.org/TR/xhtml1/DTD/xhtml1-transitional.dtd">
<html xmlns="http://www.w3.org/1999/xhtml" xml:lang="en" lang="en">
 <head>
  <title>
</title>
<meta http-equiv="Content-Type" content="text/html;charset=utf-8" />
  <meta name='ocr-system' content='tesseract 3.04.00' />
  <meta name='ocr-capabilities' content='ocr_page ocr_carea ocr_par ocr_line ocrx_word'/>
</head>
<body>
  <div class='ocr_page' id='page_1' title='image "./valerimaximifac00parigoog_0148.png"; bbox 0 0 3409 5400; ppageno 0'>
   <div class='ocr_carea' id='block_1_1' title="bbox 438 489 1414 574">
    <p class='ocr_par' dir='ltr' id='par_1_1' title="bbox 438 489 1414 574">
     <span class='ocr_line' id='line_1_1' title="bbox 438 489 1414 574; baseline 0.007 -18"><span class='ocrx_word' id='word_1_1' title='bbox 438 489 521 558; x_wconf 86' lang='lat' dir='ltr'><strong>LIB.</strong></span> <span class='ocrx_word' id='word_1_2' title='bbox 543 490 570 571; x_wconf 91' lang='lat'><strong>1,</strong></span> <span class='ocrx_word' id='word_1_3' title='bbox 594 490 631 558; x_wconf 85' lang='grc'><strong>0.</strong></span> <span class='ocrx_word' id='word_1_4' title='bbox 655 491 687 571; x_wconf 85' lang='grc'><strong>5,</strong></span> <span class='ocrx_word' id='word_1_5' title='bbox 708 492 779 563; x_wconf 75' lang='lat' dir='ltr'><strong>bxi.</strong></span> <span class='ocrx_word' id='word_1_6' title='bbox 804 501 834 572; x_wconf 70' lang='grc'><strong>4.</strong></span> <span class='ocrx_word' id='word_1_7' title='bbox 859 494 891 563; x_wconf 76' lang='grc'><strong>3.</strong></span> <span class='ocrx_word' id='word_1_8' title='bbox 908 494 1001 563; x_wconf 83' lang='grc' dir='ltr'><strong>-Ο,</strong></span> <span class='ocrx_word' id='word_1_9' title='bbox 1026 495 1058 573; x_wconf 85' lang='grc'><strong>6,</strong></span> <span class='ocrx_word' id='word_1_10' title='bbox 1081 503 1110 574; x_wconf 67' lang='lat' dir='ltr'><strong>i.</strong></span> <span class='ocrx_word' id='word_1_11' title='bbox 1135 497 1167 563; x_wconf 88' lang='grc'><strong>3.</strong></span> <span class='ocrx_word' id='word_1_12' title='bbox 1350 498 1414 565; x_wconf 85' lang='grc'><strong>137</strong></span> 
     </span>
    </p>
   </div>
   <div class='ocr_carea' id='block_1_2' title="bbox 155 652 1542 1919">
    <p class='ocr_par' dir='ltr' id='par_1_2' title="bbox 155 652 1542 1919">
     <span class='ocr_line' id='line_1_2' title="bbox 188 652 1416 745; baseline 0.002 -25"><span class='ocrx_word' id='word_1_13' title='bbox 188 652 371 720; x_wconf 85' lang='lat' dir='ltr'><strong>emicuisse</strong></span> <span class='ocrx_word' id='word_1_14' title='bbox 394 652 568 719; x_wconf 75' lang='lat' dir='ltr'><strong>domestici</strong></span> <span class='ocrx_word' id='word_1_15' title='bbox 590 654 677 718; x_wconf 90' lang='lat' dir='ltr'><strong>oculi</strong></span> <span class='ocrx_word' id='word_1_16' title='bbox 700 654 948 721; x_wconf 84' lang='lat' dir='ltr'><strong>adnoiauerunt.</strong></span> <span class='ocrx_word' id='word_1_17' title='bbox 999 654 1098 738; x_wconf 85' lang='lat' dir='ltr'><strong>Quod</strong></span> <span class='ocrx_word' id='word_1_18' title='bbox 1120 656 1307 745; x_wconf 88' lang='lat' dir='ltr'><strong>prodigium</strong></span> <span class='ocrx_word' id='word_1_19' title='bbox 1331 656 1416 723; x_wconf 85' lang='lat' dir='ltr'><strong>Anci</strong></span> 
     </span>
     <span class='ocr_line' id='line_1_3' title="bbox 186 747 1416 850; baseline 0 -21"><span class='ocrx_word' id='word_1_20' title='bbox 186 764 283 850; x_wconf 82' lang='lat' dir='ltr'><strong>regis</strong></span> <span class='ocrx_word' id='word_1_21' title='bbox 312 761 418 826; x_wconf 87' lang='lat' dir='ltr'><strong>Marci</strong></span> <span class='ocrx_word' id='word_1_22' title='bbox 443 782 528 826; x_wconf 84' lang='lat' dir='ltr'><strong>uxor</strong></span> <span class='ocrx_word' id='word_1_23' title='bbox 555 760 716 848; x_wconf 81' lang='lat' dir='ltr'><strong>Tanaquil</strong></span> <span class='ocrx_word' id='word_1_24' title='bbox 745 762 914 838; x_wconf 88' lang='lat' dir='ltr'><strong>admirata,</strong></span> <span class='ocrx_word' id='word_1_25' title='bbox 950 783 1048 828; x_wconf 88' lang='lat' dir='ltr'><strong>serua</strong></span> <span class='ocrx_word' id='word_1_26' title='bbox 1075 747 1188 829; x_wconf 83' lang='lat' dir='ltr'><strong>natum</strong></span> <span class='ocrx_word' id='word_1_27' title='bbox 1219 765 1254 829; x_wconf 89' lang='lat' dir='ltr'><strong>in</strong></span> <span class='ocrx_word' id='word_1_28' title='bbox 1281 764 1416 830; x_wconf 89' lang='lat' dir='ltr'><strong>modum</strong></span> 
     </span>
     <span class='ocr_line' id='line_1_4' title="bbox 188 868 1029 957; baseline 0 -23"><span class='ocrx_word' id='word_1_29' title='bbox 188 869 253 935; x_wconf 81' lang='lat' dir='ltr'><strong>filii</strong></span> <span class='ocrx_word' id='word_1_30' title='bbox 274 868 428 933; x_wconf 87' lang='lat' dir='ltr'><strong>educauit</strong></span> <span class='ocrx_word' id='word_1_31' title='bbox 449 878 483 931; x_wconf 88' lang='lat' dir='ltr'><strong>et</strong></span> <span class='ocrx_word' id='word_1_32' title='bbox 504 868 548 933; x_wconf 89' lang='lat' dir='ltr'><strong>ad</strong></span> <span class='ocrx_word' id='word_1_33' title='bbox 569 869 699 955; x_wconf 82' lang='lat' dir='ltr'><strong>regium</strong></span> <span class='ocrx_word' id='word_1_34' title='bbox 721 868 890 957; x_wconf 81' lang='lat' dir='ltr'><strong>fastigium</strong></span> <span class='ocrx_word' id='word_1_35' title='bbox 913 872 1029 934; x_wconf 80' lang='lat' dir='ltr'><strong>auexit.</strong></span> 
     </span>
     <span class='ocr_line' id='line_1_5' title="bbox 284 974 1456 1064; baseline 0.003 -24"><span class='ocrx_word' id='word_1_36' title='bbox 284 974 400 1063; x_wconf 79' lang='lat' dir='ltr'><strong>Aeque</strong></span> <span class='ocrx_word' id='word_1_37' title='bbox 422 974 528 1039; x_wconf 84' lang='lat' dir='ltr'><strong>felicis</strong></span> <span class='ocrx_word' id='word_1_38' title='bbox 552 986 689 1040; x_wconf 91' lang='lat' dir='ltr'><strong>euentus</strong></span> <span class='ocrx_word' id='word_1_39' title='bbox 711 974 767 1041; x_wconf 87' lang='lat' dir='ltr'><strong>ffla</strong></span> <span class='ocrx_word' id='word_1_40' title='bbox 788 975 932 1051; x_wconf 84' lang='lat' dir='ltr'><strong>flamma,</strong></span> <span class='ocrx_word' id='word_1_41' title='bbox 956 998 1040 1064; x_wconf 88' lang='lat' dir='ltr'><strong>quae</strong></span> <span class='ocrx_word' id='word_1_42' title='bbox 1065 998 1105 1041; x_wconf 88' lang='lat' dir='ltr'><strong>ex</strong></span> <span class='ocrx_word' id='word_1_43' title='bbox 1127 976 1163 1043; x_wconf 88' lang='lat' dir='ltr'><strong>L.</strong></span> <span class='ocrx_word' id='word_1_44' title='bbox 1184 976 1297 1053; x_wconf 89' lang='lat' dir='ltr'><strong>Marci,</strong></span> <span class='ocrx_word' id='word_1_45' title='bbox 1322 976 1415 1043; x_wconf 88' lang='lat' dir='ltr'><strong>ducis</strong></span> <span class='ocrx_word' id='word_1_46' title='bbox 1426 976 1456 1043; x_wconf 82' lang='lat'><strong>2.</strong></span> 
     </span>
     <span class='ocr_line' id='line_1_6' title="bbox 164 1082 1418 1171; baseline -0.002 -20"><span class='ocrx_word' id='word_1_47' title='bbox 164 1082 338 1151; x_wconf 82' lang='lat' dir='ltr'><strong>eduorum</strong></span> <span class='ocrx_word' id='word_1_48' title='bbox 361 1084 571 1157; x_wconf 85' lang='lat' dir='ltr'><strong>exercituum,</strong></span> <span class='ocrx_word' id='word_1_49' title='bbox 595 1104 679 1170; x_wconf 92' lang='lat' dir='ltr'><strong>quos</strong></span> <span class='ocrx_word' id='word_1_50' title='bbox 700 1085 848 1147; x_wconf 89' lang='lat' dir='ltr'><strong>interitus</strong></span> <span class='ocrx_word' id='word_1_51' title='bbox 867 1082 962 1148; x_wconf 90' lang='lat' dir='ltr'><strong>Publi</strong></span> <span class='ocrx_word' id='word_1_52' title='bbox 987 1094 1018 1147; x_wconf 91' lang='lat' dir='ltr'><strong>et</strong></span> <span class='ocrx_word' id='word_1_53' title='bbox 1041 1083 1146 1149; x_wconf 84' lang='lat' dir='ltr'><strong>Gnaei</strong></span> <span class='ocrx_word' id='word_1_54' title='bbox 1168 1084 1359 1171; x_wconf 86' lang='lat' dir='ltr'><strong>Scipionum</strong></span> <span class='ocrx_word' id='word_1_55' title='bbox 1382 1086 1418 1149; x_wconf 91' lang='lat' dir='ltr'><strong>in</strong></span> 
     </span>
     <span class='ocr_line' id='line_1_7' title="bbox 189 1189 1416 1277; baseline 0 -22"><span class='ocrx_word' id='word_1_56' title='bbox 189 1189 359 1276; x_wconf 77' lang='lat' dir='ltr'><strong>Hispania</strong></span> <span class='ocrx_word' id='word_1_57' title='bbox 380 1189 613 1264; x_wconf 77' lang='lat' dir='ltr'><strong>debilitauerei,</strong></span> <span class='ocrx_word' id='word_1_58' title='bbox 637 1192 742 1275; x_wconf 89' lang='lat' dir='ltr'><strong>capite</strong></span> <span class='ocrx_word' id='word_1_59' title='bbox 765 1192 983 1255; x_wconf 83' lang='lat' dir='ltr'><strong>contionantis</strong></span> <span class='ocrx_word' id='word_1_60' title='bbox 1007 1192 1113 1258; x_wconf 83' lang='lat' dir='ltr'><strong>eluxit.</strong></span> <span class='ocrx_word' id='word_1_61' title='bbox 1172 1191 1321 1277; x_wconf 86' lang='lat' dir='ltr'><strong>Namque</strong></span> <span class='ocrx_word' id='word_1_62' title='bbox 1346 1192 1416 1255; x_wconf 92' lang='lat' dir='ltr'><strong>eius</strong></span> 
     </span>
     <span class='ocr_line' id='line_1_8' title="bbox 192 1295 1418 1383; baseline 0 -22"><span class='ocrx_word' id='word_1_63' title='bbox 192 1307 335 1382; x_wconf 87' lang='lat' dir='ltr'><strong>aspectu</strong></span> <span class='ocrx_word' id='word_1_64' title='bbox 356 1296 470 1381; x_wconf 92' lang='lat' dir='ltr'><strong>pauidi</strong></span> <span class='ocrx_word' id='word_1_65' title='bbox 493 1295 601 1360; x_wconf 88' lang='lat' dir='ltr'><strong>adhuc</strong></span> <span class='ocrx_word' id='word_1_66' title='bbox 628 1295 746 1361; x_wconf 82' lang='lat' dir='ltr'><strong>milites</strong></span> <span class='ocrx_word' id='word_1_67' title='bbox 774 1299 946 1383; x_wconf 83' lang='lat' dir='ltr'><strong>pristinam</strong></span> <span class='ocrx_word' id='word_1_68' title='bbox 974 1320 1169 1383; x_wconf 89' lang='lat' dir='ltr'><strong>recuperare</strong></span> <span class='ocrx_word' id='word_1_69' title='bbox 1197 1296 1418 1362; x_wconf 88' lang='lat' dir='ltr'><strong>fortitudinem</strong></span> 
     </span>
     <span class='ocr_line' id='line_1_9' title="bbox 192 1402 1417 1492; baseline -0.002 -23"><span class='ocrx_word' id='word_1_70' title='bbox 192 1404 366 1479; x_wconf 80' lang='lat' dir='ltr'><strong>admoniti,</strong></span> <span class='ocrx_word' id='word_1_71' title='bbox 390 1416 463 1469; x_wconf 87' lang='lat' dir='ltr'><strong>octo</strong></span> <span class='ocrx_word' id='word_1_72' title='bbox 487 1415 519 1467; x_wconf 90' lang='lat' dir='ltr'><strong>et</strong></span> <span class='ocrx_word' id='word_1_73' title='bbox 540 1405 673 1491; x_wconf 84' lang='lat' dir='ltr'><strong>triginta</strong></span> <span class='ocrx_word' id='word_1_74' title='bbox 693 1404 824 1469; x_wconf 91' lang='lat' dir='ltr'><strong>milibus</strong></span> <span class='ocrx_word' id='word_1_75' title='bbox 847 1402 992 1469; x_wconf 86' lang='lat' dir='ltr'><strong>hostium</strong></span> <span class='ocrx_word' id='word_1_76' title='bbox 1015 1407 1122 1469; x_wconf 86' lang='lat' dir='ltr'><strong>caesis</strong></span> <span class='ocrx_word' id='word_1_77' title='bbox 1145 1424 1333 1492; x_wconf 82' lang='lat' dir='ltr'><strong>magnoque</strong></span> <span class='ocrx_word' id='word_1_78' title='bbox 1358 1425 1417 1467; x_wconf 94' lang='lat' dir='ltr'><strong>nu·</strong></span> 
     </span>
     <span class='ocr_line' id='line_1_10' title="bbox 192 1509 1419 1599; baseline -0.002 -22"><span class='ocrx_word' id='word_1_79' title='bbox 192 1532 290 1577; x_wconf 89' lang='lat' dir='ltr'><strong>mero</strong></span> <span class='ocrx_word' id='word_1_80' title='bbox 312 1512 347 1575; x_wconf 92' lang='lat' dir='ltr'><strong>in</strong></span> <span class='ocrx_word' id='word_1_81' title='bbox 372 1521 568 1596; x_wconf 85' lang='lat' dir='ltr'><strong>potestatem</strong></span> <span class='ocrx_word' id='word_1_82' title='bbox 589 1510 734 1588; x_wconf 87' lang='lat' dir='ltr'><strong>redacto,</strong></span> <span class='ocrx_word' id='word_1_83' title='bbox 762 1510 840 1575; x_wconf 87' lang='lat' dir='ltr'><strong>bina</strong></span> <span class='ocrx_word' id='word_1_84' title='bbox 870 1521 980 1575; x_wconf 86' lang='lat' dir='ltr'><strong>castra</strong></span> <span class='ocrx_word' id='word_1_85' title='bbox 1000 1509 1134 1579; x_wconf 85' lang='lat' dir='ltr'><strong>Punicis</strong></span> <span class='ocrx_word' id='word_1_86' title='bbox 1159 1511 1275 1599; x_wconf 89' lang='lat' dir='ltr'><strong>opibus</strong></span> <span class='ocrx_word' id='word_1_87' title='bbox 1299 1512 1419 1577; x_wconf 80' lang='lat' dir='ltr'><strong>referta</strong></span> 
     </span>
     <span class='ocr_line' id='line_1_11' title="bbox 155 1627 366 1703; baseline 0.009 -24"><span class='ocrx_word' id='word_1_88' title='bbox 155 1627 366 1703; x_wconf 76' lang='lat' dir='ltr'><strong>aeceperunt.</strong></span> 
     </span>
     <span class='ocr_line' id='line_1_12' title="bbox 288 1720 1542 1805; baseline -0.001 -18"><span class='ocrx_word' id='word_1_89' title='bbox 288 1722 368 1787; x_wconf 89' lang='lat' dir='ltr'><strong>Item</strong></span> <span class='ocrx_word' id='word_1_90' title='bbox 395 1744 472 1789; x_wconf 93' lang='lat' dir='ltr'><strong>cum</strong></span> <span class='ocrx_word' id='word_1_91' title='bbox 497 1724 584 1789; x_wconf 87' lang='lat' dir='ltr'><strong>bello</strong></span> <span class='ocrx_word' id='word_1_92' title='bbox 615 1723 682 1788; x_wconf 88' lang='lat' dir='ltr'><strong>acri</strong></span> <span class='ocrx_word' id='word_1_93' title='bbox 710 1733 743 1787; x_wconf 85' lang='lat' dir='ltr'><strong>et</strong></span> <span class='ocrx_word' id='word_1_94' title='bbox 772 1723 895 1788; x_wconf 91' lang='lat' dir='ltr'><strong>diutino</strong></span> <span class='ocrx_word' id='word_1_95' title='bbox 918 1721 1075 1790; x_wconf 80' lang='lat' dir='ltr'><strong>Veientes</strong></span> <span class='ocrx_word' id='word_1_96' title='bbox 1104 1746 1124 1789; x_wconf 89' lang='lat' dir='ltr'><strong>a</strong></span> <span class='ocrx_word' id='word_1_97' title='bbox 1151 1722 1311 1791; x_wconf 87' lang='lat' dir='ltr'><strong>Romanis</strong></span> <span class='ocrx_word' id='word_1_98' title='bbox 1335 1724 1419 1788; x_wconf 88' lang='lat' dir='ltr'><strong>intra</strong></span> <span class='ocrx_word' id='word_1_99' title='bbox 1429 1720 1460 1785; x_wconf 87' lang='grc'><strong>3.</strong></span> <span class='ocrx_word' id='word_1_100' title='bbox 1520 1764 1542 1805; x_wconf 67' lang='lat'><strong>5,</strong></span> 
     </span>
     <span class='ocr_line' id='line_1_13' title="bbox 183 1828 1418 1919; baseline -0.002 -22"><span class='ocrx_word' id='word_1_101' title='bbox 183 1828 505 1917; x_wconf 61' lang='lat' dir='ltr'><strong>,moenia&#39;conpulsi</strong></span> <span class='ocrx_word' id='word_1_102' title='bbox 527 1831 601 1917; x_wconf 89' lang='lat' dir='ltr'><strong>capi</strong></span> <span class='ocrx_word' id='word_1_103' title='bbox 623 1851 691 1895; x_wconf 93' lang='lat' dir='ltr'><strong>non</strong></span> <span class='ocrx_word' id='word_1_104' title='bbox 713 1841 866 1915; x_wconf 79' lang='lat' dir='ltr'><strong>possent,</strong></span> <span class='ocrx_word' id='word_1_105' title='bbox 891 1852 995 1919; x_wconf 90' lang='lat' dir='ltr'><strong>eaque</strong></span> <span class='ocrx_word' id='word_1_106' title='bbox 1018 1852 1111 1897; x_wconf 88' lang='lat' dir='ltr'><strong>mora</strong></span> <span class='ocrx_word' id='word_1_107' title='bbox 1139 1852 1205 1897; x_wconf 91' lang='lat' dir='ltr'><strong>uon</strong></span> <span class='ocrx_word' id='word_1_108' title='bbox 1228 1831 1336 1896; x_wconf 90' lang='lat' dir='ltr'><strong>minus</strong></span> <span class='ocrx_word' id='word_1_109' title='bbox 1361 1830 1418 1895; x_wconf 93' lang='lat' dir='ltr'><strong>ob·</strong></span> 
     </span>
    </p>
   </div>
   <div class='ocr_carea' id='block_1_3' title="bbox 193 2006 1420 2344">
    <p class='ocr_par' dir='ltr' id='par_1_3' title="bbox 193 2006 1420 2344">
     <span class='ocr_line' id='line_1_14' title="bbox 198 2006 1419 2075; baseline 0 -14"><span class='ocrx_word' id='word_1_110' title='bbox 198 2006 226 2061; x_wconf 88' lang='lat' dir='ltr'><strong>i.</strong></span> <span class='ocrx_word' id='word_1_111' title='bbox 245 2009 375 2059; x_wconf 75' lang='lat' dir='ltr'><strong>domestic</strong></span> <span class='ocrx_word' id='word_1_112' title='bbox 394 2007 430 2074; x_wconf 78' lang='lat' dir='ltr'><strong>(i)</strong></span> <span class='ocrx_word' id='word_1_113' title='bbox 449 2014 497 2061; x_wconf 85' lang='lat' dir='ltr'><strong>eat</strong></span> <span class='ocrx_word' id='word_1_114' title='bbox 518 2010 665 2061; x_wconf 90' lang='lat' dir='ltr'><strong>domestico</strong></span> <span class='ocrx_word' id='word_1_115' title='bbox 722 2046 729 2061; x_wconf 90' lang='lat'><strong>.</strong></span> <span class='ocrx_word' id='word_1_116' title='bbox 753 2006 784 2061; x_wconf 84' lang='grc' dir='ltr'><strong>Α.</strong></span> <span class='ocrx_word' id='word_1_117' title='bbox 809 2011 1014 2063; x_wconf 84' lang='lat' dir='ltr'><strong>domesticorum</strong></span> <span class='ocrx_word' id='word_1_118' title='bbox 1037 2007 1099 2063; x_wconf 85' lang='lat' dir='ltr'><strong>Dl’</strong></span> <span class='ocrx_word' id='word_1_119' title='bbox 1120 2014 1146 2062; x_wconf 85' lang='lat' dir='ltr'><strong>ei</strong></span> <span class='ocrx_word' id='word_1_120' title='bbox 1165 2024 1234 2063; x_wconf 79' lang='lat' dir='ltr'><strong>corr.</strong></span> <span class='ocrx_word' id='word_1_121' title='bbox 1252 2006 1285 2063; x_wconf 82' lang='grc' dir='ltr'><strong>Δ.</strong></span> <span class='ocrx_word' id='word_1_122' title='bbox 1305 2008 1317 2075; x_wconf 90' lang='grc' dir='ltr'><strong>ΙΙ</strong></span> <span class='ocrx_word' id='word_1_123' title='bbox 1337 2011 1419 2061; x_wconf 90' lang='lat' dir='ltr'><strong>adno-</strong></span> 
     </span>
     <span class='ocr_line' id='line_1_15' title="bbox 193 2023 1419 2151; baseline 0 -21"><span class='ocrx_word' id='word_1_124' title='bbox 193 2082 291 2130; x_wconf 84' lang='lat' dir='ltr'><strong>tarunt</strong></span> <span class='ocrx_word' id='word_1_125' title='bbox 306 2076 337 2132; x_wconf 84' lang='grc' dir='ltr'><strong>Γ.</strong></span> <span class='ocrx_word' id='word_1_126' title='bbox 357 2074 371 2148; x_wconf 79' lang='grc' dir='ltr'><strong>ΙΙ</strong></span> <span class='ocrx_word' id='word_1_127' title='bbox 388 2082 459 2130; x_wconf 83' lang='lat' dir='ltr'><strong>ancli</strong></span> <span class='ocrx_word' id='word_1_128' title='bbox 476 2082 553 2149; x_wconf 79' lang='lat' dir='ltr'><strong>regis</strong></span> <span class='ocrx_word' id='word_1_129' title='bbox 569 2082 653 2131; x_wconf 90' lang='lat' dir='ltr'><strong>marci</strong></span> <span class='ocrx_word' id='word_1_130' title='bbox 669 2023 737 2131; x_wconf 43' lang='lat' dir='ltr'><strong>duct</strong></span> <span class='ocrx_word' id='word_1_131' title='bbox 754 2094 800 2147; x_wconf 83' lang='lat' dir='ltr'><strong>pr.</strong></span> <span class='ocrx_word' id='word_1_132' title='bbox 818 2079 855 2133; x_wconf 91' lang='lat' dir='ltr'><strong>D.</strong></span> <span class='ocrx_word' id='word_1_133' title='bbox 881 2084 941 2131; x_wconf 83' lang='lat' dir='ltr'><strong>enci</strong></span> <span class='ocrx_word' id='word_1_134' title='bbox 958 2084 1031 2151; x_wconf 80' lang='lat' dir='ltr'><strong>regis</strong></span> <span class='ocrx_word' id='word_1_135' title='bbox 1049 2082 1128 2132; x_wconf 86' lang='lat' dir='ltr'><strong>Marti</strong></span> <span class='ocrx_word' id='word_1_136' title='bbox 1169 2095 1192 2133; x_wconf 84' lang='lat' dir='ltr'><strong>r.</strong></span> <span class='ocrx_word' id='word_1_137' title='bbox 1215 2078 1242 2133; x_wconf 80' lang='lat' dir='ltr'><strong>C.</strong></span> <span class='ocrx_word' id='word_1_138' title='bbox 1261 2083 1330 2133; x_wconf 86' lang='lat' dir='ltr'><strong>encii</strong></span> <span class='ocrx_word' id='word_1_139' title='bbox 1347 2080 1419 2149; x_wconf 78' lang='lat' dir='ltr'><strong>regis</strong></span> 
     </span>
     <span class='ocr_line' id='line_1_16' title="bbox 195 2146 1420 2221; baseline -0.002 -18"><span class='ocrx_word' id='word_1_140' title='bbox 195 2152 293 2203; x_wconf 73' lang='lat' dir='ltr'><strong>nardi</strong></span> <span class='ocrx_word' id='word_1_141' title='bbox 309 2146 346 2206; x_wconf 78' lang='grc' dir='ltr'><strong>Ε.</strong></span> <span class='ocrx_word' id='word_1_142' title='bbox 365 2165 435 2203; x_wconf 78' lang='lat' dir='ltr'><strong>surr.</strong></span> <span class='ocrx_word' id='word_1_143' title='bbox 455 2148 520 2203; x_wconf 80' lang='lat' dir='ltr'><strong>cer</strong></span> <span class='ocrx_word' id='word_1_144' title='bbox 533 2166 578 2219; x_wconf 81' lang='lat' dir='ltr'><strong>pr.</strong></span> <span class='ocrx_word' id='word_1_145' title='bbox 595 2149 632 2203; x_wconf 88' lang='lat' dir='ltr'><strong>D.</strong></span> <span class='ocrx_word' id='word_1_146' title='bbox 652 2152 736 2201; x_wconf 84' lang='lat' dir='ltr'><strong>Prisci</strong></span> <span class='ocrx_word' id='word_1_147' title='bbox 754 2152 890 2217; x_wconf 84' lang='lat' dir='ltr'><strong>Tarquinii</strong></span> <span class='ocrx_word' id='word_1_148' title='bbox 913 2155 988 2221; x_wconf 77' lang='lat' dir='ltr'><strong>regis</strong></span> <span class='ocrx_word' id='word_1_149' title='bbox 1008 2150 1084 2204; x_wconf 82' lang='lat' dir='ltr'><strong>Torr.</strong></span> <span class='ocrx_word' id='word_1_150' title='bbox 1104 2149 1116 2218; x_wconf 85' lang='grc' dir='ltr'><strong>ΙΙ</strong></span> <span class='ocrx_word' id='word_1_151' title='bbox 1155 2186 1162 2201; x_wconf 96' lang='grc'><strong>.</strong></span> <span class='ocrx_word' id='word_1_152' title='bbox 1187 2152 1277 2219; x_wconf 86' lang='lat' dir='ltr'><strong>serua]</strong></span> <span class='ocrx_word' id='word_1_153' title='bbox 1298 2152 1420 2205; x_wconf 84' lang='lat' dir='ltr'><strong>Seruium</strong></span> 
     </span>
     <span class='ocr_line' id='line_1_17' title="bbox 196 2216 1409 2344; baseline -0.001 -71"><span class='ocrx_word' id='word_1_154' title='bbox 196 2234 283 2273; x_wconf 74' lang='lat' dir='ltr'><strong>serm</strong></span> <span class='ocrx_word' id='word_1_155' title='bbox 302 2219 379 2275; x_wconf 81' lang='lat' dir='ltr'><strong>Torr.</strong></span> <span class='ocrx_word' id='word_1_156' title='bbox 390 2218 441 2290; x_wconf 82' lang='grc'><strong>114.</strong></span> <span class='ocrx_word' id='word_1_157' title='bbox 459 2221 562 2344; x_wconf 61' lang='lat' dir='ltr'><strong>Aeqqu</strong></span> <span class='ocrx_word' id='word_1_158' title='bbox 583 2237 652 2289; x_wconf 83' lang='lat' dir='ltr'><strong>quae</strong></span> <span class='ocrx_word' id='word_1_159' title='bbox 668 2220 704 2275; x_wconf 81' lang='grc' dir='ltr'><strong>Ε.</strong></span> <span class='ocrx_word' id='word_1_160' title='bbox 715 2219 729 2291; x_wconf 90' lang='grc' dir='ltr'><strong>ΙΙ</strong></span> <span class='ocrx_word' id='word_1_161' title='bbox 746 2218 772 2275; x_wconf 81' lang='grc'><strong>5.</strong></span> <span class='ocrx_word' id='word_1_162' title='bbox 790 2224 854 2291; x_wconf 79' lang='lat' dir='ltr'><strong>gnei</strong></span> <span class='ocrx_word' id='word_1_163' title='bbox 871 2219 904 2274; x_wconf 75' lang='lat' dir='ltr'><strong>A.</strong></span> <span class='ocrx_word' id='word_1_164' title='bbox 922 2225 995 2293; x_wconf 82' lang='lat' dir='ltr'><strong>ignei</strong></span> <span class='ocrx_word' id='word_1_165' title='bbox 1012 2220 1046 2275; x_wconf 85' lang='grc' dir='ltr'><strong>Β.</strong></span> <span class='ocrx_word' id='word_1_166' title='bbox 1058 2222 1070 2291; x_wconf 85' lang='grc' dir='ltr'><strong>ΙΙ</strong></span> <span class='ocrx_word' id='word_1_167' title='bbox 1082 2218 1107 2275; x_wconf 84' lang='grc'><strong>3.</strong></span> <span class='ocrx_word' id='word_1_168' title='bbox 1124 2224 1276 2287; x_wconf 83' lang='lat' dir='ltr'><strong>hispaniam</strong></span> <span class='ocrx_word' id='word_1_169' title='bbox 1294 2216 1383 2275; x_wconf 71' lang='lat' dir='ltr'><strong>Aee.</strong></span> <span class='ocrx_word' id='word_1_170' title='bbox 1394 2218 1409 2288; x_wconf 90' lang='grc' dir='ltr'><strong>ΙΙ</strong></span> 
     </span>
    </p>
   </div>
   <div class='ocr_carea' id='block_1_4' title="bbox 196 2290 1420 2362">
    <p class='ocr_par' dir='ltr' id='par_1_4' title="bbox 196 2290 1420 2362">
     <span class='ocr_line' id='line_1_18' title="bbox 196 2290 1420 2362; baseline -0.001 -18"><span class='ocrx_word' id='word_1_171' title='bbox 196 2292 312 2344; x_wconf 60' lang='lat' dir='ltr'><strong>eludit</strong></span> <span class='ocrx_word' id='word_1_172' title='bbox 329 2294 351 2357; x_wconf 84' lang='grc'><strong>(1</strong></span> <span class='ocrx_word' id='word_1_173' title='bbox 367 2291 397 2343; x_wconf 82' lang='lat' dir='ltr'><strong>s‘a</strong></span> <span class='ocrx_word' id='word_1_174' title='bbox 413 2299 520 2353; x_wconf 73' lang='lat' dir='ltr'><strong>resero)</strong></span> <span class='ocrx_word' id='word_1_175' title='bbox 562 2328 569 2342; x_wconf 86' lang='lat'><strong>.</strong></span> <span class='ocrx_word' id='word_1_176' title='bbox 589 2294 621 2345; x_wconf 77' lang='lat' dir='ltr'><strong>.i.</strong></span> <span class='ocrx_word' id='word_1_177' title='bbox 642 2294 731 2343; x_wconf 83' lang='lat' dir='ltr'><strong>eduxit</strong></span> <span class='ocrx_word' id='word_1_178' title='bbox 746 2307 836 2359; x_wconf 77' lang='lat' dir='ltr'><strong>marpo</strong></span> <span class='ocrx_word' id='word_1_179' title='bbox 854 2291 885 2344; x_wconf 82' lang='lat' dir='ltr'><strong>A.</strong></span> <span class='ocrx_word' id='word_1_180' title='bbox 903 2294 1025 2345; x_wconf 82' lang='lat' dir='ltr'><strong>fluxisset</strong></span> <span class='ocrx_word' id='word_1_181' title='bbox 1041 2292 1104 2345; x_wconf 86' lang='lat' dir='ltr'><strong>Pur.</strong></span> <span class='ocrx_word' id='word_1_182' title='bbox 1116 2292 1129 2362; x_wconf 87' lang='grc' dir='ltr'><strong>ΙΙ</strong></span> <span class='ocrx_word' id='word_1_183' title='bbox 1140 2290 1166 2345; x_wconf 86' lang='grc'><strong>8.</strong></span> <span class='ocrx_word' id='word_1_184' title='bbox 1184 2296 1303 2362; x_wconf 78' lang='lat' dir='ltr'><strong>treginta</strong></span> <span class='ocrx_word' id='word_1_185' title='bbox 1317 2292 1352 2346; x_wconf 80' lang='lat' dir='ltr'><strong>li.</strong></span> <span class='ocrx_word' id='word_1_186' title='bbox 1371 2290 1420 2353; x_wconf 82' lang='lat' dir='ltr'><strong>(sio</strong></span> 
     </span>
    </p>
   </div>
   <div class='ocr_carea' id='block_1_5' title="bbox 194 2359 1275 2435">
    <p class='ocr_par' dir='ltr' id='par_1_5' title="bbox 194 2359 1275 2435">
     <span class='ocr_line' id='line_1_19' title="bbox 194 2359 1275 2435; baseline -0.003 -18"><span class='ocrx_word' id='word_1_187' title='bbox 194 2369 297 2435; x_wconf 71' lang='lat' dir='ltr'><strong>nepe).</strong></span> <span class='ocrx_word' id='word_1_188' title='bbox 326 2364 341 2434; x_wconf 84' lang='grc' dir='ltr'><strong>ΙΙ</strong></span> <span class='ocrx_word' id='word_1_189' title='bbox 353 2361 395 2417; x_wconf 92' lang='grc' dir='ltr'><strong>ΙΙ.</strong></span> <span class='ocrx_word' id='word_1_190' title='bbox 413 2363 440 2428; x_wconf 69' lang='lat' dir='ltr'><strong>s·</strong></span> <span class='ocrx_word' id='word_1_191' title='bbox 457 2359 482 2415; x_wconf 83' lang='lat'><strong>3.</strong></span> <span class='ocrx_word' id='word_1_192' title='bbox 501 2378 552 2416; x_wconf 80' lang='lat' dir='ltr'><strong>ora.</strong></span> <span class='ocrx_word' id='word_1_193' title='bbox 568 2361 626 2434; x_wconf 55' lang='lat' dir='ltr'><strong>fill</strong></span> <span class='ocrx_word' id='word_1_194' title='bbox 638 2366 786 2417; x_wconf 80' lang='lat' dir='ltr'><strong>bobienses</strong></span> <span class='ocrx_word' id='word_1_195' title='bbox 803 2360 840 2417; x_wconf 88' lang='lat' dir='ltr'><strong>D.</strong></span> <span class='ocrx_word' id='word_1_196' title='bbox 852 2361 867 2431; x_wconf 82' lang='grc' dir='ltr'><strong>ΙΙ</strong></span> <span class='ocrx_word' id='word_1_197' title='bbox 881 2360 920 2416; x_wconf 74' lang='lat'><strong>12</strong></span> <span class='ocrx_word' id='word_1_198' title='bbox 939 2366 1045 2430; x_wconf 87' lang='lat' dir='ltr'><strong>possint</strong></span> <span class='ocrx_word' id='word_1_199' title='bbox 1061 2362 1092 2417; x_wconf 67' lang='lat' dir='ltr'><strong>ai</strong></span> <span class='ocrx_word' id='word_1_200' title='bbox 1110 2366 1224 2430; x_wconf 86' lang='lat' dir='ltr'><strong>possunt</strong></span> <span class='ocrx_word' id='word_1_201' title='bbox 1241 2361 1275 2415; x_wconf 86' lang='grc' dir='ltr'><strong>Β.</strong></span> 
     </span>
    </p>
   </div>
   <div class='ocr_carea' id='block_1_6' title="bbox 197 2518 1427 4785">
    <p class='ocr_par' dir='ltr' id='par_1_6' title="bbox 197 2518 1421 2950">
     <span class='ocr_line' id='line_1_20' title="bbox 272 2518 1421 2587; baseline 0.001 -13"><span class='ocrx_word' id='word_1_202' title='bbox 272 2520 410 2575; x_wconf 68' lang='lat' dir='ltr'><strong>maai</strong></span> <span class='ocrx_word' id='word_1_203' title='bbox 434 2521 514 2587; x_wconf 68' lang='lat' dir='ltr'><strong>ocab&#39;)</strong></span> <span class='ocrx_word' id='word_1_204' title='bbox 549 2524 613 2575; x_wconf 82' lang='lat' dir='ltr'><strong>cod.</strong></span> <span class='ocrx_word' id='word_1_205' title='bbox 647 2526 746 2576; x_wconf 74' lang='lat' dir='ltr'><strong>archei</strong></span> <span class='ocrx_word' id='word_1_206' title='bbox 777 2526 933 2576; x_wconf 78' lang='lat' dir='ltr'><strong>exhibuisse</strong></span> <span class='ocrx_word' id='word_1_207' title='bbox 967 2526 1071 2576; x_wconf 88' lang='lat' dir='ltr'><strong>uidetur</strong></span> <span class='ocrx_word' id='word_1_208' title='bbox 1103 2527 1149 2574; x_wconf 85' lang='lat' dir='ltr'><strong>eut</strong></span> <span class='ocrx_word' id='word_1_209' title='bbox 1179 2519 1319 2575; x_wconf 83' lang='lat' dir='ltr'><strong>domestico</strong></span> <span class='ocrx_word' id='word_1_210' title='bbox 1351 2518 1421 2575; x_wconf 76' lang='lat' dir='ltr'><strong>eruli</strong></span> 
     </span>
     <span class='ocr_line' id='line_1_21' title="bbox 198 2592 1420 2650; baseline -0.002 -2"><span class='ocrx_word' id='word_1_211' title='bbox 198 2598 249 2648; x_wconf 87' lang='lat' dir='ltr'><strong>ant</strong></span> <span class='ocrx_word' id='word_1_212' title='bbox 275 2592 484 2650; x_wconf 74' lang='lat' dir='ltr'><strong>domestioeeatr&#39;,</strong></span> <span class='ocrx_word' id='word_1_213' title='bbox 513 2595 551 2645; x_wconf 87' lang='lat' dir='ltr'><strong>ite</strong></span> <span class='ocrx_word' id='word_1_214' title='bbox 578 2597 607 2645; x_wconf 89' lang='lat' dir='ltr'><strong>ut</strong></span> <span class='ocrx_word' id='word_1_215' title='bbox 632 2596 735 2647; x_wconf 84' lang='lat' dir='ltr'><strong>incerta</strong></span> <span class='ocrx_word' id='word_1_216' title='bbox 760 2598 797 2645; x_wconf 87' lang='lat' dir='ltr'><strong>sit</strong></span> <span class='ocrx_word' id='word_1_217' title='bbox 823 2596 982 2647; x_wconf 82' lang='lat' dir='ltr'><strong>emendandi</strong></span> <span class='ocrx_word' id='word_1_218' title='bbox 1005 2598 1082 2647; x_wconf 82' lang='lat' dir='ltr'><strong>ratio.</strong></span> <span class='ocrx_word' id='word_1_219' title='bbox 1126 2596 1233 2645; x_wconf 77' lang='lat' dir='ltr'><strong>Poterat</strong></span> <span class='ocrx_word' id='word_1_220' title='bbox 1264 2596 1334 2645; x_wconf 89' lang='lat' dir='ltr'><strong>enim</strong></span> <span class='ocrx_word' id='word_1_221' title='bbox 1361 2610 1420 2645; x_wconf 89' lang='lat' dir='ltr'><strong>cum</strong></span> 
     </span>
     <span class='ocr_line' id='line_1_22' title="bbox 197 2662 1417 2733; baseline -0.003 -13"><span class='ocrx_word' id='word_1_222' title='bbox 197 2668 289 2720; x_wconf 79' lang='lat' dir='ltr'><strong>altera</strong></span> <span class='ocrx_word' id='word_1_223' title='bbox 315 2667 436 2718; x_wconf 86' lang='lat' dir='ltr'><strong>codicum</strong></span> <span class='ocrx_word' id='word_1_224' title='bbox 463 2667 565 2718; x_wconf 78' lang='lat' dir='ltr'><strong>familia</strong></span> <span class='ocrx_word' id='word_1_225' title='bbox 591 2662 790 2719; x_wconf 74' lang='lat' dir='ltr'><strong>domesticorum</strong></span> <span class='ocrx_word' id='word_1_226' title='bbox 816 2668 911 2728; x_wconf 82' lang='lat' dir='ltr'><strong>scribi,</strong></span> <span class='ocrx_word' id='word_1_227' title='bbox 945 2670 1049 2733; x_wconf 85' lang='lat' dir='ltr'><strong>poterut</strong></span> <span class='ocrx_word' id='word_1_228' title='bbox 1076 2682 1136 2718; x_wconf 88' lang='lat' dir='ltr'><strong>cum</strong></span> <span class='ocrx_word' id='word_1_229' title='bbox 1163 2668 1249 2718; x_wconf 83' lang='lat' dir='ltr'><strong>altera</strong></span> <span class='ocrx_word' id='word_1_230' title='bbox 1276 2662 1417 2725; x_wconf 83' lang='lat' dir='ltr'><strong>dornestr&#39;cs&#39;,</strong></span> 
     </span>
     <span class='ocr_line' id='line_1_23' title="bbox 198 2739 1421 2806; baseline -0.002 -16"><span class='ocrx_word' id='word_1_231' title='bbox 198 2753 315 2806; x_wconf 88' lang='lat' dir='ltr'><strong>quorum</strong></span> <span class='ocrx_word' id='word_1_232' title='bbox 332 2739 397 2789; x_wconf 90' lang='lat' dir='ltr'><strong>iilud</strong></span> <span class='ocrx_word' id='word_1_233' title='bbox 419 2739 632 2803; x_wconf 79' lang='lat' dir='ltr'><strong>probabilitatem</strong></span> <span class='ocrx_word' id='word_1_234' title='bbox 657 2741 740 2790; x_wconf 86' lang='lat' dir='ltr'><strong>habet</strong></span> <span class='ocrx_word' id='word_1_235' title='bbox 763 2741 898 2804; x_wconf 86' lang='lat' dir='ltr'><strong>aliquanto</strong></span> <span class='ocrx_word' id='word_1_236' title='bbox 920 2741 1063 2797; x_wconf 83' lang='lat' dir='ltr'><strong>maiorem,</strong></span> <span class='ocrx_word' id='word_1_237' title='bbox 1088 2741 1113 2789; x_wconf 88' lang='lat' dir='ltr'><strong>si</strong></span> <span class='ocrx_word' id='word_1_238' title='bbox 1130 2739 1247 2798; x_wconf 83' lang='lat' dir='ltr'><strong>litteras,</strong></span> <span class='ocrx_word' id='word_1_239' title='bbox 1266 2741 1332 2798; x_wconf 87' lang='lat' dir='ltr'><strong>hoc,</strong></span> <span class='ocrx_word' id='word_1_240' title='bbox 1352 2739 1421 2805; x_wconf 90' lang='lat' dir='ltr'><strong>quod</strong></span> 
     </span>
     <span class='ocr_line' id='line_1_24' title="bbox 197 2809 1421 2876; baseline -0.002 -15"><span class='ocrx_word' id='word_1_241' title='bbox 197 2810 387 2876; x_wconf 77' lang='lat' dir='ltr'><strong>praetulimus,</strong></span> <span class='ocrx_word' id='word_1_242' title='bbox 407 2811 431 2859; x_wconf 90' lang='lat' dir='ltr'><strong>si</strong></span> <span class='ocrx_word' id='word_1_243' title='bbox 455 2810 555 2861; x_wconf 84' lang='lat' dir='ltr'><strong>Valerii</strong></span> <span class='ocrx_word' id='word_1_244' title='bbox 573 2811 677 2860; x_wconf 90' lang='lat' dir='ltr'><strong>dicendi</strong></span> <span class='ocrx_word' id='word_1_245' title='bbox 695 2813 913 2861; x_wconf 88' lang='lat' dir='ltr'><strong>consuetudinem</strong></span> <span class='ocrx_word' id='word_1_246' title='bbox 932 2811 1106 2876; x_wconf 85' lang='lat' dir='ltr'><strong>spectaueris.</strong></span> <span class='ocrx_word' id='word_1_247' title='bbox 1150 2811 1188 2862; x_wconf 84' lang='lat' dir='ltr'><strong>Ci.</strong></span> <span class='ocrx_word' id='word_1_248' title='bbox 1208 2809 1334 2874; x_wconf 81' lang='lat' dir='ltr'><strong>exempla</strong></span> <span class='ocrx_word' id='word_1_249' title='bbox 1351 2824 1421 2876; x_wconf 87' lang='lat' dir='ltr'><strong>quae</strong></span> 
     </span>
     <span class='ocr_line' id='line_1_25' title="bbox 199 2875 1189 2950; baseline 0.001 -18"><span class='ocrx_word' id='word_1_250' title='bbox 199 2881 334 2950; x_wconf 73' lang='lat' dir='ltr'><strong>congessi</strong></span> <span class='ocrx_word' id='word_1_251' title='bbox 349 2882 436 2945; x_wconf 81' lang='lat' dir='ltr'><strong>praei.</strong></span> <span class='ocrx_word' id='word_1_252' title='bbox 452 2897 480 2946; x_wconf 87' lang='lat' dir='ltr'><strong>p.</strong></span> <span class='ocrx_word' id='word_1_253' title='bbox 498 2875 543 2939; x_wconf 79' lang='grc'><strong>37,</strong></span> <span class='ocrx_word' id='word_1_254' title='bbox 562 2881 657 2946; x_wconf 89' lang='lat' dir='ltr'><strong>quibus</strong></span> <span class='ocrx_word' id='word_1_255' title='bbox 675 2883 744 2932; x_wconf 84' lang='lat' dir='ltr'><strong>adde</strong></span> <span class='ocrx_word' id='word_1_256' title='bbox 762 2883 782 2940; x_wconf 86' lang='lat'><strong>1,</strong></span> <span class='ocrx_word' id='word_1_257' title='bbox 801 2878 827 2940; x_wconf 90' lang='grc'><strong>4,</strong></span> <span class='ocrx_word' id='word_1_258' title='bbox 849 2878 861 2931; x_wconf 88' lang='lat' dir='ltr'><strong>i</strong></span> <span class='ocrx_word' id='word_1_259' title='bbox 883 2883 980 2946; x_wconf 59' lang='lat' dir='ltr'><strong>(Peri,</strong></span> <span class='ocrx_word' id='word_1_260' title='bbox 999 2878 1082 2932; x_wconf 64' lang='lat' dir='ltr'><strong>oculu</strong></span> <span class='ocrx_word' id='word_1_261' title='bbox 1100 2879 1189 2946; x_wconf 72' lang='lat' dir='ltr'><strong>sepiis.</strong></span> 
     </span>
    </p>

    <p class='ocr_par' dir='ltr' id='par_1_7' title="bbox 198 2947 1426 4081">
     <span class='ocr_line' id='line_1_26' title="bbox 273 2947 1421 3022; baseline 0 -20"><span class='ocrx_word' id='word_1_262' title='bbox 273 2949 421 3017; x_wconf 62' lang='lat' dir='ltr'><strong>sadrapis</strong></span> <span class='ocrx_word' id='word_1_263' title='bbox 428 2947 529 3012; x_wconf 67' lang='lat' dir='ltr'><strong>Mau)</strong></span> <span class='ocrx_word' id='word_1_264' title='bbox 546 2952 690 3016; x_wconf 87' lang='lat' dir='ltr'><strong>Quousque</strong></span> <span class='ocrx_word' id='word_1_265' title='bbox 707 2953 872 3016; x_wconf 88' lang='lat' dir='ltr'><strong>processerit</strong></span> <span class='ocrx_word' id='word_1_266' title='bbox 889 2953 988 3004; x_wconf 85' lang='lat' dir='ltr'><strong>Valerii</strong></span> <span class='ocrx_word' id='word_1_267' title='bbox 1005 2969 1066 3002; x_wconf 90' lang='lat' dir='ltr'><strong>cum</strong></span> <span class='ocrx_word' id='word_1_268' title='bbox 1084 2953 1180 3003; x_wconf 82' lang='lat' dir='ltr'><strong>leuitas</strong></span> <span class='ocrx_word' id='word_1_269' title='bbox 1199 2954 1253 3003; x_wconf 90' lang='lat' dir='ltr'><strong>tum</strong></span> <span class='ocrx_word' id='word_1_270' title='bbox 1270 2953 1421 3022; x_wconf 80' lang='lat' dir='ltr'><strong>ignorantia</strong></span> 
     </span>
     <span class='ocr_line' id='line_1_27' title="bbox 198 3023 1421 3092; baseline -0.001 -17"><span class='ocrx_word' id='word_1_271' title='bbox 198 3023 305 3091; x_wconf 73' lang='lat' dir='ltr'><strong>insigni</strong></span> <span class='ocrx_word' id='word_1_272' title='bbox 321 3024 445 3087; x_wconf 78' lang='lat' dir='ltr'><strong>exemplo</strong></span> <span class='ocrx_word' id='word_1_273' title='bbox 462 3023 507 3073; x_wconf 84' lang='lat' dir='ltr'><strong>hie</strong></span> <span class='ocrx_word' id='word_1_274' title='bbox 524 3023 600 3072; x_wconf 91' lang='lat' dir='ltr'><strong>locus</strong></span> <span class='ocrx_word' id='word_1_275' title='bbox 619 3023 746 3073; x_wconf 83' lang='lat' dir='ltr'><strong>declarat.</strong></span> <span class='ocrx_word' id='word_1_276' title='bbox 781 3024 884 3074; x_wconf 78' lang='lat' dir='ltr'><strong>EteuIm</strong></span> <span class='ocrx_word' id='word_1_277' title='bbox 903 3026 972 3090; x_wconf 90' lang='lat' dir='ltr'><strong>quod</strong></span> <span class='ocrx_word' id='word_1_278' title='bbox 989 3037 1040 3074; x_wconf 92' lang='lat' dir='ltr'><strong>nos</strong></span> <span class='ocrx_word' id='word_1_279' title='bbox 1060 3025 1190 3074; x_wconf 87' lang='lat' dir='ltr'><strong>edidimus</strong></span> <span class='ocrx_word' id='word_1_280' title='bbox 1209 3025 1421 3092; x_wconf 78' lang='lat' dir='ltr'><strong>repugnantibus</strong></span> 
     </span>
     <span class='ocr_line' id='line_1_28' title="bbox 199 3093 1421 3157; baseline 0 -11"><span class='ocrx_word' id='word_1_281' title='bbox 199 3093 351 3146; x_wconf 73' lang='lat' dir='ltr'><strong>editoribus</strong></span> <span class='ocrx_word' id='word_1_282' title='bbox 373 3095 482 3157; x_wconf 88' lang='lat' dir='ltr'><strong>praeter</strong></span> <span class='ocrx_word' id='word_1_283' title='bbox 498 3093 634 3145; x_wconf 85' lang='lat' dir='ltr'><strong>Vorstium</strong></span> <span class='ocrx_word' id='word_1_284' title='bbox 653 3094 824 3144; x_wconf 78' lang='lat' dir='ltr'><strong>confirmatur</strong></span> <span class='ocrx_word' id='word_1_285' title='bbox 845 3109 899 3144; x_wconf 90' lang='lat' dir='ltr'><strong>non</strong></span> <span class='ocrx_word' id='word_1_286' title='bbox 923 3096 1010 3144; x_wconf 88' lang='lat' dir='ltr'><strong>solum</strong></span> <span class='ocrx_word' id='word_1_287' title='bbox 1035 3096 1157 3144; x_wconf 89' lang='lat' dir='ltr'><strong>omnibus</strong></span> <span class='ocrx_word' id='word_1_288' title='bbox 1175 3097 1326 3146; x_wconf 81' lang='lat' dir='ltr'><strong>Valerianis</strong></span> <span class='ocrx_word' id='word_1_289' title='bbox 1345 3096 1421 3146; x_wconf 92' lang='lat' dir='ltr'><strong>codd.</strong></span> 
     </span>
     <span class='ocr_line' id='line_1_29' title="bbox 199 3162 1421 3232; baseline 0 -16"><span class='ocrx_word' id='word_1_290' title='bbox 199 3165 402 3216; x_wconf 76' lang='lat' dir='ltr'><strong>uerum‘etiam</strong></span> <span class='ocrx_word' id='word_1_291' title='bbox 420 3165 540 3215; x_wconf 84' lang='lat' dir='ltr'><strong>vincent</strong></span> <span class='ocrx_word' id='word_1_292' title='bbox 563 3165 667 3214; x_wconf 84' lang='lat' dir='ltr'><strong>Beiiou.</strong></span> <span class='ocrx_word' id='word_1_293' title='bbox 690 3179 763 3229; x_wconf 88' lang='lat' dir='ltr'><strong>spec.</strong></span> <span class='ocrx_word' id='word_1_294' title='bbox 781 3166 844 3217; x_wconf 88' lang='lat' dir='ltr'><strong>bist.</strong></span> <span class='ocrx_word' id='word_1_295' title='bbox 862 3165 911 3216; x_wconf 84' lang='lat'><strong>111.</strong></span> <span class='ocrx_word' id='word_1_296' title='bbox 934 3162 992 3223; x_wconf 84' lang='grc'>118,</span> <span class='ocrx_word' id='word_1_297' title='bbox 1011 3167 1093 3216; x_wconf 77' lang='lat' dir='ltr'><strong>Meni.</strong></span> <span class='ocrx_word' id='word_1_298' title='bbox 1135 3167 1216 3216; x_wconf 77' lang='lat' dir='ltr'><strong>Error</strong></span> <span class='ocrx_word' id='word_1_299' title='bbox 1238 3168 1341 3224; x_wconf 86' lang='lat' dir='ltr'><strong>autem,</strong></span> <span class='ocrx_word' id='word_1_300' title='bbox 1370 3181 1421 3232; x_wconf 91' lang='lat' dir='ltr'><strong>que</strong></span> 
     </span>
     <span class='ocr_line' id='line_1_30' title="bbox 200 3234 1423 3302; baseline 0.001 -17"><span class='ocrx_word' id='word_1_301' title='bbox 200 3235 337 3300; x_wconf 79' lang='lat' dir='ltr'><strong>Tanaquil</strong></span> <span class='ocrx_word' id='word_1_302' title='bbox 349 3234 415 3285; x_wconf 78' lang='lat' dir='ltr'><strong>Anci</strong></span> <span class='ocrx_word' id='word_1_303' title='bbox 427 3236 529 3292; x_wconf 79' lang='lat' dir='ltr'><strong>Marcii,</strong></span> <span class='ocrx_word' id='word_1_304' title='bbox 547 3250 601 3284; x_wconf 92' lang='lat' dir='ltr'><strong>non</strong></span> <span class='ocrx_word' id='word_1_305' title='bbox 619 3235 704 3285; x_wconf 88' lang='lat' dir='ltr'><strong>Prisci</strong></span> <span class='ocrx_word' id='word_1_306' title='bbox 722 3236 858 3302; x_wconf 84' lang='lat' dir='ltr'><strong>Tarquinii</strong></span> <span class='ocrx_word' id='word_1_307' title='bbox 870 3251 936 3286; x_wconf 82' lang='lat' dir='ltr'><strong>uxor</strong></span> <span class='ocrx_word' id='word_1_308' title='bbox 953 3238 1115 3300; x_wconf 88' lang='lat' dir='ltr'><strong>perhibetur,</strong></span> <span class='ocrx_word' id='word_1_309' title='bbox 1134 3239 1266 3302; x_wconf 88' lang='lat' dir='ltr'><strong>quomodo</strong></span> <span class='ocrx_word' id='word_1_310' title='bbox 1284 3237 1311 3286; x_wconf 90' lang='lat' dir='ltr'><strong>in</strong></span> <span class='ocrx_word' id='word_1_311' title='bbox 1324 3237 1423 3288; x_wconf 84' lang='lat' dir='ltr'><strong>Valerii</strong></span> 
     </span>
     <span class='ocr_line' id='line_1_31' title="bbox 200 3306 1422 3374; baseline -0.002 -16"><span class='ocrx_word' id='word_1_312' title='bbox 200 3308 290 3358; x_wconf 80' lang='lat' dir='ltr'><strong>uerba</strong></span> <span class='ocrx_word' id='word_1_313' title='bbox 306 3307 568 3371; x_wconf 79' lang='lat' dir='ltr'><strong>irrepere&#39;potusrit,</strong></span> <span class='ocrx_word' id='word_1_314' title='bbox 589 3306 643 3355; x_wconf 90' lang='lat' dir='ltr'><strong>nisi</strong></span> <span class='ocrx_word' id='word_1_315' title='bbox 660 3308 696 3355; x_wconf 86' lang='lat' dir='ltr'><strong>ab</strong></span> <span class='ocrx_word' id='word_1_316' title='bbox 718 3309 779 3370; x_wconf 88' lang='lat' dir='ltr'><strong>ipso</strong></span> <span class='ocrx_word' id='word_1_317' title='bbox 804 3309 913 3357; x_wconf 86' lang='lat' dir='ltr'><strong>auctore</strong></span> <span class='ocrx_word' id='word_1_318' title='bbox 937 3308 974 3356; x_wconf 89' lang='lat' dir='ltr'><strong>sit</strong></span> <span class='ocrx_word' id='word_1_319' title='bbox 997 3309 1146 3371; x_wconf 82' lang='lat' dir='ltr'><strong>proiectus,</strong></span> <span class='ocrx_word' id='word_1_320' title='bbox 1171 3309 1293 3374; x_wconf 89' lang='lat' dir='ltr'><strong>equidem</strong></span> <span class='ocrx_word' id='word_1_321' title='bbox 1317 3309 1422 3358; x_wconf 89' lang='lat' dir='ltr'><strong>omnino</strong></span> 
     </span>
     <span class='ocr_line' id='line_1_32' title="bbox 200 3377 1423 3446; baseline 0 -19"><span class='ocrx_word' id='word_1_322' title='bbox 200 3393 259 3429; x_wconf 79' lang='lat' dir='ltr'><strong>uon</strong></span> <span class='ocrx_word' id='word_1_323' title='bbox 275 3377 424 3442; x_wconf 64' lang='lat' dir='ltr'><strong>perspicior</strong></span> <span class='ocrx_word' id='word_1_324' title='bbox 443 3390 578 3441; x_wconf 86' lang='lat' dir='ltr'><strong>speroque</strong></span> <span class='ocrx_word' id='word_1_325' title='bbox 594 3377 623 3425; x_wconf 91' lang='lat' dir='ltr'><strong>in</strong></span> <span class='ocrx_word' id='word_1_326' title='bbox 639 3378 715 3426; x_wconf 83' lang='lat' dir='ltr'><strong>tanta</strong></span> <span class='ocrx_word' id='word_1_327' title='bbox 732 3378 896 3428; x_wconf 86' lang='lat' dir='ltr'><strong>multitudine</strong></span> <span class='ocrx_word' id='word_1_328' title='bbox 918 3379 1100 3442; x_wconf 83' lang='lat' dir='ltr'><strong>exemplorum</strong></span> <span class='ocrx_word' id='word_1_329' title='bbox 1117 3378 1316 3446; x_wconf 76' lang='lat' dir='ltr'><strong>neglegentiam</strong></span> <span class='ocrx_word' id='word_1_330' title='bbox 1336 3379 1363 3427; x_wconf 90' lang='lat' dir='ltr'><strong>et</strong></span> <span class='ocrx_word' id='word_1_331' title='bbox 1380 3389 1423 3426; x_wconf 91' lang='lat' dir='ltr'><strong>so·</strong></span> 
     </span>
     <span class='ocr_line' id='line_1_33' title="bbox 202 3447 1423 3516; baseline 0 -18"><span class='ocrx_word' id='word_1_332' title='bbox 202 3449 325 3498; x_wconf 81' lang='lat' dir='ltr'><strong>cordiam</strong></span> <span class='ocrx_word' id='word_1_333' title='bbox 343 3448 479 3509; x_wconf 86' lang='lat' dir='ltr'><strong>scriptoris</strong></span> <span class='ocrx_word' id='word_1_334' title='bbox 488 3448 656 3515; x_wconf 75' lang='lat' dir='ltr'><strong>arguentium</strong></span> <span class='ocrx_word' id='word_1_335' title='bbox 673 3449 731 3499; x_wconf 83' lang='lat' dir='ltr'><strong>fore</strong></span> <span class='ocrx_word' id='word_1_336' title='bbox 748 3451 777 3498; x_wconf 94' lang='lat' dir='ltr'><strong>ut</strong></span> <span class='ocrx_word' id='word_1_337' title='bbox 794 3451 866 3498; x_wconf 88' lang='lat' dir='ltr'><strong>recte</strong></span> <span class='ocrx_word' id='word_1_338' title='bbox 883 3465 952 3499; x_wconf 93' lang='lat' dir='ltr'><strong>nunc</strong></span> <span class='ocrx_word' id='word_1_339' title='bbox 962 3449 1118 3500; x_wconf 81' lang='lat' dir='ltr'><strong>aestimetur</strong></span> <span class='ocrx_word' id='word_1_340' title='bbox 1128 3447 1324 3516; x_wconf 81' lang='lat' dir='ltr'><strong>Pigbienaista</strong></span> <span class='ocrx_word' id='word_1_341' title='bbox 1341 3449 1423 3498; x_wconf 89' lang='lat' dir='ltr'><strong>teme·</strong></span> 
     </span>
     <span class='ocr_line' id='line_1_34' title="bbox 203 3518 1423 3585; baseline -0.003 -15"><span class='ocrx_word' id='word_1_342' title='bbox 203 3521 281 3575; x_wconf 84' lang='lat' dir='ltr'><strong>ritas.</strong></span> <span class='ocrx_word' id='word_1_343' title='bbox 297 3519 438 3583; x_wconf 82' lang='lat' dir='ltr'><strong>quecquid</strong></span> <span class='ocrx_word' id='word_1_344' title='bbox 450 3519 621 3569; x_wconf 85' lang='lat' dir='ltr'><strong>scribendum</strong></span> <span class='ocrx_word' id='word_1_345' title='bbox 636 3519 811 3584; x_wconf 87' lang='lat' dir='ltr'><strong>ineritpotius</strong></span> <span class='ocrx_word' id='word_1_346' title='bbox 823 3535 903 3585; x_wconf 84' lang='lat' dir='ltr'><strong>quam</strong></span> <span class='ocrx_word' id='word_1_347' title='bbox 919 3521 979 3584; x_wconf 91' lang='lat' dir='ltr'><strong>quid</strong></span> <span class='ocrx_word' id='word_1_348' title='bbox 997 3519 1135 3581; x_wconf 85' lang='lat' dir='ltr'><strong>scripserit</strong></span> <span class='ocrx_word' id='word_1_349' title='bbox 1143 3518 1268 3567; x_wconf 80' lang='lat' dir='ltr'><strong>Valerius</strong></span> <span class='ocrx_word' id='word_1_350' title='bbox 1284 3518 1423 3568; x_wconf 88' lang='lat' dir='ltr'><strong>curauerit.</strong></span> 
     </span>
     <span class='ocr_line' id='line_1_35' title="bbox 201 3586 1425 3653; baseline -0.001 -14"><span class='ocrx_word' id='word_1_351' title='bbox 201 3589 246 3639; x_wconf 85' lang='lat' dir='ltr'><strong>Ne</strong></span> <span class='ocrx_word' id='word_1_352' title='bbox 270 3589 298 3638; x_wconf 89' lang='lat' dir='ltr'><strong>id</strong></span> <span class='ocrx_word' id='word_1_353' title='bbox 322 3589 428 3653; x_wconf 85' lang='lat' dir='ltr'><strong>quidem</strong></span> <span class='ocrx_word' id='word_1_354' title='bbox 450 3589 618 3653; x_wconf 78' lang='lat' dir='ltr'><strong>probabilem</strong></span> <span class='ocrx_word' id='word_1_355' title='bbox 641 3591 726 3640; x_wconf 87' lang='lat' dir='ltr'><strong>reddit</strong></span> <span class='ocrx_word' id='word_1_356' title='bbox 750 3590 878 3639; x_wconf 88' lang='lat' dir='ltr'><strong>editorum</strong></span> <span class='ocrx_word' id='word_1_357' title='bbox 910 3591 1105 3653; x_wconf 86' lang='lat' dir='ltr'><strong>suspicionem,</strong></span> <span class='ocrx_word' id='word_1_358' title='bbox 1133 3589 1203 3651; x_wconf 83' lang='lat' dir='ltr'><strong>quod</strong></span> <span class='ocrx_word' id='word_1_359' title='bbox 1232 3588 1260 3636; x_wconf 88' lang='lat' dir='ltr'><strong>in</strong></span> <span class='ocrx_word' id='word_1_360' title='bbox 1284 3586 1425 3651; x_wconf 83' lang='lat' dir='ltr'><strong>Nepotiani</strong></span> 
     </span>
     <span class='ocr_line' id='line_1_36' title="bbox 202 3659 1426 3726; baseline -0.003 -15"><span class='ocrx_word' id='word_1_361' title='bbox 202 3661 324 3724; x_wconf 77' lang='lat' dir='ltr'><strong>epitoma</strong></span> <span class='ocrx_word' id='word_1_362' title='bbox 341 3661 489 3710; x_wconf 86' lang='lat' dir='ltr'><strong>secundnm</strong></span> <span class='ocrx_word' id='word_1_363' title='bbox 505 3661 634 3710; x_wconf 85' lang='lat' dir='ltr'><strong>historiae</strong></span> <span class='ocrx_word' id='word_1_364' title='bbox 651 3661 732 3709; x_wconf 90' lang='lat' dir='ltr'><strong>iidem</strong></span> <span class='ocrx_word' id='word_1_365' title='bbox 751 3661 784 3709; x_wconf 92' lang='lat' dir='ltr'><strong>de</strong></span> <span class='ocrx_word' id='word_1_366' title='bbox 802 3659 946 3724; x_wconf 87' lang='lat' dir='ltr'><strong>Tarquinio</strong></span> <span class='ocrx_word' id='word_1_367' title='bbox 965 3659 1057 3708; x_wconf 84' lang='lat' dir='ltr'><strong>Prisco</strong></span> <span class='ocrx_word' id='word_1_368' title='bbox 1076 3659 1187 3726; x_wconf 82' lang='lat' dir='ltr'><strong>legitur,</strong></span> <span class='ocrx_word' id='word_1_369' title='bbox 1212 3659 1341 3723; x_wconf 85' lang='lat' dir='ltr'><strong>siquidem</strong></span> <span class='ocrx_word' id='word_1_370' title='bbox 1362 3659 1426 3722; x_wconf 89' lang='lat' dir='ltr'><strong>ipsa</strong></span> 
     </span>
     <span class='ocr_line' id='line_1_37' title="bbox 203 3729 1425 3793; baseline 0 -13"><span class='ocrx_word' id='word_1_371' title='bbox 203 3730 403 3780; x_wconf 86' lang='lat' dir='ltr'><strong>abbreuiatoris</strong></span> <span class='ocrx_word' id='word_1_372' title='bbox 421 3732 506 3780; x_wconf 85' lang='lat' dir='ltr'><strong>uerba</strong></span> <span class='ocrx_word' id='word_1_373' title='bbox 523 3732 665 3780; x_wconf 87' lang='lat' dir='ltr'><strong>ostendunt</strong></span> <span class='ocrx_word' id='word_1_374' title='bbox 676 3731 780 3780; x_wconf 89' lang='lat' dir='ltr'><strong>Liuium</strong></span> <span class='ocrx_word' id='word_1_375' title='bbox 798 3731 947 3793; x_wconf 89' lang='lat' dir='ltr'><strong>inspectum</strong></span> <span class='ocrx_word' id='word_1_376' title='bbox 966 3731 1001 3778; x_wconf 87' lang='lat' dir='ltr'><strong>ab</strong></span> <span class='ocrx_word' id='word_1_377' title='bbox 1019 3743 1052 3778; x_wconf 90' lang='lat' dir='ltr'><strong>eo</strong></span> <span class='ocrx_word' id='word_1_378' title='bbox 1068 3743 1179 3778; x_wconf 87' lang='lat' dir='ltr'><strong>causam</strong></span> <span class='ocrx_word' id='word_1_379' title='bbox 1197 3729 1318 3780; x_wconf 82' lang='lat' dir='ltr'><strong>extitisse</strong></span> <span class='ocrx_word' id='word_1_380' title='bbox 1336 3743 1425 3781; x_wconf 88' lang='lat' dir='ltr'><strong>emen·</strong></span> 
     </span>
     <span class='ocr_line' id='line_1_38' title="bbox 203 3797 1423 3866; baseline 0 -15"><span class='ocrx_word' id='word_1_381' title='bbox 203 3801 288 3852; x_wconf 84' lang='lat' dir='ltr'><strong>dandi</strong></span> <span class='ocrx_word' id='word_1_382' title='bbox 306 3801 414 3850; x_wconf 79' lang='lat' dir='ltr'><strong>Valerii.</strong></span> <span class='ocrx_word' id='word_1_383' title='bbox 455 3801 548 3866; x_wconf 86' lang='lat' dir='ltr'><strong>itaque</strong></span> <span class='ocrx_word' id='word_1_384' title='bbox 568 3802 669 3852; x_wconf 83' lang='lat' dir='ltr'><strong>haereo</strong></span> <span class='ocrx_word' id='word_1_385' title='bbox 692 3802 795 3850; x_wconf 88' lang='lat' dir='ltr'><strong>tantum</strong></span> <span class='ocrx_word' id='word_1_386' title='bbox 818 3802 846 3850; x_wconf 91' lang='lat' dir='ltr'><strong>in</strong></span> <span class='ocrx_word' id='word_1_387' title='bbox 870 3801 961 3850; x_wconf 87' lang='lat' dir='ltr'><strong>ordine</strong></span> <span class='ocrx_word' id='word_1_388' title='bbox 986 3801 1127 3850; x_wconf 86' lang='lat' dir='ltr'><strong>uerborum</strong></span> <span class='ocrx_word' id='word_1_389' title='bbox 1145 3797 1214 3850; x_wconf 74' lang='lat' dir='ltr'><strong>daei</strong></span> <span class='ocrx_word' id='word_1_390' title='bbox 1236 3797 1307 3865; x_wconf 72' lang='lat' dir='ltr'><strong>repis</strong></span> <span class='ocrx_word' id='word_1_391' title='bbox 1323 3797 1423 3856; x_wconf 82' lang='lat' dir='ltr'><strong>Murci,</strong></span> 
     </span>
     <span class='ocr_line' id='line_1_39' title="bbox 204 3871 1425 3938; baseline 0.002 -17"><span class='ocrx_word' id='word_1_392' title='bbox 204 3874 251 3938; x_wconf 88' lang='lat' dir='ltr'><strong>qui</strong></span> <span class='ocrx_word' id='word_1_393' title='bbox 268 3885 339 3921; x_wconf 88' lang='lat' dir='ltr'><strong>sane</strong></span> <span class='ocrx_word' id='word_1_394' title='bbox 355 3871 476 3921; x_wconf 89' lang='lat' dir='ltr'><strong>insolens</strong></span> <span class='ocrx_word' id='word_1_395' title='bbox 495 3874 546 3928; x_wconf 88' lang='lat' dir='ltr'><strong>est.</strong></span> <span class='ocrx_word' id='word_1_396' title='bbox 565 3873 615 3921; x_wconf 89' lang='lat' dir='ltr'><strong>sed</strong></span> <span class='ocrx_word' id='word_1_397' title='bbox 632 3887 693 3922; x_wconf 86' lang='lat' dir='ltr'><strong>cum</strong></span> <span class='ocrx_word' id='word_1_398' title='bbox 708 3873 802 3936; x_wconf 87' lang='lat' dir='ltr'><strong>reputo</strong></span> <span class='ocrx_word' id='word_1_399' title='bbox 821 3887 901 3937; x_wconf 89' lang='lat' dir='ltr'><strong>quam</strong></span> <span class='ocrx_word' id='word_1_400' title='bbox 919 3887 980 3922; x_wconf 90' lang='lat' dir='ltr'><strong>rare</strong></span> <span class='ocrx_word' id='word_1_401' title='bbox 999 3871 1026 3920; x_wconf 92' lang='lat' dir='ltr'><strong>in</strong></span> <span class='ocrx_word' id='word_1_402' title='bbox 1038 3871 1228 3937; x_wconf 89' lang='lat' dir='ltr'><strong>antiquioribus</strong></span> <span class='ocrx_word' id='word_1_403' title='bbox 1241 3871 1338 3922; x_wconf 89' lang='lat' dir='ltr'><strong>saitem</strong></span> <span class='ocrx_word' id='word_1_404' title='bbox 1351 3873 1425 3923; x_wconf 80' lang='lat' dir='ltr'><strong>libris</strong></span> 
     </span>
     <span class='ocr_line' id='line_1_40' title="bbox 203 3940 1425 4007; baseline 0.002 -14"><span class='ocrx_word' id='word_1_405' title='bbox 203 3943 380 4007; x_wconf 83' lang='lat' dir='ltr'><strong>transpositis</strong></span> <span class='ocrx_word' id='word_1_406' title='bbox 399 3942 539 3993; x_wconf 81' lang='lat' dir='ltr'><strong>uocabulis</strong></span> <span class='ocrx_word' id='word_1_407' title='bbox 556 3943 593 3992; x_wconf 85' lang='lat' dir='ltr'><strong>sit</strong></span> <span class='ocrx_word' id='word_1_408' title='bbox 608 3945 757 4006; x_wconf 81' lang='lat' dir='ltr'><strong>peccatum,</strong></span> <span class='ocrx_word' id='word_1_409' title='bbox 776 3957 884 3993; x_wconf 86' lang='lat' dir='ltr'><strong>manum</strong></span> <span class='ocrx_word' id='word_1_410' title='bbox 904 3943 1035 3993; x_wconf 87' lang='lat' dir='ltr'><strong>abstineo.</strong></span> <span class='ocrx_word' id='word_1_411' title='bbox 1072 3943 1108 3991; x_wconf 81' lang='lat' dir='ltr'><strong>Et</strong></span> <span class='ocrx_word' id='word_1_412' title='bbox 1124 3943 1244 3992; x_wconf 87' lang='lat' dir='ltr'><strong>simililer</strong></span> <span class='ocrx_word' id='word_1_413' title='bbox 1262 3943 1318 3993; x_wconf 80' lang='lat' dir='ltr'><strong>iere</strong></span> <span class='ocrx_word' id='word_1_414' title='bbox 1336 3943 1363 4006; x_wconf 72' lang='lat' dir='ltr'><strong>s.</strong></span> <span class='ocrx_word' id='word_1_415' title='bbox 1386 3940 1425 4002; x_wconf 86' lang='lat' dir='ltr'><strong>io.</strong></span> 
     </span>
     <span class='ocr_line' id='line_1_41' title="bbox 202 4009 1426 4081; baseline 0.002 -17"><span class='ocrx_word' id='word_1_416' title='bbox 202 4026 265 4068; x_wconf 72' lang='lat' dir='ltr'><strong>aa·</strong></span> <span class='ocrx_word' id='word_1_417' title='bbox 283 4009 438 4078; x_wconf 65' lang='lat' dir='ltr'><strong>cotteym</strong></span> <span class='ocrx_word' id='word_1_418' title='bbox 450 4009 582 4064; x_wconf 76' lang='lat' dir='ltr'><strong>disaidm</strong></span> <span class='ocrx_word' id='word_1_419' title='bbox 593 4010 690 4070; x_wconf 67' lang='lat' dir='ltr'><strong>bissae</strong></span> <span class='ocrx_word' id='word_1_420' title='bbox 709 4015 730 4073; x_wconf 90' lang='grc' dir='ltr'><strong>Ι,</strong></span> <span class='ocrx_word' id='word_1_421' title='bbox 749 4012 774 4072; x_wconf 86' lang='grc'><strong>7,</strong></span> <span class='ocrx_word' id='word_1_422' title='bbox 793 4011 811 4064; x_wconf 90' lang='grc'>4</span> <span class='ocrx_word' id='word_1_423' title='bbox 825 4011 928 4081; x_wconf 80' lang='lat' dir='ltr'><strong>plebeis</strong></span> <span class='ocrx_word' id='word_1_424' title='bbox 939 4011 1046 4081; x_wconf 79' lang='lat' dir='ltr'><strong>quidam</strong></span> <span class='ocrx_word' id='word_1_425' title='bbox 1058 4009 1128 4064; x_wconf 81' lang='lat' dir='ltr'><strong>ledis</strong></span> <span class='ocrx_word' id='word_1_426' title='bbox 1140 4017 1221 4081; x_wconf 85' lang='lat' dir='ltr'><strong>poter</strong></span> <span class='ocrx_word' id='word_1_427' title='bbox 1230 4011 1373 4079; x_wconf 78' lang='lat' dir='ltr'><strong>familias,-</strong></span> <span class='ocrx_word' id='word_1_428' title='bbox 1391 4015 1426 4066; x_wconf 87' lang='lat' dir='ltr'><strong>ai.</strong></span> 
     </span>
    </p>

    <p class='ocr_par' dir='ltr' id='par_1_8' title="bbox 203 4083 1427 4278">
     <span class='ocr_line' id='line_1_42' title="bbox 276 4083 1424 4153; baseline 0.004 -19"><span class='ocrx_word' id='word_1_429' title='bbox 276 4097 357 4134; x_wconf 74' lang='lat' dir='ltr'><strong>ursa</strong></span> <span class='ocrx_word' id='word_1_430' title='bbox 375 4087 474 4145; x_wconf 68' lang='lat' dir='ltr'><strong>mura)</strong></span> <span class='ocrx_word' id='word_1_431' title='bbox 491 4083 522 4133; x_wconf 91' lang='lat' dir='ltr'><strong>ln</strong></span> <span class='ocrx_word' id='word_1_432' title='bbox 539 4085 730 4135; x_wconf 81' lang='lat' dir='ltr'><strong>recentioribus</strong></span> <span class='ocrx_word' id='word_1_433' title='bbox 749 4087 849 4150; x_wconf 89' lang='lat' dir='ltr'><strong>aliquot</strong></span> <span class='ocrx_word' id='word_1_434' title='bbox 868 4086 941 4136; x_wconf 90' lang='lat' dir='ltr'><strong>libris</strong></span> <span class='ocrx_word' id='word_1_435' title='bbox 955 4086 1095 4153; x_wconf 79' lang='lat' dir='ltr'><strong>legebatur</strong></span> <span class='ocrx_word' id='word_1_436' title='bbox 1111 4099 1214 4136; x_wconf 78' lang='lat' dir='ltr'><strong>seruam</strong></span> <span class='ocrx_word' id='word_1_437' title='bbox 1231 4099 1310 4135; x_wconf 83' lang='lat' dir='ltr'><strong>serae</strong></span> <span class='ocrx_word' id='word_1_438' title='bbox 1326 4089 1424 4139; x_wconf 67' lang='lat' dir='ltr'><strong>aeuus.</strong></span> 
     </span>
     <span class='ocr_line' id='line_1_43' title="bbox 203 4151 1427 4221; baseline 0 -15"><span class='ocrx_word' id='word_1_439' title='bbox 203 4156 410 4220; x_wconf 83' lang='lat' dir='ltr'><strong>interpolatione</strong></span> <span class='ocrx_word' id='word_1_440' title='bbox 427 4156 512 4219; x_wconf 87' lang='lat' dir='ltr'><strong>petita</strong></span> <span class='ocrx_word' id='word_1_441' title='bbox 529 4169 545 4206; x_wconf 92' lang='lat' dir='ltr'><strong>e</strong></span> <span class='ocrx_word' id='word_1_442' title='bbox 562 4156 621 4206; x_wconf 89' lang='lat' dir='ltr'><strong>Liu.</strong></span> <span class='ocrx_word' id='word_1_443' title='bbox 640 4156 660 4216; x_wconf 89' lang='grc' dir='ltr'><strong>Ι,</strong></span> <span class='ocrx_word' id='word_1_444' title='bbox 678 4151 723 4215; x_wconf 82' lang='grc'><strong>47,</strong></span> <span class='ocrx_word' id='word_1_445' title='bbox 742 4157 771 4206; x_wconf 88' lang='lat' dir='ltr'><strong>ut</strong></span> <span class='ocrx_word' id='word_1_446' title='bbox 789 4157 898 4208; x_wconf 87' lang='lat' dir='ltr'><strong>uidetur.</strong></span> <span class='ocrx_word' id='word_1_447' title='bbox 917 4157 984 4208; x_wconf 76' lang='lat' dir='ltr'><strong>Edd.</strong></span> <span class='ocrx_word' id='word_1_448' title='bbox 996 4153 1117 4208; x_wconf 77' lang='lat' dir='ltr'><strong>Seruium</strong></span> <span class='ocrx_word' id='word_1_449' title='bbox 1133 4171 1183 4221; x_wconf 91' lang='lat' dir='ltr'><strong>pro</strong></span> <span class='ocrx_word' id='word_1_450' title='bbox 1200 4169 1312 4206; x_wconf 75' lang='lat' dir='ltr'><strong>seruam.</strong></span> <span class='ocrx_word' id='word_1_451' title='bbox 1347 4156 1427 4220; x_wconf 80' lang='lat' dir='ltr'><strong>Equi·</strong></span> 
     </span>
     <span class='ocr_line' id='line_1_44' title="bbox 203 4227 381 4278; baseline -0.017 0"><span class='ocrx_word' id='word_1_452' title='bbox 203 4229 266 4278; x_wconf 80' lang='lat' dir='ltr'><strong>deus</strong></span> <span class='ocrx_word' id='word_1_453' title='bbox 286 4227 381 4276; x_wconf 88' lang='lat' dir='ltr'><strong>deleui.</strong></span> 
     </span>
    </p>

    <p class='ocr_par' dir='ltr' id='par_1_9' title="bbox 277 4292 605 4356">
     <span class='ocr_line' id='line_1_45' title="bbox 277 4292 605 4356; baseline 0.003 -9"><span class='ocrx_word' id='word_1_454' title='bbox 277 4292 304 4347; x_wconf 75' lang='lat'>2</span> <span class='ocrx_word' id='word_1_455' title='bbox 323 4297 362 4346; x_wconf 81' lang='lat' dir='ltr'><strong>ci.</strong></span> <span class='ocrx_word' id='word_1_456' title='bbox 380 4297 439 4348; x_wconf 87' lang='lat' dir='ltr'><strong>Liu.</strong></span> <span class='ocrx_word' id='word_1_457' title='bbox 455 4297 543 4356; x_wconf 81' lang='lat' dir='ltr'><strong>XXV,</strong></span> <span class='ocrx_word' id='word_1_458' title='bbox 560 4292 605 4348; x_wconf 80' lang='grc'><strong>33.</strong></span> 
     </span>
    </p>

    <p class='ocr_par' dir='ltr' id='par_1_10' title="bbox 201 4364 1426 4652">
     <span class='ocr_line' id='line_1_46' title="bbox 273 4364 1426 4434; baseline -0.003 -16"><span class='ocrx_word' id='word_1_459' title='bbox 273 4364 374 4434; x_wconf 81' lang='lat' dir='ltr'><strong>paaa&#39;ds&#39;</strong></span> <span class='ocrx_word' id='word_1_460' title='bbox 389 4365 487 4430; x_wconf 67' lang='lat' dir='ltr'><strong>addae)</strong></span> <span class='ocrx_word' id='word_1_461' title='bbox 513 4369 607 4418; x_wconf 84' lang='lat' dir='ltr'><strong>Liuius</strong></span> <span class='ocrx_word' id='word_1_462' title='bbox 629 4369 765 4418; x_wconf 76' lang='lat' dir='ltr'><strong>flamrmm</strong></span> <span class='ocrx_word' id='word_1_463' title='bbox 789 4371 891 4419; x_wconf 83' lang='lat' dir='ltr'><strong>biarcio</strong></span> <span class='ocrx_word' id='word_1_464' title='bbox 917 4369 1077 4419; x_wconf 86' lang='lat' dir='ltr'><strong>contionanti</strong></span> <span class='ocrx_word' id='word_1_465' title='bbox 1101 4369 1190 4417; x_wconf 81' lang='lat' dir='ltr'><strong>susam</strong></span> <span class='ocrx_word' id='word_1_466' title='bbox 1215 4383 1230 4416; x_wconf 88' lang='lat' dir='ltr'><strong>e</strong></span> <span class='ocrx_word' id='word_1_467' title='bbox 1255 4368 1342 4430; x_wconf 89' lang='lat' dir='ltr'><strong>capite</strong></span> <span class='ocrx_word' id='word_1_468' title='bbox 1367 4379 1426 4415; x_wconf 85' lang='lat' dir='ltr'><strong>cum</strong></span> 
     </span>
     <span class='ocr_line' id='line_1_47' title="bbox 201 4439 1426 4509; baseline -0.005 -20"><span class='ocrx_word' id='word_1_469' title='bbox 201 4455 307 4509; x_wconf 76' lang='lat' dir='ltr'><strong>magno</strong></span> <span class='ocrx_word' id='word_1_470' title='bbox 325 4454 428 4502; x_wconf 85' lang='lat' dir='ltr'><strong>pauore</strong></span> <span class='ocrx_word' id='word_1_471' title='bbox 439 4441 663 4490; x_wconf 85' lang='lat' dir='ltr'><strong>circumstantium</strong></span> <span class='ocrx_word' id='word_1_472' title='bbox 676 4441 787 4490; x_wconf 89' lang='lat' dir='ltr'><strong>militnm</strong></span> <span class='ocrx_word' id='word_1_473' title='bbox 798 4442 886 4490; x_wconf 83' lang='lat' dir='ltr'><strong>uisam</strong></span> <span class='ocrx_word' id='word_1_474' title='bbox 897 4453 960 4490; x_wconf 86' lang='lat' dir='ltr'><strong>esse</strong></span> <span class='ocrx_word' id='word_1_475' title='bbox 973 4441 1047 4496; x_wconf 85' lang='lat' dir='ltr'><strong>dicit;</strong></span> <span class='ocrx_word' id='word_1_476' title='bbox 1067 4439 1147 4488; x_wconf 87' lang='lat' dir='ltr'><strong>alium</strong></span> <span class='ocrx_word' id='word_1_477' title='bbox 1161 4439 1293 4488; x_wconf 86' lang='lat' dir='ltr'><strong>exercitus</strong></span> <span class='ocrx_word' id='word_1_478' title='bbox 1305 4439 1426 4485; x_wconf 83' lang='lat' dir='ltr'><strong>timorem</strong></span> 
     </span>
     <span class='ocr_line' id='line_1_48' title="bbox 203 4507 1426 4580; baseline -0.006 -18"><span class='ocrx_word' id='word_1_479' title='bbox 203 4517 232 4562; x_wconf 86' lang='lat' dir='ltr'><strong>et</strong></span> <span class='ocrx_word' id='word_1_480' title='bbox 249 4513 438 4574; x_wconf 82' lang='lat' dir='ltr'><strong>recuperatam</strong></span> <span class='ocrx_word' id='word_1_481' title='bbox 455 4512 502 4560; x_wconf 90' lang='lat' dir='ltr'><strong>iiio</strong></span> <span class='ocrx_word' id='word_1_482' title='bbox 520 4514 632 4575; x_wconf 88' lang='lat' dir='ltr'><strong>aspectu</strong></span> <span class='ocrx_word' id='word_1_483' title='bbox 648 4511 789 4574; x_wconf 82' lang='lat' dir='ltr'><strong>pristinam</strong></span> <span class='ocrx_word' id='word_1_484' title='bbox 807 4513 930 4562; x_wconf 86' lang='lat' dir='ltr'><strong>uirtutem</strong></span> <span class='ocrx_word' id='word_1_485' title='bbox 947 4512 1062 4580; x_wconf 79' lang='lat' dir='ltr'><strong>ignorat.</strong></span> <span class='ocrx_word' id='word_1_486' title='bbox 1098 4511 1172 4560; x_wconf 88' lang='lat' dir='ltr'><strong>idem</strong></span> <span class='ocrx_word' id='word_1_487' title='bbox 1191 4507 1300 4558; x_wconf 84' lang='lat' dir='ltr'><strong>Claudio</strong></span> <span class='ocrx_word' id='word_1_488' title='bbox 1319 4507 1426 4555; x_wconf 84' lang='lat' dir='ltr'><strong>auctore</strong></span> 
     </span>
     <span class='ocr_line' id='line_1_49' title="bbox 203 4583 881 4652; baseline 0.001 -21"><span class='ocrx_word' id='word_1_489' title='bbox 203 4583 319 4652; x_wconf 75' lang='lat' dir='ltr'><strong>triginta</strong></span> <span class='ocrx_word' id='word_1_490' title='bbox 337 4583 440 4646; x_wconf 84' lang='lat' dir='ltr'><strong>septem</strong></span> <span class='ocrx_word' id='word_1_491' title='bbox 458 4583 533 4632; x_wconf 86' lang='lat' dir='ltr'><strong>milia</strong></span> <span class='ocrx_word' id='word_1_492' title='bbox 552 4584 670 4633; x_wconf 85' lang='lat' dir='ltr'><strong>bostium</strong></span> <span class='ocrx_word' id='word_1_493' title='bbox 691 4597 775 4634; x_wconf 90' lang='lat' dir='ltr'><strong>caesa</strong></span> <span class='ocrx_word' id='word_1_494' title='bbox 791 4583 881 4634; x_wconf 86' lang='lat' dir='ltr'><strong>reicrt.</strong></span> 
     </span>
    </p>

    <p class='ocr_par' dir='ltr' id='par_1_11' title="bbox 204 4642 1426 4785">
     <span class='ocr_line' id='line_1_50' title="bbox 277 4642 1426 4720; baseline -0.007 -16"><span class='ocrx_word' id='word_1_495' title='bbox 277 4647 305 4704; x_wconf 91' lang='grc'><strong>3.</strong></span> <span class='ocrx_word' id='word_1_496' title='bbox 324 4653 363 4703; x_wconf 78' lang='lat' dir='ltr'><strong>ci</strong></span> <span class='ocrx_word' id='word_1_497' title='bbox 377 4653 438 4704; x_wconf 85' lang='lat' dir='ltr'><strong>Liu.</strong></span> <span class='ocrx_word' id='word_1_498' title='bbox 454 4653 487 4711; x_wconf 83' lang='lat' dir='ltr'><strong>V,</strong></span> <span class='ocrx_word' id='word_1_499' title='bbox 509 4648 541 4704; x_wconf 79' lang='lat'><strong>15</strong></span> <span class='ocrx_word' id='word_1_500' title='bbox 558 4655 586 4705; x_wconf 86' lang='lat' dir='ltr'><strong>et</strong></span> <span class='ocrx_word' id='word_1_501' title='bbox 603 4669 663 4720; x_wconf 87' lang='lat' dir='ltr'><strong>sqq.</strong></span> <span class='ocrx_word' id='word_1_502' title='bbox 680 4653 749 4706; x_wconf 83' lang='lat' dir='ltr'><strong>Plut.</strong></span> <span class='ocrx_word' id='word_1_503' title='bbox 767 4655 840 4705; x_wconf 80' lang='lat' dir='ltr'><strong>Cani.</strong></span> <span class='ocrx_word' id='word_1_504' title='bbox 859 4649 885 4707; x_wconf 91' lang='grc'><strong>3.</strong></span> <span class='ocrx_word' id='word_1_505' title='bbox 904 4654 980 4706; x_wconf 88' lang='lat' dir='ltr'><strong>Dion.</strong></span> <span class='ocrx_word' id='word_1_506' title='bbox 1001 4653 1061 4706; x_wconf 82' lang='lat' dir='ltr'><strong>iiai</strong></span> <span class='ocrx_word' id='word_1_507' title='bbox 1081 4667 1138 4704; x_wconf 85' lang='lat' dir='ltr'><strong>exc.</strong></span> <span class='ocrx_word' id='word_1_508' title='bbox 1158 4651 1218 4702; x_wconf 85' lang='lat' dir='ltr'><strong>Vei.</strong></span> <span class='ocrx_word' id='word_1_509' title='bbox 1236 4647 1295 4707; x_wconf 80' lang='lat' dir='ltr'><strong>xii,</strong></span> <span class='ocrx_word' id='word_1_510' title='bbox 1316 4642 1345 4697; x_wconf 87' lang='lat' dir='ltr'><strong>ii</strong></span> <span class='ocrx_word' id='word_1_511' title='bbox 1367 4657 1426 4718; x_wconf 88' lang='lat' dir='ltr'><strong>sqq.</strong></span> 
     </span>
     <span class='ocr_line' id='line_1_51' title="bbox 204 4719 567 4785; baseline -0.008 -8"><span class='ocrx_word' id='word_1_512' title='bbox 204 4725 260 4777; x_wconf 78' lang='lat' dir='ltr'><strong>cie</strong></span> <span class='ocrx_word' id='word_1_513' title='bbox 279 4725 315 4776; x_wconf 86' lang='lat' dir='ltr'><strong>de</strong></span> <span class='ocrx_word' id='word_1_514' title='bbox 334 4725 385 4775; x_wconf 87' lang='lat' dir='ltr'><strong>diu.</strong></span> <span class='ocrx_word' id='word_1_515' title='bbox 404 4723 424 4784; x_wconf 95' lang='lat' dir='ltr'><strong>l,</strong></span> <span class='ocrx_word' id='word_1_516' title='bbox 442 4719 487 4785; x_wconf 78' lang='grc'><strong>44,</strong></span> <span class='ocrx_word' id='word_1_517' title='bbox 508 4720 567 4778; x_wconf 82' lang='grc'><strong>100.</strong></span> 
     </span>
    </p>
   </div>
   <div class='ocr_carea' id='block_1_7' title="bbox 0 0 1728 5400">
    <p class='ocr_par' dir='ltr' id='par_1_12' title="bbox 0 0 1728 5400">
     <span class='ocr_line' id='line_1_52' title="bbox 0 0 1728 5400; baseline 0 0"><span class='ocrx_word' id='word_1_518' title='bbox 0 0 1728 5400; x_wconf 95' lang='lat' dir='ltr'><strong> </strong></span> 
     </span>
    </p>
   </div>
  </div>
 </body>
</html>
