3409 5400
307 475 371 543 aas
755 475 1070 572 orassemus

307 635 488 701 sidentibus
508 657 605 722 quam
624 638 772 703 obsessis
797 638 1009 703 intolerabilis
1033 638 1206 714 uideretur,
1230 649 1400 727 exoptatae
1423 643 1510 707 uicu-

306 744 376 807 riae
397 744 457 808 iter
479 745 563 808 miro
585 744 737 831 prodigio
761 744 795 809 di
816 745 1005 815 inmortales
1026 746 1258 829 patefecerunt.
1305 746 1420 813 Subito
1439 749 1513 814 enirn

307 849 456 915 Albanus
483 850 587 925 lacus,
616 873 723 937 nequa
747 852 944 917 caelestibus
969 862 1085 917 auctus
1113 852 1270 917 imbribus
1299 874 1404 941 neque
1431 857 1512 919 inun-

307 957 437 1021 datione
465 956 562 1022 ullius
591 959 697 1021 amnis
727 958 870 1035 adiutus,
901 957 1033 1023 solitum
1067 959 1176 1045 stagni
1207 960 1343 1025 modum
1376 964 1513 1026 excessit.

307 1064 408 1131 Citius
431 1064 481 1127 rei
503 1062 722 1150 explorandae
740 1066 845 1151 gratia
860 1065 962 1152 legati
984 1066 1027 1129 ad
1037 1064 1233 1151 Delphicum
1250 1066 1417 1132 oraculum
1431 1070 1534 1140 missis

305 1170 497 1235 rettulerunt
517 1171 663 1254 praecipi
686 1172 827 1237 sortibus
857 1182 890 1235 ut
919 1194 1039 1259 aquam
1069 1172 1139 1237 aius
1165 1170 1258 1237 lacus
1288 1176 1442 1239 emissam
1462 1196 1514 1260 per

307 1296 409 1362 agros
433 1274 667 1353 diffunderent3
691 1278 738 1341 sic
763 1278 851 1345 enim
867 1277 970 1343 Veios
994 1281 1027 1342 in
1050 1288 1244 1364 potestatem
1260 1281 1372 1366 populi
1384 1282 1516 1347 Romani

307 1425 349 1463 0.
395 1380 493 1463 Quod
516 1385 708 1470 priusquam
730 1384 832 1471 legati
858 1389 1094 1461 renuntiarent,
1123 1407 1265 1471 aruspex
1292 1384 1472 1452 Veientium
1498 1411 1531 1470 a,

306 1488 406 1555 milita
435 1502 562 1566 nostro,
592 1493 670 1579 quia
698 1491 869 1557 domestici
895 1494 1087 1578 interpretes
1116 1492 1265 1567 deerant,
1293 1505 1406 1581 raptus
1434 1506 1463 1558 et
1485 1496 1517 1559 in

308 1608 416 1659 castra
445 1597 589 1682 perlatus
622 1600 766 1662 futurum
800 1599 932 1663 dixerat.
996 1600 1086 1689 Ergo
1116 1610 1248 1664 senatus
1284 1600 1403 1686 duplici
1429 1622 1555 1685 prae-ro

308 1688 447 1768 dictione
475 1706 629 1779 monitus,
659 1705 776 1769 eodem
803 1726 910 1792 paene
939 1716 1084 1792 tempore
1118 1718 1148 1771 ct
1180 1706 1330 1795 religioni
1360 1709 1465 1794 paruit
1490 1718 1520 1771 et

306 1808 450 1873 hostium
472 1810 552 1874 urbe
574 1812 696 1895 potitus
720 1823 781 1877 est.
1354 1814 1379 1881 .'
1509 1870 1532 1933 ἦ

265 1905 298 1971 4.
396 1914 466 1978 Nec
478 1938 593 2000 parum
604 1918 754 2002 prosperi
766 1939 943 1984 successus
968 1920 1056 2006 quod
1080 1922 1235 2006 sequitur.
1257 1920 1296 1985 L.
1309 1920 1399 2007 Sylla
1411 1920 1522 1985 consul

309 2022 423 2087 sociali
445 2021 546 2097 bello,
577 2043 653 2087 cum
678 2025 713 2087 in
744 2044 825 2110 agro
855 2024 983 2089 Nolano
1013 2036 1086 2091 ante
1115 2028 1313 2113 praetorium
1334 2026 1522 2101 immolaret,

308 2130 416 2194 subito
446 2128 486 2193 ab
513 2130 581 2193 ima
607 2141 698 2214 parte
727 2152 803 2195 arae
830 2132 1020 2218 prolapsam
1049 2155 1193 2222 anguem
1220 2125 1398 2220 prospexit.
1451 2132 1561 2214 Quam

308 2237 383 2301 uisa
404 2234 553 2303 Postumi
575 2238 734 2325 aruspicis
757 2236 887 2303 hortatu
918 2240 1071 2305 continuo
1096 2241 1271 2307 exercitum
1293 2240 1327 2305 in
1350 2238 1524 2325 expeditio·

312 2486 333 2541 Ι.
352 2490 452 2539 exitum
470 2489 578 2552 optatae
595 2484 694 2608 Djffl.
713 2489 749 2539 dii
766 2503 835 2541 corr.
846 2488 879 2542 A.
891 2490 904 2558 Η
915 2486 941 2541 3.
959 2492 1087 2542 imbribus
1107 2492 1201 2542 auctus
1213 2488 1308 2559 Tam]
1330 2485 1449 2541 hiacus
1468 2492 1527 2540 eius

310 2554 406 2630 Tarni
429 2558 453 2611 7.
471 2559 595 2625 Romani]
614 2575 631 2611 c

307 2626 340 2681 Β.
414 2670 421 2682 .
439 2632 564 2681 uenturos
583 2626 721 2683 carot-r.
736 2628 788 2706 118.
807 2635 881 2693 Quod
902 2648 950 2684 om.
968 2630 1005 2687 E.
1019 2630 1031 2697 ΙΙ
1052 2630 1076 2685 9.
1097 2636 1192 2699 captus
1209 2633 1272 2686 Par.
1286 2626 1311 2758 pp
1329 2628 1368 2684 to.
1388 2634 1529 2697 praedica·

650 2556 676 2609 d.
695 2562 796 2612 tuturos
815 2560 844 2613 D
867 2566 892 2613 et
914 2559 1093 2630 superscripto
1113 2564 1169 2613 lore
1187 2575 1277 2629 morye
1351 2558 1413 2614 odd.
1436 2562 1529 2613 reduci

307 2702 378 2753 tione
395 2701 430 2754 E.
449 2700 498 2760 (sic
514 2701 638 2772 samius).
652 2700 664 2775 ΙΙ
680 2697 720 2754 13.
741 2705 768 2771 s.
785 2700 810 2756 4.
829 2720 880 2757 om.
891 2703 923 2757 Γ.
938 2701 950 2773 ΙΙ
965 2705 1121 2773 successus]
1142 2701 1203 2757 aad.
1224 2708 1267 2756 cst

307 2788 362 2824 um
381 2769 469 2826 CDE
1308 2718 1361 2756 err.
1377 2704 1389 2776 ΙΙ
1407 2701 1447 2758 15.
1459 2703 1528 2771 ima]

377 3004 642 3060 messueritis
660 3006 753 3070 cnse)
771 3011 873 3060 Vereor
890 3023 924 3061 ne
942 3009 1031 3072 inepte
1050 3023 1162 3060 causam
1179 3009 1321 3076 ncgsuarlt
1337 3007 1437 3064 auctor,
1457 3019 1534 3071 quse

306 3095 451 3146 numquam
469 3081 575 3130 omuino
597 3080 713 3130 incidere
730 3081 858 3144 potuerit,
884 3096 943 3132 cum
967 3081 1055 3131 nullus
1074 3081 1161 3129 amnis
1179 3081 1205 3130 in
1230 3081 1311 3130 istum
1328 3080 1417 3128 lacurn
1434 3077 1534 3134 irruat,

306 3147 393 3223 ἀρχὴν
408 3151 501 3219 ἔχοντα
517 3151 547 3202 tr
562 3146 645 3219 ἑαυτῷ
661 3149 708 3202 xes
724 3146 851 3217 πλενιὴν,
871 3147 960 3224 ὄρεσιν
976 3149 1088 3221 εὐγείοις
1102 3146 1304 3222 περιεχόμενον,
1329 3151 1358 3199 ut
1381 3149 1444 3198 dicit
1467 3147 1534 3197 Plu·

306 3224 425 3275 iacchus.

373 3291 469 3361 popuii
484 3290 598 3344 meent
610 3298 639 3353 ι)
656 3294 797 3344 Librorum
815 3295 1002 3358 discrepantia,
1023 3294 1096 3344 uerbi
1114 3293 1173 3343 loco
1193 3290 1285 3344 reduci
1291 3327 1298 3350 ,
1318 3289 1443 3356 saturos.
1468 3303 1536 3339 uen-

308 3370 396 3419 turos.
416 3365 471 3414 alis
488 3365 681 3421 arbitrantium,
705 3377 755 3428 par
779 3379 809 3415 se
827 3367 881 3415 iam
901 3367 1055 3430 suspectam
1073 3365 1197 3415 redderet
1214 3365 1380 3428 scripturam.
1417 3359 1537 3410 Accedit

307 3439 379 3504 quod
397 3438 508 3486 uerbum
525 3437 631 3485 omnino
649 3436 726 3488 secet
742 3435 770 3486 iu
788 3437 933 3487 cedidere.
950 3436 1137 3504 Agnoscamus
1148 3436 1228 3502 igitur
1240 3434 1380 3498 archetypi
1392 3433 1536 3489 lacunam,

308 3525 377 3576 quse
401 3523 453 3573 quo
477 3509 556 3559 modo
580 3506 714 3569 explenda
737 3507 772 3556 sit
794 3521 848 3557 non
872 3507 940 3557 setis
964 3508 1053 3572 liquet.
1094 3507 1224 3572 Equidem
1247 3505 1383 3556 Valerium
1402 3505 1538 3553 emtum

306 3581 433 3645 posuisse
452 3577 582 3643 suspicor,¹
601 3579 672 3642 quod
689 3579 806 3628 fumasse
824 3579 995 3629 inserendum
1014 3579 1064 3628 erit
1081 3579 1142 3626 ente
1165 3573 1251 3627 Veios.

378 3646 403 3701 4.
423 3650 462 3769 ξέ.
481 3651 534 3701 Cic.
553 3651 586 3700 de
605 3649 655 3700 diu.
674 3651 694 3709 1,
713 3643 758 3708 33,
778 3645 812 3699 72
830 3650 906 3707 et11,
925 3643 969 3708 ³0,
988 3643 1031 3700 65.
1049 3648 1118 3699 Plut.
1137 3647 1204 3714 Syll.
1223 3641 1249 3698 9.
1272 3647 1320 3698 lul.
1339 3647 1441 3710 Obseq.
1463 3644 1539 3710 (Ly-

307 3717 417 3784 cost.)l
457 3755 464 3770 .

378 3787 412 3840 L.
430 3787 502 3856 Sylla
519 3788 618 3850 consul)
641 3791 734 3841 Cicero
753 3791 763 3838 l
782 3792 816 3842 de
835 3792 902 3848 diu,
928 3805 1007 3855 quem
1025 3791 1077 3840 hoc
1096 3803 1199 3856 quoque
1218 3791 1277 3840 loco
1297 3788 1441 3852 exscripsit
1460 3787 1540 3844 Vel„

308 3860 463 3923 simpliciter
480 3859 574 3924 Syllae
597 3862 625 3910 in
648 3877 715 3929 agro
734 3863 839 3912 Nolano
863 3861 1009 3911 immolanti
1033 3863 1058 3910 id
1077 3861 1226 3929 prodigium
1251 3861 1383 3910 accidisse
1401 3872 1541 3914 narrans,

309 3932 342 3982 da
361 3928 500 3979 consulatu
519 3931 577 3980 eius
595 3933 674 3982 tacet.
709 3933 743 3980 Et
759 3933 842 3982 tscrdt
860 3933 966 3988 marito,
987 3947 1046 3981 cum
1064 3931 1168 3996 Syllam
1186 3934 1301 3982 nondum
1320 3931 1461 3981 consulam
1483 3930 1545 3977 scd

307 4000 427 4070 legatum
444 4015 479 4050 ex
502 4001 629 4063 praetura
647 4000 781 4051 Samnites
799 4005 900 4065 proelio
925 4003 1024 4052 uicisse
1049 4005 1076 4052 et
1099 4003 1162 4052 bins
1187 4017 1279 4054 eorum
1304 4004 1395 4052 castra
1419 4000 1544 4063 cepisse

309 4070 420 4122 constet.
457 4071 496 4120 Cl‘.
515 4071 573 4120 Liu.
592 4071 654 4134 epit.
674 4072 731 4121 libr.
748 4073 858 4125 LXXV.
889 4075 957 4124 Velt.
981 4074 1018 4132 ll,
1047 4071 1093 4131 lt,
1118 4069 1143 4124 3.
1178 4073 1246 4138 App.
1270 4074 1283 4123 1
1308 4075 1355 4122 cin.
1381 4067 1426 4122 50.
1463 4069 1545 4118 Ρ1111.

308 4145 371 4194 hu.
382 4141 425 4197 lll,
438 4137 464 4192 5.
492 4143 637 4192 Drumann.
647 4143 741 4208 gasch.
750 4143 833 4194 Roms
851 4145 883 4200 ll,
902 4161 927 4208 p.
938 4139 998 4194 433.
1036 4145 1104 4194 Nam
1123 4145 1338 4208 quodPlutsrcb.
1357 4144 1373 4192 l.
1387 4157 1410 4191 c.
1431 4142 1468 4190 de
1489 4140 1546 4188 iis·

309 4216 370 4264 dem
394 4214 537 4280 prodigiis,
557 4215 586 4262 ut
604 4213 718 4271 uidetur,
739 4215 842 4274 scribit,
869 4211 883 4266 ὃ
908 4213 937 4266 δὲ
954 4211 1048 4282 μάντις
1063 4211 1227 4285 Ποστούμιος
1244 4218 1302 4272 etc,
1328 4215 1362 4262 ed
1388 4212 1547 4261 consulem

309 4286 414 4351 quidem
433 4282 537 4348 Syllam
562 4283 661 4342 retulit,
688 4286 736 4334 sed
760 4300 813 4334 non
837 4284 932 4334 sociali
955 4285 1025 4334 bello
1050 4287 1182 4335 aduersus
1201 4285 1335 4336 Samnites
1353 4283 1546 4348 praeliatura,
1603 4301 1604 4305 ¹

308 4370 400 4408 uerum
419 4357 454 4403 ad
472 4355 678 4404 Mithridaticum
695 4357 793 4405 bellum
817 4357 951 4418 prolecto,
977 4371 1036 4406 cum
1059 4357 1160 4406 instato
1186 4358 1295 4407 consilio
1321 4357 1413 4404 contra
1439 4355 1548 4418 ipsam

307 4430 402 4478 urbem
419 4429 546 4477 ducturus
563 4429 639 4475 esset
656 4427 807 4482 exercitum,
826 4427 958 4476 accidisse
982 4427 1111 4490 perhibet.
1156 4427 1315 4478 Plutarchus
1340 4427 1420 4494 igitur
1448 4426 1550 4474 alium

307 4500 425 4549 tortasse
442 4498 543 4549 fontem
561 4499 669 4546 secutus
689 4497 801 4546 eandem
819 4512 876 4547 rern
889 4498 949 4547 aliis
961 4499 1125 4562 temporibus
1142 4498 1239 4549 tribuit.
1276 4498 1398 4548 Valerius
1418 4511 1438 4544 11
1458 4497 1551 4545 fonte

309 4582 358 4619 suo
377 4569 510 4633 stetique
529 4568 676 4617 caeleritate
694 4569 837 4618 aberrauit.
873 4569 984 4638 Pighius
1005 4572 1129 4620 mendum
1147 4572 1235 4633 potius
1260 4570 1552 4632 librariorum‘quam

191 4635 201 4651 “
308 4639 636 4775 ffitorlswrpppldacium
660 4640 800 4704 accepisse
823 4641 936 4701 uidetur,
960 4655 1020 4692 cum
1043 4657 1092 4704 pro
1121 4639 1195 4708 Syllo
1217 4638 1307 4692 comui
1329 4639 1409 4691 tacite
1436 4640 1555 4690 ederet

392 4723 446 4776 pro
536 4747 543 4764 .
