<?xml version="1.0" encoding="UTF-8"?>
<!DOCTYPE html PUBLIC "-//W3C//DTD XHTML 1.0 Transitional//EN"
    "http://www.w3.org/TR/xhtml1/DTD/xhtml1-transitional.dtd">
<html xmlns="http://www.w3.org/1999/xhtml" xml:lang="en" lang="en">
 <head>
  <title>
</title>
<meta http-equiv="Content-Type" content="text/html;charset=utf-8" />
  <meta name='ocr-system' content='tesseract 3.04.00' />
  <meta name='ocr-capabilities' content='ocr_page ocr_carea ocr_par ocr_line ocrx_word'/>
</head>
<body>
  <div class='ocr_page' id='page_1' title='image "./valerimaximifac00parigoog_0539.png"; bbox 0 0 3409 5400; ppageno 0'>
   <div class='ocr_carea' id='block_1_1' title="bbox 295 517 1367 589">
    <p class='ocr_par' dir='ltr' id='par_1_1' title="bbox 295 517 1367 589">
     <span class='ocr_line' id='line_1_1' title="bbox 295 517 1367 589; baseline 0.002 -2"><span class='ocrx_word' id='word_1_1' title='bbox 295 518 360 587; x_wconf 76' lang='lat'>522</span> <span class='ocrx_word' id='word_1_2' title='bbox 440 517 500 585; x_wconf 78' lang='lat' dir='ltr'>Dll</span> <span class='ocrx_word' id='word_1_3' title='bbox 523 517 783 587; x_wconf 83' lang='lat' dir='ltr'>MVTATIONE</span> <span class='ocrx_word' id='word_1_4' title='bbox 806 520 974 587; x_wconf 89' lang='lat' dir='ltr'>MORVM</span> <span class='ocrx_word' id='word_1_5' title='bbox 996 518 1088 586; x_wconf 76' lang='lat' dir='ltr'>AVT</span> <span class='ocrx_word' id='word_1_6' title='bbox 1110 518 1367 589; x_wconf 77' lang='lat' dir='ltr'><em>FOR&#39;WNAE.</em></span> 
     </span>
    </p>
   </div>
   <div class='ocr_carea' id='block_1_2' title="bbox 255 682 1607 2670">
    <p class='ocr_par' dir='ltr' id='par_1_2' title="bbox 295 682 1562 877">
     <span class='ocr_line' id='line_1_2' title="bbox 295 682 1562 767; baseline -0.001 -19"><span class='ocrx_word' id='word_1_7' title='bbox 295 684 329 749; x_wconf 94' lang='lat' dir='ltr'>in</span> <span class='ocrx_word' id='word_1_8' title='bbox 358 682 438 758; x_wconf 88' lang='lat' dir='ltr'>hec,</span> <span class='ocrx_word' id='word_1_9' title='bbox 477 685 591 759; x_wconf 81' lang='lat' dir='ltr'>credo,</span> <span class='ocrx_word' id='word_1_10' title='bbox 626 689 694 763; x_wconf 91' lang='lat' dir='ltr'>[ne]</span> <span class='ocrx_word' id='word_1_11' title='bbox 723 684 873 747; x_wconf 78' lang='lat' dir='ltr'><strong>fortunae</strong></span> <span class='ocrx_word' id='word_1_12' title='bbox 910 682 1019 747; x_wconf 90' lang='lat' dir='ltr'>nubilo</span> <span class='ocrx_word' id='word_1_13' title='bbox 1054 683 1296 747; x_wconf 78' lang='lat' dir='ltr'>adulescentiae</span> <span class='ocrx_word' id='word_1_14' title='bbox 1332 694 1562 767; x_wconf 83' lang='lat' dir='ltr'>contemptu</span> 
     </span>
     <span class='ocr_line' id='line_1_3' title="bbox 297 788 1371 877; baseline 0.001 -24"><span class='ocrx_word' id='word_1_15' title='bbox 297 793 462 876; x_wconf 86' lang='lat' dir='ltr'>perfusus,</span> <span class='ocrx_word' id='word_1_16' title='bbox 486 814 550 877; x_wconf 91' lang='lat' dir='ltr'>quo</span> <span class='ocrx_word' id='word_1_17' title='bbox 574 792 751 855; x_wconf 78' lang='lat' dir='ltr'>senectutis</span> <span class='ocrx_word' id='word_1_18' title='bbox 777 790 848 853; x_wconf 88' lang='lat' dir='ltr'>eius</span> <span class='ocrx_word' id='word_1_19' title='bbox 874 788 974 853; x_wconf 90' lang='lat' dir='ltr'>decus</span> <span class='ocrx_word' id='word_1_20' title='bbox 998 790 1138 853; x_wconf 78' lang='lat' dir='ltr'>lucidius</span> <span class='ocrx_word' id='word_1_21' title='bbox 1162 790 1371 855; x_wconf 82' lang='lat' dir='ltr'>enitesceret.</span> 
     </span>
    </p>

    <p class='ocr_par' dir='ltr' id='par_1_3' title="bbox 255 895 1573 1514">
     <span class='ocr_line' id='line_1_4' title="bbox 255 895 1556 984; baseline 0.001 -26"><span class='ocrx_word' id='word_1_22' title='bbox 255 895 286 959; x_wconf 77' lang='lat'>2.</span> <span class='ocrx_word' id='word_1_23' title='bbox 385 900 497 984; x_wconf 85' lang='lat' dir='ltr'>Scipio</span> <span class='ocrx_word' id='word_1_24' title='bbox 522 911 629 961; x_wconf 90' lang='lat' dir='ltr'>autem</span> <span class='ocrx_word' id='word_1_25' title='bbox 653 897 828 961; x_wconf 82' lang='lat' dir='ltr'>Africanus</span> <span class='ocrx_word' id='word_1_26' title='bbox 853 900 1010 981; x_wconf 90' lang='lat' dir='ltr'>superior,</span> <span class='ocrx_word' id='word_1_27' title='bbox 1037 919 1133 982; x_wconf 89' lang='lat' dir='ltr'>quem</span> <span class='ocrx_word' id='word_1_28' title='bbox 1156 896 1189 959; x_wconf 90' lang='lat' dir='ltr'>di</span> <span class='ocrx_word' id='word_1_29' title='bbox 1211 896 1417 961; x_wconf 85' lang='lat' dir='ltr'>inmortales</span> <span class='ocrx_word' id='word_1_30' title='bbox 1449 900 1556 960; x_wconf 79' lang='lat' dir='ltr'>irasci</span> 
     </span>
     <span class='ocr_line' id='line_1_5' title="bbox 298 1002 1554 1089; baseline -0.002 -21"><span class='ocrx_word' id='word_1_31' title='bbox 298 1006 477 1075; x_wconf 78' lang='lat' dir='ltr'>uoluerunt,</span> <span class='ocrx_word' id='word_1_32' title='bbox 502 1017 535 1065; x_wconf 93' lang='lat' dir='ltr'>ut</span> <span class='ocrx_word' id='word_1_33' title='bbox 559 1012 647 1065; x_wconf 88' lang='lat' dir='ltr'>esset</span> <span class='ocrx_word' id='word_1_34' title='bbox 669 1004 701 1066; x_wconf 92' lang='lat' dir='ltr'>in</span> <span class='ocrx_word' id='word_1_35' title='bbox 725 1026 790 1089; x_wconf 94' lang='lat' dir='ltr'>quo</span> <span class='ocrx_word' id='word_1_36' title='bbox 815 1005 917 1066; x_wconf 87' lang='lat' dir='ltr'>uirtus</span> <span class='ocrx_word' id='word_1_37' title='bbox 943 1026 979 1066; x_wconf 91' lang='lat' dir='ltr'>se</span> <span class='ocrx_word' id='word_1_38' title='bbox 1004 1024 1061 1089; x_wconf 93' lang='lat' dir='ltr'>per</span> <span class='ocrx_word' id='word_1_39' title='bbox 1090 1024 1204 1066; x_wconf 90' lang='lat' dir='ltr'>omnes</span> <span class='ocrx_word' id='word_1_40' title='bbox 1235 1024 1401 1067; x_wconf 87' lang='lat' dir='ltr'>numeros</span> <span class='ocrx_word' id='word_1_41' title='bbox 1432 1002 1554 1066; x_wconf 81' lang='lat' dir='ltr'>homi-</span> 
     </span>
     <span class='ocr_line' id='line_1_6' title="bbox 298 1098 1573 1193; baseline -0.006 -18"><span class='ocrx_word' id='word_1_42' title='bbox 298 1112 395 1175; x_wconf 85' lang='lat' dir='ltr'>nibus</span> <span class='ocrx_word' id='word_1_43' title='bbox 419 1098 593 1174; x_wconf 85' lang='lat' dir='ltr'>cilicaciter</span> <span class='ocrx_word' id='word_1_44' title='bbox 617 1110 813 1184; x_wconf 89' lang='lat' dir='ltr'>ostenderet,</span> <span class='ocrx_word' id='word_1_45' title='bbox 837 1110 1002 1174; x_wconf 87' lang='lat' dir='ltr'>solutioris</span> <span class='ocrx_word' id='word_1_46' title='bbox 1027 1112 1113 1173; x_wconf 90' lang='lat' dir='ltr'>uitae</span> <span class='ocrx_word' id='word_1_47' title='bbox 1130 1112 1252 1193; x_wconf 88' lang='lat' dir='ltr'>primos</span> <span class='ocrx_word' id='word_1_48' title='bbox 1273 1106 1573 1173; x_wconf 67' lang='lat' dir='ltr'>adulescentiam</span> 
     </span>
     <span class='ocr_line' id='line_1_7' title="bbox 299 1216 1550 1303; baseline -0.003 -22"><span class='ocrx_word' id='word_1_49' title='bbox 299 1240 404 1281; x_wconf 88' lang='lat' dir='ltr'>annes</span> <span class='ocrx_word' id='word_1_50' title='bbox 429 1217 541 1301; x_wconf 84' lang='lat' dir='ltr'>egisse</span> <span class='ocrx_word' id='word_1_51' title='bbox 571 1217 687 1290; x_wconf 74' lang='lat' dir='ltr'>sertor,</span> <span class='ocrx_word' id='word_1_52' title='bbox 717 1228 861 1281; x_wconf 89' lang='lat' dir='ltr'>remotos</span> <span class='ocrx_word' id='word_1_53' title='bbox 891 1217 1020 1303; x_wconf 89' lang='lat' dir='ltr'>quidem</span> <span class='ocrx_word' id='word_1_54' title='bbox 1054 1240 1073 1281; x_wconf 90' lang='lat' dir='ltr'>a</span> <span class='ocrx_word' id='word_1_55' title='bbox 1102 1216 1247 1279; x_wconf 81' lang='lat' dir='ltr'>luxuriae</span> <span class='ocrx_word' id='word_1_56' title='bbox 1277 1217 1450 1289; x_wconf 76' lang='lat' dir='ltr'>sunnine,</span> <span class='ocrx_word' id='word_1_57' title='bbox 1488 1216 1550 1279; x_wconf 82' lang='lat' dir='ltr'>scd</span> 
     </span>
     <span class='ocr_line' id='line_1_8' title="bbox 299 1322 1549 1409; baseline -0.003 -23"><span class='ocrx_word' id='word_1_58' title='bbox 299 1337 406 1386; x_wconf 90' lang='lat' dir='ltr'>tamen</span> <span class='ocrx_word' id='word_1_59' title='bbox 427 1322 559 1385; x_wconf 88' lang='lat' dir='ltr'>Punicis</span> <span class='ocrx_word' id='word_1_60' title='bbox 584 1325 738 1408; x_wconf 82' lang='lat' dir='ltr'>tropaeis,</span> <span class='ocrx_word' id='word_1_61' title='bbox 762 1324 910 1387; x_wconf 78' lang='lat' dir='ltr'>deuictae</span> <span class='ocrx_word' id='word_1_62' title='bbox 932 1322 1144 1409; x_wconf 76' lang='lat' dir='ltr'>Karthaginis</span> <span class='ocrx_word' id='word_1_63' title='bbox 1169 1322 1355 1385; x_wconf 89' lang='lat' dir='ltr'>ceruicibus</span> <span class='ocrx_word' id='word_1_64' title='bbox 1380 1323 1549 1407; x_wconf 85' lang='lat' dir='ltr'>inposito</span> 
     </span>
     <span class='ocr_line' id='line_1_9' title="bbox 298 1426 1191 1514; baseline -0.002 -21"><span class='ocrx_word' id='word_1_65' title='bbox 298 1432 377 1514; x_wconf 92' lang='lat' dir='ltr'>iugo</span> <span class='ocrx_word' id='word_1_66' title='bbox 401 1430 587 1494; x_wconf 85' lang='lat' dir='ltr'>teneriores.</span> <span class='ocrx_word' id='word_1_67' title='bbox 1189 1426 1191 1431; x_wconf 76' lang='grc'><strong>’</strong></span> 
     </span>
    </p>

    <p class='ocr_par' dir='ltr' id='par_1_4' title="bbox 256 1530 1607 2242">
     <span class='ocr_line' id='line_1_10' title="bbox 256 1530 1607 1623; baseline 0.002 -27"><span class='ocrx_word' id='word_1_68' title='bbox 256 1532 287 1597; x_wconf 83' lang='grc'>3.</span> <span class='ocrx_word' id='word_1_69' title='bbox 388 1538 488 1600; x_wconf 90' lang='lat' dir='ltr'>Gaius</span> <span class='ocrx_word' id='word_1_70' title='bbox 521 1558 650 1623; x_wconf 91' lang='lat' dir='ltr'>quoque</span> <span class='ocrx_word' id='word_1_71' title='bbox 678 1535 831 1601; x_wconf 88' lang='lat' dir='ltr'>Valerius</span> <span class='ocrx_word' id='word_1_72' title='bbox 862 1536 1000 1601; x_wconf 79' lang='lat' dir='ltr'>Flaccus</span> <span class='ocrx_word' id='word_1_73' title='bbox 1031 1534 1167 1600; x_wconf 89' lang='lat' dir='ltr'>secundi</span> <span class='ocrx_word' id='word_1_74' title='bbox 1196 1530 1309 1598; x_wconf 91' lang='lat' dir='ltr'>Punici</span> <span class='ocrx_word' id='word_1_75' title='bbox 1343 1534 1431 1600; x_wconf 91' lang='lat' dir='ltr'>belli</span> <span class='ocrx_word' id='word_1_76' title='bbox 1460 1550 1549 1600; x_wconf 83' lang='lat' dir='ltr'>tenr-</span> <span class='ocrx_word' id='word_1_77' title='bbox 1606 1612 1607 1615; x_wconf 8' lang='grc' dir='ltr'><strong>Ἴ</strong></span> 
     </span>
     <span class='ocr_line' id='line_1_11' title="bbox 300 1628 1575 1730; baseline 0 -23"><span class='ocrx_word' id='word_1_78' title='bbox 300 1645 433 1730; x_wconf 88' lang='lat' dir='ltr'>poribus</span> <span class='ocrx_word' id='word_1_79' title='bbox 456 1644 532 1707; x_wconf 83' lang='lat' dir='ltr'>luxu</span> <span class='ocrx_word' id='word_1_80' title='bbox 563 1644 724 1728; x_wconf 81' lang='lat' dir='ltr'>perditam</span> <span class='ocrx_word' id='word_1_81' title='bbox 753 1628 1009 1707; x_wconf 83' lang='lat' dir='ltr'>adulescentiam</span> <span class='ocrx_word' id='word_1_82' title='bbox 1038 1641 1216 1706; x_wconf 89' lang='lat' dir='ltr'>inchoauit.</span> <span class='ocrx_word' id='word_1_83' title='bbox 1263 1642 1424 1706; x_wconf 83' lang='lat' dir='ltr'>Ceterum</span> <span class='ocrx_word' id='word_1_84' title='bbox 1456 1666 1479 1705; x_wconf 86' lang='lat' dir='ltr'>a</span> <span class='ocrx_word' id='word_1_85' title='bbox 1509 1642 1575 1707; x_wconf 58' lang='lat' dir='ltr'>Pa·</span> 
     </span>
     <span class='ocr_line' id='line_1_12' title="bbox 299 1748 1545 1835; baseline -0.002 -21"><span class='ocrx_word' id='word_1_86' title='bbox 299 1752 423 1814; x_wconf 85' lang='lat' dir='ltr'>Licinio</span> <span class='ocrx_word' id='word_1_87' title='bbox 447 1752 599 1835; x_wconf 81' lang='lat' dir='ltr'>pontifice</span> <span class='ocrx_word' id='word_1_88' title='bbox 623 1750 764 1813; x_wconf 83' lang='lat' dir='ltr'>maximo</span> <span class='ocrx_word' id='word_1_89' title='bbox 790 1750 910 1813; x_wconf 91' lang='lat' dir='ltr'>ssarnen</span> <span class='ocrx_word' id='word_1_90' title='bbox 931 1752 1048 1815; x_wconf 89' lang='lat' dir='ltr'>factus.</span> <span class='ocrx_word' id='word_1_91' title='bbox 1073 1770 1137 1834; x_wconf 94' lang='lat' dir='ltr'>quo</span> <span class='ocrx_word' id='word_1_92' title='bbox 1160 1748 1287 1811; x_wconf 84' lang='lat' dir='ltr'>facilius</span> <span class='ocrx_word' id='word_1_93' title='bbox 1313 1772 1333 1811; x_wconf 87' lang='lat' dir='ltr'>a</span> <span class='ocrx_word' id='word_1_94' title='bbox 1357 1751 1461 1812; x_wconf 89' lang='lat' dir='ltr'>uitiis</span> <span class='ocrx_word' id='word_1_95' title='bbox 1491 1772 1545 1811; x_wconf 91' lang='lat' dir='ltr'>re·</span> 
     </span>
     <span class='ocr_line' id='line_1_13' title="bbox 300 1857 1544 1929; baseline -0.001 -10"><span class='ocrx_word' id='word_1_96' title='bbox 300 1858 438 1929; x_wconf 81' lang='lat' dir='ltr'>cederet,</span> <span class='ocrx_word' id='word_1_97' title='bbox 463 1857 506 1919; x_wconf 81' lang='lat' dir='ltr'>acl</span> <span class='ocrx_word' id='word_1_98' title='bbox 530 1878 643 1919; x_wconf 90' lang='lat' dir='ltr'>curam</span> <span class='ocrx_word' id='word_1_99' title='bbox 666 1874 836 1921; x_wconf 88' lang='lat' dir='ltr'>sacrorum</span> <span class='ocrx_word' id='word_1_100' title='bbox 861 1868 892 1920; x_wconf 88' lang='lat' dir='ltr'>ct</span> <span class='ocrx_word' id='word_1_101' title='bbox 915 1858 1188 1921; x_wconf 86' lang='lat' dir='ltr'>caerimoniarum</span> <span class='ocrx_word' id='word_1_102' title='bbox 1212 1877 1376 1919; x_wconf 88' lang='lat' dir='ltr'>conuerso</span> <span class='ocrx_word' id='word_1_103' title='bbox 1404 1858 1544 1919; x_wconf 88' lang='lat' dir='ltr'>animo.</span> 
     </span>
     <span class='ocr_line' id='line_1_14' title="bbox 301 1956 1542 2055; baseline 0 -32"><span class='ocrx_word' id='word_1_104' title='bbox 301 1984 382 2024; x_wconf 88' lang='lat' dir='ltr'>usus</span> <span class='ocrx_word' id='word_1_105' title='bbox 407 1963 489 2023; x_wconf 89' lang='lat' dir='ltr'>duce</span> <span class='ocrx_word' id='word_1_106' title='bbox 512 1962 706 2048; x_wconf 78' lang='lat' dir='ltr'>frugalitatis</span> <span class='ocrx_word' id='word_1_107' title='bbox 735 1964 911 2050; x_wconf 85' lang='lat' dir='ltr'>religione,</span> <span class='ocrx_word' id='word_1_108' title='bbox 941 1974 1097 2049; x_wconf 83' lang='lat' dir='ltr'>quamam</span> <span class='ocrx_word' id='word_1_109' title='bbox 1126 1962 1217 2055; x_wconf 88' lang='lat' dir='ltr'>prius</span> <span class='ocrx_word' id='word_1_110' title='bbox 1245 1956 1395 2026; x_wconf 86' lang='lat' dir='ltr'>luxuriae</span> <span class='ocrx_word' id='word_1_111' title='bbox 1425 1964 1542 2024; x_wconf 86' lang='lat' dir='ltr'>fuerat</span> 
     </span>
     <span class='ocr_line' id='line_1_15' title="bbox 302 2067 1538 2155; baseline 0 -25"><span class='ocrx_word' id='word_1_112' title='bbox 302 2067 500 2154; x_wconf 82' lang='lat' dir='ltr'>exemplum,</span> <span class='ocrx_word' id='word_1_113' title='bbox 538 2080 662 2133; x_wconf 88' lang='lat' dir='ltr'>tantum</span> <span class='ocrx_word' id='word_1_114' title='bbox 699 2082 816 2155; x_wconf 89' lang='lat' dir='ltr'>postea</span> <span class='ocrx_word' id='word_1_115' title='bbox 851 2070 1033 2133; x_wconf 85' lang='lat' dir='ltr'>modestiae</span> <span class='ocrx_word' id='word_1_116' title='bbox 1070 2080 1101 2131; x_wconf 90' lang='lat' dir='ltr'>et</span> <span class='ocrx_word' id='word_1_117' title='bbox 1136 2070 1316 2134; x_wconf 86' lang='lat' dir='ltr'>sanctitatis</span> <span class='ocrx_word' id='word_1_118' title='bbox 1354 2070 1538 2153; x_wconf 87' lang='lat' dir='ltr'>specimen</span> 
     </span>
     <span class='ocr_line' id='line_1_16' title="bbox 302 2178 1567 2242; baseline -0.004 -3"><span class='ocrx_word' id='word_1_119' title='bbox 302 2178 416 2242; x_wconf 90' lang='lat' dir='ltr'>euasit.</span> <span class='ocrx_word' id='word_1_120' title='bbox 1545 2195 1567 2235; x_wconf 78' lang='lat' dir='ltr'>s</span> 
     </span>
    </p>

    <p class='ocr_par' dir='ltr' id='par_1_5' title="bbox 258 2276 1607 2670">
     <span class='ocr_line' id='line_1_17' title="bbox 258 2276 1533 2369; baseline -0.005 -20"><span class='ocrx_word' id='word_1_121' title='bbox 258 2276 290 2340; x_wconf 84' lang='lat'>4·</span> <span class='ocrx_word' id='word_1_122' title='bbox 388 2283 477 2348; x_wconf 87' lang='lat' dir='ltr'>Nihil</span> <span class='ocrx_word' id='word_1_123' title='bbox 512 2283 551 2363; x_wconf 79' lang='lat' dir='ltr'><em>Q.</em></span> <span class='ocrx_word' id='word_1_124' title='bbox 585 2284 685 2347; x_wconf 84' lang='lat' dir='ltr'>Fabio</span> <span class='ocrx_word' id='word_1_125' title='bbox 714 2283 874 2356; x_wconf 83' lang='lat' dir='ltr'>Maxima,</span> <span class='ocrx_word' id='word_1_126' title='bbox 911 2284 964 2367; x_wconf 91' lang='lat' dir='ltr'>qui</span> <span class='ocrx_word' id='word_1_127' title='bbox 1005 2282 1131 2346; x_wconf 88' lang='lat' dir='ltr'>Gallica</span> <span class='ocrx_word' id='word_1_128' title='bbox 1163 2282 1300 2345; x_wconf 88' lang='lat' dir='ltr'>uictoria</span> <span class='ocrx_word' id='word_1_129' title='bbox 1337 2301 1533 2369; x_wconf 87' lang='lat' dir='ltr'>cognomen</span> 
     </span>
     <span class='ocr_line' id='line_1_18' title="bbox 301 2388 1532 2477; baseline -0.005 -21"><span class='ocrx_word' id='word_1_130' title='bbox 301 2390 504 2477; x_wconf 81' lang='lat' dir='ltr'>Allobrogici</span> <span class='ocrx_word' id='word_1_131' title='bbox 532 2391 660 2454; x_wconf 90' lang='lat' dir='ltr'>sibimet</span> <span class='ocrx_word' id='word_1_132' title='bbox 689 2412 728 2454; x_wconf 87' lang='lat' dir='ltr'>ac</span> <span class='ocrx_word' id='word_1_133' title='bbox 758 2390 898 2475; x_wconf 86' lang='lat' dir='ltr'>posteris</span> <span class='ocrx_word' id='word_1_134' title='bbox 927 2391 1068 2475; x_wconf 72' lang='lat' dir='ltr'>peperit.</span> <span class='ocrx_word' id='word_1_135' title='bbox 1098 2388 1306 2453; x_wconf 86' lang='lat' dir='ltr'>adulescente</span> <span class='ocrx_word' id='word_1_136' title='bbox 1335 2390 1451 2473; x_wconf 78' lang='lat' dir='ltr'>uragis</span> <span class='ocrx_word' id='word_1_137' title='bbox 1481 2388 1532 2450; x_wconf 92' lang='lat' dir='ltr'>in·</span> 
     </span>
     <span class='ocr_line' id='line_1_19' title="bbox 301 2494 1607 2581; baseline -0.003 -20"><span class='ocrx_word' id='word_1_138' title='bbox 301 2500 397 2571; x_wconf 86' lang='lat' dir='ltr'>fame,</span> <span class='ocrx_word' id='word_1_139' title='bbox 421 2496 502 2560; x_wconf 90' lang='lat' dir='ltr'>nihil</span> <span class='ocrx_word' id='word_1_140' title='bbox 518 2498 635 2561; x_wconf 90' lang='lat' dir='ltr'>eodem</span> <span class='ocrx_word' id='word_1_141' title='bbox 651 2518 731 2561; x_wconf 87' lang='lat' dir='ltr'>sene</span> <span class='ocrx_word' id='word_1_142' title='bbox 747 2497 893 2559; x_wconf 87' lang='lat' dir='ltr'>ornatius</span> <span class='ocrx_word' id='word_1_143' title='bbox 912 2506 966 2559; x_wconf 87' lang='lat' dir='ltr'>aut</span> <span class='ocrx_word' id='word_1_144' title='bbox 988 2497 1172 2581; x_wconf 87' lang='lat' dir='ltr'>speciosius</span> <span class='ocrx_word' id='word_1_145' title='bbox 1188 2498 1243 2561; x_wconf 94' lang='lat' dir='ltr'>illo</span> <span class='ocrx_word' id='word_1_146' title='bbox 1260 2494 1394 2561; x_wconf 90' lang='lat' dir='ltr'>saeculo</span> <span class='ocrx_word' id='word_1_147' title='bbox 1412 2509 1531 2558; x_wconf 81' lang='lat' dir='ltr'>nostra</span> <span class='ocrx_word' id='word_1_148' title='bbox 1606 2538 1607 2547; x_wconf 33' lang='grc' dir='ltr'>ι</span> 
     </span>
     <span class='ocr_line' id='line_1_20' title="bbox 301 2603 561 2670; baseline 0.012 -3"><span class='ocrx_word' id='word_1_149' title='bbox 301 2606 417 2668; x_wconf 89' lang='lat' dir='ltr'>ciuitas</span> <span class='ocrx_word' id='word_1_150' title='bbox 440 2603 561 2670; x_wconf 90' lang='lat' dir='ltr'>habuit.</span> 
     </span>
    </p>
   </div>
   <div class='ocr_carea' id='block_1_3' title="bbox 806 2748 1019 2762">
    <p class='ocr_par' dir='ltr' id='par_1_6' title="bbox 806 2748 1019 2762">
     <span class='ocr_line' id='line_1_21' title="bbox 806 2748 1019 2762; baseline -0.023 0"><span class='ocrx_word' id='word_1_151' title='bbox 806 2748 1019 2762; x_wconf 50' lang='lat'>*-</span> 
     </span>
    </p>
   </div>
   <div class='ocr_carea' id='block_1_4' title="bbox 304 2829 1607 3331">
    <p class='ocr_par' dir='ltr' id='par_1_7' title="bbox 304 2829 1607 2976">
     <span class='ocr_line' id='line_1_22' title="bbox 307 2829 1607 2905; baseline -0.002 -18"><span class='ocrx_word' id='word_1_152' title='bbox 307 2835 329 2887; x_wconf 94' lang='grc'>1.</span> <span class='ocrx_word' id='word_1_153' title='bbox 349 2836 393 2900; x_wconf 87' lang='lat' dir='ltr'>ne]</span> <span class='ocrx_word' id='word_1_154' title='bbox 414 2851 463 2888; x_wconf 86' lang='lat' dir='ltr'>em.</span> <span class='ocrx_word' id='word_1_155' title='bbox 485 2832 648 2886; x_wconf 68' lang='lat' dir='ltr'>aaaron.</span> <span class='ocrx_word' id='word_1_156' title='bbox 671 2836 807 2903; x_wconf 80' lang='lat' dir='ltr'>malignae</span> <span class='ocrx_word' id='word_1_157' title='bbox 831 2833 862 2887; x_wconf 88' lang='grc' dir='ltr'>Γ.</span> <span class='ocrx_word' id='word_1_158' title='bbox 881 2831 893 2902; x_wconf 78' lang='lat' dir='ltr'>ll</span> <span class='ocrx_word' id='word_1_159' title='bbox 913 2832 938 2888; x_wconf 94' lang='grc'>2.</span> <span class='ocrx_word' id='word_1_160' title='bbox 958 2837 1121 2888; x_wconf 77' lang='lat' dir='ltr'>enitesceret</span> <span class='ocrx_word' id='word_1_161' title='bbox 1144 2833 1177 2891; x_wconf 85' lang='grc' dir='ltr'>Ε.</span> <span class='ocrx_word' id='word_1_162' title='bbox 1195 2835 1208 2905; x_wconf 82' lang='grc' dir='ltr'>ΙΙ</span> <span class='ocrx_word' id='word_1_163' title='bbox 1226 2833 1251 2890; x_wconf 85' lang='grc'>3.</span> <span class='ocrx_word' id='word_1_164' title='bbox 1275 2837 1364 2886; x_wconf 88' lang='lat' dir='ltr'>autern</span> <span class='ocrx_word' id='word_1_165' title='bbox 1387 2849 1438 2887; x_wconf 87' lang='lat' dir='ltr'>em.</span> <span class='ocrx_word' id='word_1_166' title='bbox 1457 2829 1514 2898; x_wconf 83' lang='grc' dir='ltr'><strong>Γ.ΙΙ</strong></span> <span class='ocrx_word' id='word_1_167' title='bbox 1606 2861 1607 2888; x_wconf 69' lang='grc'><strong>;</strong></span> 
     </span>
     <span class='ocr_line' id='line_1_23' title="bbox 304 2903 1522 2976; baseline -0.002 -20"><span class='ocrx_word' id='word_1_168' title='bbox 304 2905 329 2957; x_wconf 76' lang='lat' dir='ltr'>l.</span> <span class='ocrx_word' id='word_1_169' title='bbox 349 2907 444 2971; x_wconf 86' lang='lat' dir='ltr'>uirtus]</span> <span class='ocrx_word' id='word_1_170' title='bbox 460 2911 523 2971; x_wconf 85' lang='lat' dir='ltr'>post</span> <span class='ocrx_word' id='word_1_171' title='bbox 541 2921 571 2954; x_wconf 86' lang='lat' dir='ltr'>se</span> <span class='ocrx_word' id='word_1_172' title='bbox 592 2903 668 2957; x_wconf 71' lang='lat' dir='ltr'>&#39;lbra</span> <span class='ocrx_word' id='word_1_173' title='bbox 684 2904 695 2971; x_wconf 76' lang='grc'>11</span> <span class='ocrx_word' id='word_1_174' title='bbox 711 2921 741 2955; x_wconf 89' lang='lat' dir='ltr'>se</span> <span class='ocrx_word' id='word_1_175' title='bbox 760 2906 819 2971; x_wconf 88' lang='lat' dir='ltr'>per]</span> <span class='ocrx_word' id='word_1_176' title='bbox 839 2923 921 2972; x_wconf 90' lang='lat' dir='ltr'>saper</span> <span class='ocrx_word' id='word_1_177' title='bbox 935 2921 979 2972; x_wconf 84' lang='lat' dir='ltr'>pr.</span> <span class='ocrx_word' id='word_1_178' title='bbox 999 2907 1029 2958; x_wconf 78' lang='grc' dir='ltr'>Α.</span> <span class='ocrx_word' id='word_1_179' title='bbox 1043 2905 1056 2976; x_wconf 74' lang='lat' dir='ltr'>ll</span> <span class='ocrx_word' id='word_1_180' title='bbox 1077 2907 1101 2959; x_wconf 89' lang='lat' dir='ltr'>li.</span> <span class='ocrx_word' id='word_1_181' title='bbox 1123 2910 1242 2960; x_wconf 88' lang='lat' dir='ltr'>luxoriae</span> <span class='ocrx_word' id='word_1_182' title='bbox 1260 2907 1291 2960; x_wconf 82' lang='lat' dir='ltr'>A.</span> <span class='ocrx_word' id='word_1_183' title='bbox 1303 2905 1316 2972; x_wconf 78' lang='lat' dir='ltr'>ll</span> <span class='ocrx_word' id='word_1_184' title='bbox 1329 2906 1353 2958; x_wconf 89' lang='lat' dir='ltr'>i.</span> <span class='ocrx_word' id='word_1_185' title='bbox 1373 2906 1474 2969; x_wconf 88' lang='lat' dir='ltr'>tropeis</span> <span class='ocrx_word' id='word_1_186' title='bbox 1491 2903 1522 2954; x_wconf 75' lang='lat' dir='ltr'><em>A.</em></span> 
     </span>
    </p>

    <p class='ocr_par' dir='ltr' id='par_1_8' title="bbox 305 2974 1522 3118">
     <span class='ocr_line' id='line_1_24' title="bbox 315 2974 1522 3045; baseline -0.002 -18"><span class='ocrx_word' id='word_1_187' title='bbox 315 2977 329 3043; x_wconf 84' lang='grc' dir='ltr'>ΙΙ</span> <span class='ocrx_word' id='word_1_188' title='bbox 340 2974 365 3027; x_wconf 89' lang='grc'>8.</span> <span class='ocrx_word' id='word_1_189' title='bbox 383 2979 530 3026; x_wconf 83' lang='lat' dir='ltr'>teneriores</span> <span class='ocrx_word' id='word_1_190' title='bbox 549 2974 579 3026; x_wconf 83' lang='lat' dir='ltr'><em>F.</em></span> <span class='ocrx_word' id='word_1_191' title='bbox 592 2974 642 3040; x_wconf 75' lang='lat' dir='ltr'>llll.</span> <span class='ocrx_word' id='word_1_192' title='bbox 662 2977 757 3042; x_wconf 86' lang='lat' dir='ltr'>Gaius]</span> <span class='ocrx_word' id='word_1_193' title='bbox 776 2993 883 3028; x_wconf 86' lang='lat' dir='ltr'>marcus</span> <span class='ocrx_word' id='word_1_194' title='bbox 903 2977 933 3030; x_wconf 82' lang='lat' dir='ltr'><em>F.</em></span> <span class='ocrx_word' id='word_1_195' title='bbox 949 2976 960 3045; x_wconf 77' lang='lat' dir='ltr'>{l</span> <span class='ocrx_word' id='word_1_196' title='bbox 976 2981 1037 3029; x_wconf 86' lang='lat' dir='ltr'>belli</span> <span class='ocrx_word' id='word_1_197' title='bbox 1060 2981 1145 3044; x_wconf 90' lang='lat' dir='ltr'>punici</span> <span class='ocrx_word' id='word_1_198' title='bbox 1164 2979 1199 3032; x_wconf 84' lang='grc' dir='ltr'>Ε.</span> <span class='ocrx_word' id='word_1_199' title='bbox 1215 2978 1228 3045; x_wconf 87' lang='grc' dir='ltr'>ΙΙ</span> <span class='ocrx_word' id='word_1_200' title='bbox 1250 2975 1289 3030; x_wconf 89' lang='lat' dir='ltr'>ll.</span> <span class='ocrx_word' id='word_1_201' title='bbox 1309 2978 1402 3028; x_wconf 79' lang='lat' dir='ltr'>Licino</span> <span class='ocrx_word' id='word_1_202' title='bbox 1427 2975 1462 3029; x_wconf 76' lang='lat' dir='ltr'><em>E.</em></span> <span class='ocrx_word' id='word_1_203' title='bbox 1486 2976 1522 3024; x_wconf 92' lang='lat' dir='ltr'>lu·</span> 
     </span>
     <span class='ocr_line' id='line_1_25' title="bbox 305 3044 1521 3118; baseline -0.004 -20"><span class='ocrx_word' id='word_1_204' title='bbox 305 3050 372 3098; x_wconf 89' lang='lat' dir='ltr'>cinio</span> <span class='ocrx_word' id='word_1_205' title='bbox 391 3045 419 3098; x_wconf 83' lang='lat' dir='ltr'><em>F.</em></span> <span class='ocrx_word' id='word_1_206' title='bbox 432 3046 445 3111; x_wconf 86' lang='grc' dir='ltr'>ΙΙ</span> <span class='ocrx_word' id='word_1_207' title='bbox 461 3044 500 3097; x_wconf 76' lang='grc'>12.</span> <span class='ocrx_word' id='word_1_208' title='bbox 519 3047 564 3112; x_wconf 87' lang='lat' dir='ltr'>ad]</span> <span class='ocrx_word' id='word_1_209' title='bbox 585 3063 617 3096; x_wconf 89' lang='lat' dir='ltr'>ae</span> <span class='ocrx_word' id='word_1_210' title='bbox 636 3045 663 3097; x_wconf 84' lang='lat' dir='ltr'><em>F.</em></span> <span class='ocrx_word' id='word_1_211' title='bbox 682 3048 695 3113; x_wconf 75' lang='lat' dir='ltr'>ll</span> <span class='ocrx_word' id='word_1_212' title='bbox 712 3047 748 3112; x_wconf 89' lang='lat' dir='ltr'>et]</span> <span class='ocrx_word' id='word_1_213' title='bbox 768 3052 849 3110; x_wconf 85' lang='lat' dir='ltr'>atque</span> <span class='ocrx_word' id='word_1_214' title='bbox 868 3049 898 3102; x_wconf 88' lang='lat' dir='ltr'>F.</span> <span class='ocrx_word' id='word_1_215' title='bbox 920 3046 931 3118; x_wconf 85' lang='grc' dir='ltr'>ΙΙ</span> <span class='ocrx_word' id='word_1_216' title='bbox 951 3051 1152 3100; x_wconf 84' lang='lat' dir='ltr'>cerimoniarum</span> <span class='ocrx_word' id='word_1_217' title='bbox 1171 3048 1203 3102; x_wconf 78' lang='grc' dir='ltr'>Α.</span> <span class='ocrx_word' id='word_1_218' title='bbox 1219 3050 1233 3117; x_wconf 79' lang='grc' dir='ltr'>Η</span> <span class='ocrx_word' id='word_1_219' title='bbox 1252 3046 1291 3101; x_wconf 80' lang='grc'>13.</span> <span class='ocrx_word' id='word_1_220' title='bbox 1311 3049 1464 3115; x_wconf 81' lang='lat' dir='ltr'>fragilitatis</span> <span class='ocrx_word' id='word_1_221' title='bbox 1478 3059 1521 3112; x_wconf 87' lang='lat' dir='ltr'>pr.</span> 
     </span>
    </p>

    <p class='ocr_par' dir='ltr' id='par_1_9' title="bbox 304 3117 1607 3331">
     <span class='ocr_line' id='line_1_26' title="bbox 304 3117 1607 3188; baseline -0.005 -18"><span class='ocrx_word' id='word_1_222' title='bbox 304 3118 334 3172; x_wconf 85' lang='grc' dir='ltr'>Α.</span> <span class='ocrx_word' id='word_1_223' title='bbox 355 3120 508 3187; x_wconf 81' lang='lat' dir='ltr'>fragilitatis</span> <span class='ocrx_word' id='word_1_224' title='bbox 527 3131 596 3170; x_wconf 84' lang='lat' dir='ltr'>corr.</span> <span class='ocrx_word' id='word_1_225' title='bbox 615 3117 647 3169; x_wconf 85' lang='lat' dir='ltr'><em>A.</em></span> <span class='ocrx_word' id='word_1_226' title='bbox 665 3119 827 3186; x_wconf 79' lang='lat' dir='ltr'>frugalitatis</span> <span class='ocrx_word' id='word_1_227' title='bbox 847 3119 878 3171; x_wconf 81' lang='lat' dir='ltr'><em>F.</em></span> <span class='ocrx_word' id='word_1_228' title='bbox 891 3121 995 3188; x_wconf 74' lang='lat' dir='ltr'>llrpuun</span> <span class='ocrx_word' id='word_1_229' title='bbox 1016 3119 1069 3172; x_wconf 78' lang='lat' dir='ltr'><em>FF.</em></span> <span class='ocrx_word' id='word_1_230' title='bbox 1083 3121 1095 3188; x_wconf 85' lang='grc' dir='ltr'>ΙΙ</span> <span class='ocrx_word' id='word_1_231' title='bbox 1113 3123 1233 3171; x_wconf 88' lang='lat' dir='ltr'>luxoriae</span> <span class='ocrx_word' id='word_1_232' title='bbox 1251 3119 1281 3170; x_wconf 81' lang='grc' dir='ltr'>Α.</span> <span class='ocrx_word' id='word_1_233' title='bbox 1298 3117 1311 3186; x_wconf 81' lang='grc' dir='ltr'>ΙΙ</span> <span class='ocrx_word' id='word_1_234' title='bbox 1327 3117 1365 3170; x_wconf 79' lang='grc' dir='ltr'>Η,</span> <span class='ocrx_word' id='word_1_235' title='bbox 1386 3135 1418 3167; x_wconf 91' lang='lat' dir='ltr'>ac</span> <span class='ocrx_word' id='word_1_236' title='bbox 1440 3119 1520 3166; x_wconf 85' lang='lat' dir='ltr'>since·</span> <span class='ocrx_word' id='word_1_237' title='bbox 1606 3147 1607 3150; x_wconf 61' lang='lat'><em>=</em></span> 
     </span>
     <span class='ocr_line' id='line_1_27' title="bbox 304 3183 1607 3260; baseline -0.002 -20"><span class='ocrx_word' id='word_1_238' title='bbox 304 3193 389 3240; x_wconf 80' lang='lat' dir='ltr'>ritatis</span> <span class='ocrx_word' id='word_1_239' title='bbox 408 3186 518 3254; x_wconf 64' lang='lat' dir='ltr'>Milli.</span> <span class='ocrx_word' id='word_1_240' title='bbox 538 3189 580 3254; x_wconf 82' lang='lat' dir='ltr'>Q.]</span> <span class='ocrx_word' id='word_1_241' title='bbox 601 3192 664 3251; x_wconf 88' lang='lat' dir='ltr'>quia</span> <span class='ocrx_word' id='word_1_242' title='bbox 681 3186 735 3258; x_wconf 74' lang='grc' dir='ltr'>ΕΗ</span> <span class='ocrx_word' id='word_1_243' title='bbox 752 3187 790 3243; x_wconf 85' lang='grc' dir='ltr'>Π.</span> <span class='ocrx_word' id='word_1_244' title='bbox 809 3193 942 3260; x_wconf 84' lang='lat' dir='ltr'>allobrogi</span> <span class='ocrx_word' id='word_1_245' title='bbox 961 3189 1113 3246; x_wconf 74' lang='lat' dir='ltr'><em>AODEF.</em></span> <span class='ocrx_word' id='word_1_246' title='bbox 1136 3189 1219 3252; x_wconf 78' lang='lat' dir='ltr'>(idem</span> <span class='ocrx_word' id='word_1_247' title='bbox 1243 3188 1360 3242; x_wconf 81' lang='lat' dir='ltr'>mendum</span> <span class='ocrx_word' id='word_1_248' title='bbox 1378 3185 1430 3243; x_wconf 81' lang='grc' dir='ltr'>ΠΙ.</span> <span class='ocrx_word' id='word_1_249' title='bbox 1452 3185 1476 3241; x_wconf 81' lang='lat'><em>5.</em></span> <span class='ocrx_word' id='word_1_250' title='bbox 1495 3183 1521 3238; x_wconf 70' lang='lat'><em>2.</em></span> <span class='ocrx_word' id='word_1_251' title='bbox 1606 3195 1607 3200; x_wconf 78' lang='grc'>’</span> 
     </span>
     <span class='ocr_line' id='line_1_28' title="bbox 304 3259 704 3331; baseline -0.003 -18"><span class='ocrx_word' id='word_1_252' title='bbox 304 3259 424 3331; x_wconf 84' lang='lat' dir='ltr'>alrigobri</span> <span class='ocrx_word' id='word_1_253' title='bbox 443 3259 473 3313; x_wconf 86' lang='lat' dir='ltr'><em>F.</em></span> <span class='ocrx_word' id='word_1_254' title='bbox 486 3260 499 3329; x_wconf 87' lang='grc' dir='ltr'>ΙΙ</span> <span class='ocrx_word' id='word_1_255' title='bbox 514 3259 554 3311; x_wconf 67' lang='lat' dir='ltr'>tt.</span> <span class='ocrx_word' id='word_1_256' title='bbox 571 3262 608 3310; x_wconf 88' lang='lat' dir='ltr'>ull</span> <span class='ocrx_word' id='word_1_257' title='bbox 628 3259 704 3312; x_wconf 66' lang='lat' dir='ltr'>&#39;lbra</span> 
     </span>
    </p>
   </div>
   <div class='ocr_carea' id='block_1_5' title="bbox 808 3398 1020 3411">
    <p class='ocr_par' dir='ltr' id='par_1_10' title="bbox 808 3398 1020 3411">
     <span class='ocr_line' id='line_1_29' title="bbox 808 3398 1020 3411; baseline 0.009 -3"><span class='ocrx_word' id='word_1_258' title='bbox 808 3398 1020 3411; x_wconf 79' lang='lat'><em>——--...--</em></span> 
     </span>
    </p>
   </div>
   <div class='ocr_carea' id='block_1_6' title="bbox 245 3474 1518 4322">
    <p class='ocr_par' dir='ltr' id='par_1_11' title="bbox 245 3474 1518 4322">
     <span class='ocr_line' id='line_1_30' title="bbox 376 3474 1518 3542; baseline -0.004 -15"><span class='ocrx_word' id='word_1_259' title='bbox 376 3476 403 3527; x_wconf 82' lang='lat' dir='ltr'>in</span> <span class='ocrx_word' id='word_1_260' title='bbox 421 3475 477 3534; x_wconf 78' lang='lat' dir='ltr'>boc,</span> <span class='ocrx_word' id='word_1_261' title='bbox 496 3474 584 3534; x_wconf 84' lang='lat' dir='ltr'>credo,</span> <span class='ocrx_word' id='word_1_262' title='bbox 605 3477 657 3542; x_wconf 86' lang='lat' dir='ltr'>[ae]</span> <span class='ocrx_word' id='word_1_263' title='bbox 671 3477 799 3542; x_wconf 81' lang='lat' dir='ltr'>fortunae</span> <span class='ocrx_word' id='word_1_264' title='bbox 816 3477 916 3535; x_wconf 81' lang='lat' dir='ltr'>nubilo)</span> <span class='ocrx_word' id='word_1_265' title='bbox 941 3481 1099 3529; x_wconf 68' lang='lat' dir='ltr'>particulam</span> <span class='ocrx_word' id='word_1_266' title='bbox 1119 3493 1163 3537; x_wconf 81' lang='lat' dir='ltr'>ae,</span> <span class='ocrx_word' id='word_1_267' title='bbox 1186 3493 1256 3540; x_wconf 72' lang='lat' dir='ltr'>«puae</span> <span class='ocrx_word' id='word_1_268' title='bbox 1276 3476 1434 3528; x_wconf 87' lang='lat' dir='ltr'>sententiam</span> <span class='ocrx_word' id='word_1_269' title='bbox 1454 3474 1518 3524; x_wconf 85' lang='lat' dir='ltr'>male</span> 
     </span>
     <span class='ocr_line' id='line_1_31' title="bbox 305 3548 1517 3616; baseline -0.006 -17"><span class='ocrx_word' id='word_1_270' title='bbox 305 3549 472 3612; x_wconf 84' lang='lat' dir='ltr'>interrumpit</span> <span class='ocrx_word' id='word_1_271' title='bbox 490 3564 653 3615; x_wconf 84' lang='lat' dir='ltr'>sensumque</span> <span class='ocrx_word' id='word_1_272' title='bbox 672 3551 748 3608; x_wconf 89' lang='lat' dir='ltr'>tollit,</span> <span class='ocrx_word' id='word_1_273' title='bbox 769 3553 854 3600; x_wconf 92' lang='lat' dir='ltr'>locum</span> <span class='ocrx_word' id='word_1_274' title='bbox 874 3567 926 3600; x_wconf 91' lang='lat' dir='ltr'>nou</span> <span class='ocrx_word' id='word_1_275' title='bbox 946 3553 1046 3600; x_wconf 86' lang='lat' dir='ltr'>babere</span> <span class='ocrx_word' id='word_1_276' title='bbox 1066 3551 1144 3600; x_wconf 84' lang='lat' dir='ltr'>facile</span> <span class='ocrx_word' id='word_1_277' title='bbox 1162 3551 1333 3616; x_wconf 85' lang='lat' dir='ltr'>intellegitur.</span> <span class='ocrx_word' id='word_1_278' title='bbox 1371 3548 1445 3608; x_wconf 80' lang='lat' dir='ltr'>erod</span> <span class='ocrx_word' id='word_1_279' title='bbox 1464 3561 1517 3594; x_wconf 88' lang='lat' dir='ltr'>cum</span> 
     </span>
     <span class='ocr_line' id='line_1_32' title="bbox 305 3618 1517 3686; baseline -0.006 -16"><span class='ocrx_word' id='word_1_280' title='bbox 305 3622 458 3670; x_wconf 86' lang='lat' dir='ltr'>sensissent</span> <span class='ocrx_word' id='word_1_281' title='bbox 470 3620 578 3675; x_wconf 80' lang='lat' dir='ltr'>librarii.</span> <span class='ocrx_word' id='word_1_282' title='bbox 597 3622 788 3681; x_wconf 79' lang='lat' dir='ltr'>nonnulli&#39;&#39;(c“)</span> <span class='ocrx_word' id='word_1_283' title='bbox 806 3623 923 3686; x_wconf 89' lang='lat' dir='ltr'>ineptam</span> <span class='ocrx_word' id='word_1_284' title='bbox 938 3638 1030 3672; x_wconf 90' lang='lat' dir='ltr'>uocem</span> <span class='ocrx_word' id='word_1_285' title='bbox 1044 3621 1149 3671; x_wconf 90' lang='lat' dir='ltr'>omnino</span> <span class='ocrx_word' id='word_1_286' title='bbox 1169 3622 1318 3671; x_wconf 79' lang='lat' dir='ltr'>eiecerunt;</span> <span class='ocrx_word' id='word_1_287' title='bbox 1339 3633 1387 3668; x_wconf 88' lang='lat' dir='ltr'>uec</span> <span class='ocrx_word' id='word_1_288' title='bbox 1407 3618 1517 3680; x_wconf 81' lang='lat' dir='ltr'>prosectu</span> 
     </span>
     <span class='ocr_line' id='line_1_33' title="bbox 306 3687 1517 3760; baseline -0.004 -20"><span class='ocrx_word' id='word_1_289' title='bbox 306 3694 384 3742; x_wconf 81' lang='lat' dir='ltr'>ursle.</span> <span class='ocrx_word' id='word_1_290' title='bbox 431 3692 540 3740; x_wconf 78' lang='lat' dir='ltr'>Videtur</span> <span class='ocrx_word' id='word_1_291' title='bbox 558 3693 626 3740; x_wconf 90' lang='lat' dir='ltr'>enim</span> <span class='ocrx_word' id='word_1_292' title='bbox 655 3696 747 3742; x_wconf 78' lang='lat' dir='ltr'>arietet·</span> <span class='ocrx_word' id='word_1_293' title='bbox 769 3696 891 3760; x_wconf 84' lang='lat' dir='ltr'>argutias</span> <span class='ocrx_word' id='word_1_294' title='bbox 914 3695 1035 3755; x_wconf 81' lang='lat' dir='ltr'>quidem,</span> <span class='ocrx_word' id='word_1_295' title='bbox 1060 3695 1108 3742; x_wconf 85' lang='lat' dir='ltr'>sed</span> <span class='ocrx_word' id='word_1_296' title='bbox 1133 3707 1148 3741; x_wconf 90' lang='lat' dir='ltr'>e</span> <span class='ocrx_word' id='word_1_297' title='bbox 1172 3705 1245 3741; x_wconf 89' lang='lat' dir='ltr'>more</span> <span class='ocrx_word' id='word_1_298' title='bbox 1271 3707 1320 3740; x_wconf 87' lang='lat' dir='ltr'>suo</span> <span class='ocrx_word' id='word_1_299' title='bbox 1345 3689 1444 3738; x_wconf 80' lang='lat' dir='ltr'>dixisse</span> <span class='ocrx_word' id='word_1_300' title='bbox 1464 3687 1517 3736; x_wconf 86' lang='lat' dir='ltr'>ideo</span> 
     </span>
     <span class='ocr_line' id='line_1_34' title="bbox 306 3760 1517 3826; baseline -0.002 -17"><span class='ocrx_word' id='word_1_301' title='bbox 306 3763 395 3810; x_wconf 88' lang='lat' dir='ltr'>nubilo</span> <span class='ocrx_word' id='word_1_302' title='bbox 415 3763 536 3811; x_wconf 77' lang='lat' dir='ltr'>fortunae</span> <span class='ocrx_word' id='word_1_303' title='bbox 560 3764 636 3811; x_wconf 88' lang='lat' dir='ltr'>eaelo</span> <span class='ocrx_word' id='word_1_304' title='bbox 657 3763 784 3811; x_wconf 86' lang='lat' dir='ltr'>Manlium</span> <span class='ocrx_word' id='word_1_305' title='bbox 809 3767 946 3826; x_wconf 84' lang='lat' dir='ltr'>perfusum</span> <span class='ocrx_word' id='word_1_306' title='bbox 972 3779 1035 3813; x_wconf 85' lang='lat' dir='ltr'>esse</span> <span class='ocrx_word' id='word_1_307' title='bbox 1059 3765 1209 3826; x_wconf 88' lang='lat' dir='ltr'>contempta</span> <span class='ocrx_word' id='word_1_308' title='bbox 1234 3760 1446 3816; x_wconf 79' lang='lat' dir='ltr'>adulescentiae,</span> <span class='ocrx_word' id='word_1_309' title='bbox 1471 3775 1517 3823; x_wconf 90' lang='lat' dir='ltr'>quo</span> 
     </span>
     <span class='ocr_line' id='line_1_35' title="bbox 306 3829 1517 3892; baseline 0.001 -15"><span class='ocrx_word' id='word_1_310' title='bbox 306 3832 405 3879; x_wconf 85' lang='lat' dir='ltr'>clarius</span> <span class='ocrx_word' id='word_1_311' title='bbox 425 3838 520 3892; x_wconf 82' lang='lat' dir='ltr'>postea</span> <span class='ocrx_word' id='word_1_312' title='bbox 539 3833 622 3881; x_wconf 85' lang='lat' dir='ltr'>uirtus</span> <span class='ocrx_word' id='word_1_313' title='bbox 642 3835 699 3881; x_wconf 87' lang='lat' dir='ltr'>cias</span> <span class='ocrx_word' id='word_1_314' title='bbox 719 3835 886 3885; x_wconf 86' lang='lat' dir='ltr'>enitesceret.</span> <span class='ocrx_word' id='word_1_315' title='bbox 930 3836 970 3882; x_wconf 84' lang='lat' dir='ltr'>lta</span> <span class='ocrx_word' id='word_1_316' title='bbox 994 3837 1110 3884; x_wconf 85' lang='lat' dir='ltr'>nubilum</span> <span class='ocrx_word' id='word_1_317' title='bbox 1136 3835 1258 3883; x_wconf 85' lang='lat' dir='ltr'>absolute</span> <span class='ocrx_word' id='word_1_318' title='bbox 1284 3835 1316 3882; x_wconf 90' lang='lat' dir='ltr'>de</span> <span class='ocrx_word' id='word_1_319' title='bbox 1340 3831 1428 3880; x_wconf 83' lang='lat' dir='ltr'>nubilo</span> <span class='ocrx_word' id='word_1_320' title='bbox 1447 3829 1517 3878; x_wconf 84' lang='lat' dir='ltr'>caelo</span> 
     </span>
     <span class='ocr_line' id='line_1_36' title="bbox 307 3898 1517 3972; baseline 0.002 -27"><span class='ocrx_word' id='word_1_321' title='bbox 307 3901 431 3947; x_wconf 76' lang='lat' dir='ltr'>dixerunt</span> <span class='ocrx_word' id='word_1_322' title='bbox 450 3902 514 3951; x_wconf 84' lang='lat' dir='ltr'>Pliu.</span> <span class='ocrx_word' id='word_1_323' title='bbox 535 3918 596 3965; x_wconf 89' lang='lat' dir='ltr'>epp.</span> <span class='ocrx_word' id='word_1_324' title='bbox 616 3903 646 3958; x_wconf 85' lang='lat' dir='ltr'>ll,</span> <span class='ocrx_word' id='word_1_325' title='bbox 670 3898 709 3955; x_wconf 85' lang='grc'>17.</span> <span class='ocrx_word' id='word_1_326' title='bbox 730 3901 754 3960; x_wconf 79' lang='lat' dir='ltr'>i,</span> <span class='ocrx_word' id='word_1_327' title='bbox 774 3904 847 3954; x_wconf 86' lang='lat' dir='ltr'>Suet.</span> <span class='ocrx_word' id='word_1_328' title='bbox 868 3906 929 3954; x_wconf 81' lang='lat' dir='ltr'>Nor.</span> <span class='ocrx_word' id='word_1_329' title='bbox 951 3901 991 3960; x_wconf 84' lang='lat'>13,</span> <span class='ocrx_word' id='word_1_330' title='bbox 1012 3907 1069 3960; x_wconf 67' lang='lat' dir='ltr'>aaa</span> <span class='ocrx_word' id='word_1_331' title='bbox 1090 3911 1117 3956; x_wconf 90' lang='lat' dir='ltr'>et</span> <span class='ocrx_word' id='word_1_332' title='bbox 1136 3907 1253 3972; x_wconf 86' lang='lat' dir='ltr'>imagine</span> <span class='ocrx_word' id='word_1_333' title='bbox 1267 3905 1326 3952; x_wconf 90' lang='lat' dir='ltr'>iude</span> <span class='ocrx_word' id='word_1_334' title='bbox 1341 3902 1422 3965; x_wconf 87' lang='lat' dir='ltr'>petitu</span> <span class='ocrx_word' id='word_1_335' title='bbox 1439 3915 1517 3964; x_wconf 84' lang='lat' dir='ltr'>saepe</span> 
     </span>
     <span class='ocr_line' id='line_1_37' title="bbox 307 3969 1516 4039; baseline 0.003 -24"><span class='ocrx_word' id='word_1_336' title='bbox 307 3969 390 4017; x_wconf 87' lang='lat' dir='ltr'>tristis</span> <span class='ocrx_word' id='word_1_337' title='bbox 410 3970 447 4016; x_wconf 88' lang='lat' dir='ltr'>rei</span> <span class='ocrx_word' id='word_1_338' title='bbox 467 3972 577 4019; x_wconf 88' lang='lat' dir='ltr'>alicuius</span> <span class='ocrx_word' id='word_1_339' title='bbox 601 3976 727 4035; x_wconf 85' lang='lat' dir='ltr'>aspectus</span> <span class='ocrx_word' id='word_1_340' title='bbox 751 3976 789 4023; x_wconf 88' lang='lat' dir='ltr'>ita</span> <span class='ocrx_word' id='word_1_341' title='bbox 814 3975 979 4024; x_wconf 83' lang='lat' dir='ltr'>describitur.</span> <span class='ocrx_word' id='word_1_342' title='bbox 1026 3979 1133 4026; x_wconf 82' lang='lat' dir='ltr'>Minimo</span> <span class='ocrx_word' id='word_1_343' title='bbox 1159 3981 1230 4029; x_wconf 90' lang='lat' dir='ltr'>certe</span> <span class='ocrx_word' id='word_1_344' title='bbox 1254 3976 1343 4039; x_wconf 87' lang='lat' dir='ltr'>placet</span> <span class='ocrx_word' id='word_1_345' title='bbox 1367 3971 1516 4022; x_wconf 84' lang='lat' dir='ltr'>adiectiuum</span> 
     </span>
     <span class='ocr_line' id='line_1_38' title="bbox 308 4035 1516 4115; baseline 0.004 -29"><span class='ocrx_word' id='word_1_346' title='bbox 308 4035 582 4090; x_wconf 66' lang='lat' dir='ltr'>subterminatum</span> <span class='ocrx_word' id='word_1_347' title='bbox 603 4059 660 4091; x_wconf 87' lang='lat' dir='ltr'>eum</span> <span class='ocrx_word' id='word_1_348' title='bbox 682 4049 834 4110; x_wconf 81' lang='lat' dir='ltr'>contempta,</span> <span class='ocrx_word' id='word_1_349' title='bbox 855 4047 1077 4106; x_wconf 77' lang='lat' dir='ltr'>‹protundumdum</span> <span class='ocrx_word' id='word_1_350' title='bbox 1098 4048 1266 4115; x_wconf 89' lang='lat' dir='ltr'>coniungitur</span> <span class='ocrx_word' id='word_1_351' title='bbox 1285 4047 1311 4094; x_wconf 93' lang='lat' dir='ltr'>in</span> <span class='ocrx_word' id='word_1_352' title='bbox 1324 4043 1444 4094; x_wconf 79' lang='lat' dir='ltr'>&#39;Porrenii</span> <span class='ocrx_word' id='word_1_353' title='bbox 1462 4058 1516 4091; x_wconf 90' lang='lat' dir='ltr'>can·</span> 
     </span>
     <span class='ocr_line' id='line_1_39' title="bbox 308 4105 1516 4182; baseline 0.002 -23"><span class='ocrx_word' id='word_1_354' title='bbox 308 4112 409 4159; x_wconf 86' lang='lat' dir='ltr'>iectura</span> <span class='ocrx_word' id='word_1_355' title='bbox 428 4105 455 4156; x_wconf 80' lang='lat' dir='ltr'>iu</span> <span class='ocrx_word' id='word_1_356' title='bbox 473 4107 530 4162; x_wconf 80' lang='lat' dir='ltr'>doc.</span> <span class='ocrx_word' id='word_1_357' title='bbox 551 4109 640 4165; x_wconf 82' lang='lat' dir='ltr'>crede,</span> <span class='ocrx_word' id='word_1_358' title='bbox 661 4129 678 4162; x_wconf 88' lang='lat' dir='ltr'>a</span> <span class='ocrx_word' id='word_1_359' title='bbox 694 4113 809 4178; x_wconf 80' lang='lat' dir='ltr'>seruam</span> <span class='ocrx_word' id='word_1_360' title='bbox 827 4113 916 4165; x_wconf 81' lang='lat' dir='ltr'>nubilo</span> <span class='ocrx_word' id='word_1_361' title='bbox 936 4113 1127 4168; x_wconf 79' lang='lat' dir='ltr'>adulescentiae</span> <span class='ocrx_word' id='word_1_362' title='bbox 1146 4121 1290 4182; x_wconf 75' lang='lat' dir='ltr'>contempta</span> <span class='ocrx_word' id='word_1_363' title='bbox 1310 4113 1449 4182; x_wconf 63' lang='lat' dir='ltr'>perfusus.</span> <span class='ocrx_word' id='word_1_364' title='bbox 1472 4127 1516 4179; x_wconf 82' lang='lat' dir='ltr'>quo</span> 
     </span>
     <span class='ocr_line' id='line_1_40' title="bbox 245 4181 1516 4253; baseline 0.002 -22"><span class='ocrx_word' id='word_1_365' title='bbox 245 4248 248 4252; x_wconf 14' lang='lat' dir='ltr'><em>A</em></span> <span class='ocrx_word' id='word_1_366' title='bbox 309 4186 358 4232; x_wconf 90' lang='lat' dir='ltr'>etc.</span> <span class='ocrx_word' id='word_1_367' title='bbox 396 4181 573 4230; x_wconf 78' lang='lat' dir='ltr'>Abbreuiator</span> <span class='ocrx_word' id='word_1_368' title='bbox 591 4185 826 4249; x_wconf 69' lang='lat' dir='ltr'>Guelferbytamrs.</span> <span class='ocrx_word' id='word_1_369' title='bbox 846 4203 905 4235; x_wconf 92' lang='lat' dir='ltr'>cum</span> <span class='ocrx_word' id='word_1_370' title='bbox 925 4187 950 4235; x_wconf 90' lang='lat' dir='ltr'>in</span> <span class='ocrx_word' id='word_1_371' title='bbox 964 4189 1111 4253; x_wconf 79' lang='lat' dir='ltr'>mebetypo</span> <span class='ocrx_word' id='word_1_372' title='bbox 1131 4204 1180 4238; x_wconf 91' lang='lat' dir='ltr'>suo</span> <span class='ocrx_word' id='word_1_373' title='bbox 1194 4189 1358 4252; x_wconf 84' lang='lat' dir='ltr'>repperisset</span> <span class='ocrx_word' id='word_1_374' title='bbox 1372 4191 1516 4248; x_wconf 87' lang='lat' dir='ltr'>suspectam</span> 
     </span>
     <span class='ocr_line' id='line_1_41' title="bbox 308 4253 1516 4322; baseline 0 -19"><span class='ocrx_word' id='word_1_375' title='bbox 308 4255 382 4303; x_wconf 83' lang='lat' dir='ltr'>illam</span> <span class='ocrx_word' id='word_1_376' title='bbox 401 4253 566 4314; x_wconf 84' lang='lat' dir='ltr'>particulam,</span> <span class='ocrx_word' id='word_1_377' title='bbox 587 4267 638 4302; x_wconf 90' lang='lat' dir='ltr'>noa</span> <span class='ocrx_word' id='word_1_378' title='bbox 659 4256 717 4304; x_wconf 86' lang='lat' dir='ltr'>siae</span> <span class='ocrx_word' id='word_1_379' title='bbox 736 4258 826 4319; x_wconf 87' lang='lat' dir='ltr'>speeie</span> <span class='ocrx_word' id='word_1_380' title='bbox 846 4259 960 4322; x_wconf 70' lang='lat' dir='ltr'>(praciam</span> <span class='ocrx_word' id='word_1_381' title='bbox 972 4261 1036 4308; x_wconf 89' lang='lat' dir='ltr'>artis</span> <span class='ocrx_word' id='word_1_382' title='bbox 1056 4262 1145 4322; x_wconf 87' lang='lat' dir='ltr'>posuit</span> <span class='ocrx_word' id='word_1_383' title='bbox 1163 4258 1191 4308; x_wconf 82' lang='lat' dir='ltr'>ia</span> <span class='ocrx_word' id='word_1_384' title='bbox 1208 4257 1265 4312; x_wconf 82' lang='lat' dir='ltr'>boc.</span> <span class='ocrx_word' id='word_1_385' title='bbox 1290 4253 1378 4309; x_wconf 82' lang='lat' dir='ltr'>credo.</span> <span class='ocrx_word' id='word_1_386' title='bbox 1400 4253 1516 4320; x_wconf 78' lang='lat' dir='ltr'>raalipaae</span> 
     </span>
    </p>
   </div>
   <div class='ocr_carea' id='block_1_7' title="bbox 301 4319 1516 4609">
    <p class='ocr_par' dir='ltr' id='par_1_12' title="bbox 301 4319 1516 4609">
     <span class='ocr_line' id='line_1_42' title="bbox 301 4319 1516 4398; baseline 0 -24"><span class='ocrx_word' id='word_1_387' title='bbox 301 4323 431 4392; x_wconf 72' lang='lat' dir='ltr'>sarturae</span> <span class='ocrx_word' id='word_1_388' title='bbox 455 4319 559 4376; x_wconf 68' lang='lat' dir='ltr'>nubib,</span> <span class='ocrx_word' id='word_1_389' title='bbox 586 4326 656 4385; x_wconf 83' lang='lat' dir='ltr'>quod</span> <span class='ocrx_word' id='word_1_390' title='bbox 682 4330 820 4390; x_wconf 86' lang='lat' dir='ltr'>receperat</span> <span class='ocrx_word' id='word_1_391' title='bbox 843 4329 963 4396; x_wconf 84' lang='lat' dir='ltr'>l’igbius.</span> <span class='ocrx_word' id='word_1_392' title='bbox 1014 4331 1109 4379; x_wconf 86' lang='lat' dir='ltr'>Verum</span> <span class='ocrx_word' id='word_1_393' title='bbox 1135 4332 1254 4398; x_wconf 85' lang='lat' dir='ltr'>maligna</span> <span class='ocrx_word' id='word_1_394' title='bbox 1279 4329 1329 4379; x_wconf 87' lang='lat' dir='ltr'>diei</span> <span class='ocrx_word' id='word_1_395' title='bbox 1355 4328 1398 4376; x_wconf 77' lang='lat' dir='ltr'>ula</span> <span class='ocrx_word' id='word_1_396' title='bbox 1422 4331 1516 4390; x_wconf 81' lang='lat' dir='ltr'>poterat</span> 
     </span>
     <span class='ocr_line' id='line_1_43' title="bbox 310 4396 1514 4464; baseline -0.001 -17"><span class='ocrx_word' id='word_1_397' title='bbox 310 4399 425 4452; x_wconf 82' lang='lat' dir='ltr'>fortuna,</span> <span class='ocrx_word' id='word_1_398' title='bbox 439 4409 508 4457; x_wconf 89' lang='lat' dir='ltr'>quac</span> <span class='ocrx_word' id='word_1_399' title='bbox 522 4411 555 4443; x_wconf 91' lang='lat' dir='ltr'>eo</span> <span class='ocrx_word' id='word_1_400' title='bbox 565 4396 675 4444; x_wconf 86' lang='lat' dir='ltr'>consilio</span> <span class='ocrx_word' id='word_1_401' title='bbox 686 4399 840 4447; x_wconf 77' lang='lat' dir='ltr'>obsecrauit</span> <span class='ocrx_word' id='word_1_402' title='bbox 854 4401 1071 4458; x_wconf 74' lang='lat' dir='ltr'>rululescentiam</span> <span class='ocrx_word' id='word_1_403' title='bbox 1086 4417 1138 4464; x_wconf 88' lang='lat' dir='ltr'>quo</span> <span class='ocrx_word' id='word_1_404' title='bbox 1154 4403 1264 4451; x_wconf 88' lang='lat' dir='ltr'>lucidius</span> <span class='ocrx_word' id='word_1_405' title='bbox 1275 4399 1434 4450; x_wconf 85' lang='lat' dir='ltr'>enitesceret</span> <span class='ocrx_word' id='word_1_406' title='bbox 1443 4397 1514 4447; x_wconf 84' lang='lat' dir='ltr'>uirilis</span> 
     </span>
     <span class='ocr_line' id='line_1_44' title="bbox 311 4469 1514 4534; baseline -0.002 -16"><span class='ocrx_word' id='word_1_407' title='bbox 311 4471 397 4518; x_wconf 86' lang='lat' dir='ltr'>aetas.</span> <span class='ocrx_word' id='word_1_408' title='bbox 435 4472 602 4530; x_wconf 82' lang='lat' dir='ltr'>Quapropter</span> <span class='ocrx_word' id='word_1_409' title='bbox 620 4469 782 4518; x_wconf 85' lang='lat' dir='ltr'>redeundum</span> <span class='ocrx_word' id='word_1_410' title='bbox 801 4472 906 4520; x_wconf 87' lang='lat' dir='ltr'>uidetur</span> <span class='ocrx_word' id='word_1_411' title='bbox 926 4473 957 4520; x_wconf 91' lang='lat' dir='ltr'>ad</span> <span class='ocrx_word' id='word_1_412' title='bbox 979 4489 1020 4530; x_wconf 80' lang='lat' dir='ltr'>ea,</span> <span class='ocrx_word' id='word_1_413' title='bbox 1041 4473 1190 4534; x_wconf 68' lang='lat' dir='ltr'>(praeludo</span> <span class='ocrx_word' id='word_1_414' title='bbox 1211 4487 1227 4522; x_wconf 89' lang='lat' dir='ltr'>a</span> <span class='ocrx_word' id='word_1_415' title='bbox 1247 4472 1352 4521; x_wconf 85' lang='lat' dir='ltr'>Vorstio</span> <span class='ocrx_word' id='word_1_416' title='bbox 1372 4469 1514 4524; x_wconf 79' lang='lat' dir='ltr'>edebantur,</span> 
     </span>
     <span class='ocr_line' id='line_1_45' title="bbox 311 4539 1514 4609; baseline 0.001 -22"><span class='ocrx_word' id='word_1_417' title='bbox 311 4540 400 4588; x_wconf 84' lang='lat' dir='ltr'>deleta</span> <span class='ocrx_word' id='word_1_418' title='bbox 417 4539 548 4603; x_wconf 84' lang='lat' dir='ltr'>particula</span> <span class='ocrx_word' id='word_1_419' title='bbox 566 4553 607 4591; x_wconf 86' lang='lat' dir='ltr'>ae,</span> <span class='ocrx_word' id='word_1_420' title='bbox 629 4542 750 4601; x_wconf 79' lang='lat' dir='ltr'>qrramuis</span> <span class='ocrx_word' id='word_1_421' title='bbox 770 4555 812 4590; x_wconf 87' lang='lat' dir='ltr'>me</span> <span class='ocrx_word' id='word_1_422' title='bbox 831 4543 1003 4593; x_wconf 80' lang='lat' dir='ltr'>salutabiture</span> <span class='ocrx_word' id='word_1_423' title='bbox 1023 4545 1164 4602; x_wconf 82' lang='lat' dir='ltr'>confitear,</span> <span class='ocrx_word' id='word_1_424' title='bbox 1184 4545 1246 4609; x_wconf 88' lang='lat' dir='ltr'>quia</span> <span class='ocrx_word' id='word_1_425' title='bbox 1265 4543 1389 4592; x_wconf 88' lang='lat' dir='ltr'>idoneam</span> <span class='ocrx_word' id='word_1_426' title='bbox 1409 4553 1514 4596; x_wconf 67' lang='lat' dir='ltr'>creusam,</span> 
     </span>
    </p>
   </div>
   <div class='ocr_carea' id='block_1_8' title="bbox 311 4609 1144 4739">
    <p class='ocr_par' dir='ltr' id='par_1_13' title="bbox 311 4609 1144 4739">
     <span class='ocr_line' id='line_1_46' title="bbox 311 4609 1144 4678; baseline 0.012 -21"><span class='ocrx_word' id='word_1_427' title='bbox 311 4623 435 4658; x_wconf 87' lang='lat' dir='ltr'>caream</span> <span class='ocrx_word' id='word_1_428' title='bbox 456 4627 474 4658; x_wconf 91' lang='lat' dir='ltr'>a</span> <span class='ocrx_word' id='word_1_429' title='bbox 493 4611 599 4660; x_wconf 89' lang='lat' dir='ltr'>librario</span> <span class='ocrx_word' id='word_1_430' title='bbox 618 4609 744 4661; x_wconf 89' lang='lat' dir='ltr'>insertam</span> <span class='ocrx_word' id='word_1_431' title='bbox 765 4616 863 4676; x_wconf 88' lang='lat' dir='ltr'>putem,</span> <span class='ocrx_word' id='word_1_432' title='bbox 883 4615 1016 4678; x_wconf 86' lang='lat' dir='ltr'>perspicio</span> <span class='ocrx_word' id='word_1_433' title='bbox 1036 4615 1144 4667; x_wconf 88' lang='lat' dir='ltr'>uultum.</span> 
     </span>
     <span class='ocr_line' id='line_1_47' title="bbox 381 4675 707 4739; baseline 0.015 -11"><span class='ocrx_word' id='word_1_434' title='bbox 381 4675 408 4728; x_wconf 75' lang='lat'><em>2.</em></span> <span class='ocrx_word' id='word_1_435' title='bbox 427 4681 465 4731; x_wconf 82' lang='lat' dir='ltr'>Gt.</span> <span class='ocrx_word' id='word_1_436' title='bbox 484 4681 515 4732; x_wconf 78' lang='lat' dir='ltr'><em>A.</em></span> <span class='ocrx_word' id='word_1_437' title='bbox 534 4681 599 4730; x_wconf 87' lang='lat' dir='ltr'>Geli.</span> <span class='ocrx_word' id='word_1_438' title='bbox 620 4679 663 4739; x_wconf 84' lang='lat' dir='ltr'>Vl,</span> <span class='ocrx_word' id='word_1_439' title='bbox 682 4676 707 4734; x_wconf 84' lang='grc'>8.</span> 
     </span>
    </p>
   </div>
   <div class='ocr_carea' id='block_1_9' title="bbox 382 4745 714 4810">
    <p class='ocr_par' dir='ltr' id='par_1_14' title="bbox 382 4745 714 4810">
     <span class='ocr_line' id='line_1_48' title="bbox 382 4745 714 4810; baseline 0.021 -13"><span class='ocrx_word' id='word_1_440' title='bbox 382 4745 409 4798; x_wconf 77' lang='lat'><em>3.</em></span> <span class='ocrx_word' id='word_1_441' title='bbox 428 4752 465 4801; x_wconf 79' lang='lat' dir='ltr'>Oi.</span> <span class='ocrx_word' id='word_1_442' title='bbox 485 4751 542 4801; x_wconf 85' lang='lat' dir='ltr'>Liu.</span> <span class='ocrx_word' id='word_1_443' title='bbox 561 4752 669 4810; x_wconf 81' lang='lat' dir='ltr'>xxva,</span> <span class='ocrx_word' id='word_1_444' title='bbox 689 4750 714 4804; x_wconf 86' lang='grc'>8.</span> 
     </span>
    </p>
   </div>
   <div class='ocr_carea' id='block_1_10' title="bbox 0 0 1723 5400">
    <p class='ocr_par' dir='ltr' id='par_1_15' title="bbox 0 0 1723 5400">
     <span class='ocr_line' id='line_1_49' title="bbox 0 0 1723 5400; baseline 0 0"><span class='ocrx_word' id='word_1_445' title='bbox 0 0 1723 5400; x_wconf 95' lang='lat' dir='ltr'> </span> 
     </span>
    </p>
   </div>
  </div>
 </body>
</html>
