3409 5400
361 522 428 591 are
689 480 1252 590 osorsorrurnarrnrrtsr.

361 684 447 751 bello
468 687 612 750 maiores
641 704 755 748 eorum
783 686 836 748 usi
866 685 1016 749 fuissent.
1062 682 1099 748 ln
1123 705 1188 771 quo
1212 686 1363 771 quassatis
1381 696 1403 747 ct
1422 684 1520 749 adtritis

361 795 410 858 rei
432 791 582 877 publicae
604 790 746 864 uiribus,
776 812 850 855 cum
878 811 1036 878 magnum
1068 792 1271 875 captiuorum
1299 792 1395 855 ciuium
1417 812 1523 855 suorum

362 920 532 964 numerum
561 920 583 961 a
604 896 709 984 Pyrro
731 917 812 983 rege
840 895 925 960 ultro
952 898 1091 961 missum
1118 900 1329 984 recepissent,
1357 898 1527 961 decreuerunt

362 1018 396 1069 ut
418 1025 458 1069 ex
485 1006 526 1069 iis
556 1006 612 1090 qui
641 1024 727 1089 equo
755 1016 943 1067 meruerant
970 1006 1114 1091 peditum
1144 1026 1280 1070 numero
1308 1004 1460 1077 militarent,
1484 1006 1530 1091 qui

362 1112 487 1200 pedites
509 1113 638 1175 firerant
660 1113 695 1174 in
717 1109 916 1173 funditorum
932 1112 1053 1177 auxilia
1075 1112 1364 1185 transcriberentur,
1382 1132 1450 1174 neue
1470 1111 1541 1196 quisi

361 1238 475 1283 eorum
497 1220 583 1282 intra
605 1226 715 1281 castra
737 1216 892 1291 tenderet,
917 1238 1000 1281 neue
1023 1219 1131 1284 locum
1155 1230 1246 1283 extra
1262 1218 1443 1305 adsignatum
1461 1216 1533 1281 uallo

362 1334 416 1388 aut
430 1326 524 1388 fossa
539 1324 693 1410 cingeret,
716 1344 801 1386 neue
817 1326 990 1388 tentorium
1007 1346 1047 1388 ex
1066 1325 1202 1410 pellibus
1219 1324 1354 1389 heberet.
1382 1324 1537 1387 Recursum

362 1441 470 1495 autem
492 1429 546 1499 his
569 1429 613 1492 ad
640 1429 811 1514 pristinum
835 1430 966 1494 militiae
991 1431 1139 1495 ordinem
1171 1442 1410 1518 proposuerunt,
1434 1432 1459 1494 si
1478 1433 1541 1516 quis

361 1538 439 1601 bina
473 1535 580 1621 spolia
613 1557 655 1597 ex
687 1534 838 1599 hostibus
867 1536 1002 1602 tulisset.
1056 1538 1184 1618 Quibus
1213 1536 1372 1623 suppliciis
1397 1538 1541 1622 conpressi

361 1664 401 1706 err
424 1642 626 1705 deformibus
648 1639 742 1726 Pyrri
764 1643 967 1707 munusculis
992 1646 1142 1708 acerrimi
1164 1643 1280 1708 hostes
1303 1644 1460 1707 extiterunt.

448 1747 569 1812 Parem
602 1748 686 1810 iram
721 1759 857 1812 senatus
889 1749 1049 1813 aduersus
1078 1750 1152 1815 illos
1182 1751 1360 1824 destrinxit,
1393 1750 1442 1835 qui
1473 1749 1541 1834 apul

361 1856 495 1920 (ianuas
528 1874 597 1917 rem
628 1852 792 1937 publicam
824 1854 1046 1921 deseruerant.
1098 1856 1182 1921 Nam
1218 1878 1308 1919 cum
1326 1876 1378 1919 eos
1410 1856 1541 1941 grauitas

361 1962 482 2025 decreti
503 1960 588 2023 ultre
611 1971 810 2023 mortuorum
839 1960 1066 2025 condicionem
1089 1962 1287 2049 relegasset,
1318 1962 1449 2046 acceptis
1476 1984 1495 2024 a
1515 1960 1541 2022 itt

360 2066 515 2131 Marcello
543 2066 670 2141 litteris,
700 2078 737 2131 ut
765 2088 878 2131 eorum
906 2066 969 2132 sibi
993 2088 1093 2154 opere
1116 2068 1159 2132 ad
1183 2070 1445 2155 expugnationem
1468 2068 1541 2152 Syra

361 2195 516 2238 rosarum
546 2175 592 2236 uti
612 2172 738 2248 liceret,
761 2174 932 2258 rescripsit
952 2175 1109 2261 indignos
1133 2194 1208 2238 esse
1232 2176 1342 2259 quiin
1365 2184 1468 2238 eastra
1488 2194 1541 2235 rec.

360 2291 521 2367 perentur.
575 2280 726 2344 Ceterum
754 2301 790 2344 se
820 2282 850 2342 ci
880 2280 1062 2365 permittere
1093 2292 1126 2343 ut
1159 2282 1283 2345 faceret
1311 2281 1396 2365 quod
1423 2280 1541 2365 expedit

358 2388 406 2451 rei
423 2386 573 2472 publicae
595 2386 786 2461 iudicasset,
808 2386 887 2450 dum
911 2410 951 2451 ne
976 2389 1049 2473 quis
1074 2408 1113 2451 ex
1135 2387 1187 2452 his
1211 2408 1344 2451 munere
1367 2398 1499 2452 uacaret
1520 2408 1541 2449 a*

325 2558 332 2571 ,
360 2494 447 2558 dono
462 2493 596 2557 militiae
613 2493 789 2557 donaremr
804 2505 861 2557 aut
882 2494 915 2558 in
938 2492 1076 2568 ltaliam,
1101 2493 1206 2557 donec
1222 2493 1335 2559 lrostes
1351 2495 1384 2557 in
1401 2516 1442 2557 ea
1457 2514 1541 2557 esser

360 2600 539 2665 secederet.
586 2601 642 2664 Sic
666 2601 796 2664 eneruis
819 2601 948 2664 animos
972 2600 1085 2663 odisse
1109 2602 1213 2664 uirtus
1235 2600 1327 2664 solet.

447 2706 532 2792 Age,
556 2729 652 2794 quam
671 2710 813 2795 grauiter
829 2719 964 2772 senatus
986 2707 1055 2770 tulit
1078 2708 1166 2793 quod
1189 2709 1230 2788 Q.
1245 2707 1397 2772 Petilium
1414 2707 1541 2770 consuls

359 2813 537 2878 fortissime
566 2815 727 2879 aduersus
754 2814 895 2901 Ligures
919 2823 1120 2900 pugnantem
1156 2815 1306 2879 occidere
1340 2813 1465 2879 milites
1493 2835 1541 2898 pa

360 2918 497 2986 essenti
542 2921 681 3006 Legioni
710 2941 815 3007 neque
843 2919 1040 3005 stipendium
1070 2922 1147 2984 anni
1170 2921 1349 3006 procedere
1375 2941 1487 3006 neque
1513 2941 1541 2981 nr

360 3028 432 3091 deri
454 3027 564 3100 uoluit,
590 3029 669 3113 quie
689 3049 750 3112 pro
766 3027 872 3092 salute
888 3029 1095 3112 imperatoris
1110 3026 1252 3092 hostium
1275 3051 1313 3093 se
1337 3027 1416 3091 telis
1442 3047 1514 3089 non
1538 3053 1541 3082 r

359 3134 512 3209 tulerant,
534 3132 633 3219 idque
658 3133 822 3197 decretum
845 3133 1041 3220 amplissimi
1064 3135 1188 3199 ordinis
1212 3135 1406 3221 speciosum
1432 3143 1467 3195 et
1492 3141 1541 3194 act

358 3263 435 3306 num
454 3239 548 3306 Petili
570 3252 817 3305 monumentum
840 3242 949 3315 extitit,
973 3242 1035 3306 sub
1059 3263 1123 3327 quo
1146 3243 1180 3306 in
1204 3243 1275 3306 acie
1298 3250 1420 3313 morte,
1445 3240 1484 3302 in
1511 3261 1541 3301 cr

356 3348 478 3414 ultione
499 3343 578 3410 cleri
602 3347 729 3411 eineres
753 3349 823 3412 eius
848 3348 1072 3433 adquiescunt.

861 3493 1073 3505 ———n

357 3562 382 3616 2.
402 3561 473 3630 cum]
493 3558 555 3613 add.
574 3562 691 3613 maiores
710 3564 794 3613 nostrl
812 3559 844 3614 Γ.
862 3562 876 3630 ΙΙ
891 3558 1085 3614 detonuerunt
1100 3559 1132 3613 Γ.
1152 3559 1164 3630 ΙΙ
1184 3559 1208 3614 d.
1228 3563 1271 3612 iris
1294 3559 1400 3613 BPar.
1430 3562 1492 3610 hiis
1515 3557 1541 3610 C

357 3637 397 3685 eis
415 3632 447 3685 Γ.
461 3629 512 3701 115.
531 3633 648 3699 fueraut]
668 3630 731 3684 aad.
749 3637 777 3684 in
796 3635 902 3684 fuerant
920 3631 951 3685 Γ.
967 3634 978 3698 ii
993 3636 1019 3684 in
1037 3649 1086 3685 om.
1104 3648 1149 3700 pr.
1170 3631 1206 3684 D.
1218 3632 1231 3699 ΙΙ
1248 3633 1349 3698 nequis
1372 3629 1451 3683 BE.
1468 3631 1484 3698 ll
1497 3627 1528 3681 tt.

357 3702 446 3770 0117.
465 3704 576 3770 elegerit
593 3700 626 3757 Β.
639 3703 652 3770 ΙΙ
663 3703 689 3756 8.
707 3706 741 3754 iis
763 3703 839 3756 Torr.
851 3704 865 3772 ΙΙ
880 3701 920 3755 li.
940 3705 1035 3755 Parem
1055 3733 1088 3743 -
1108 3699 1174 3768 (itt.)
1193 3704 1273 3770 solet]
1293 3701 1366 3754 buce
1388 3707 1541 3769 transpose

352 3780 466 3840 Μαι.
475 3771 552 3824 tutus
561 3777 587 3836 S.
597 3778 635 3842 (p.
644 3771 707 3831 219.
717 3771 755 3837 4.)
774 3777 834 3839 capi
844 3791 897 3826 non
908 3776 1028 3838 potuisse
1038 3775 1069 3827 Γ.
1081 3774 1094 3841 ΙΙ
1107 3774 1228 3840 senatus]
1249 3791 1298 3826 om.
1309 3773 1345 3826 Γ.
1351 3779 1431 3841 post
1450 3774 1526 3822 iilos

367 3843 381 3908 ΙΙ
391 3842 464 3908 tttos]
484 3857 532 3892 eos
552 3843 583 3894 Γ.
595 3843 608 3908 Η
620 3845 753 3897 distrinxit
769 3845 828 3898 Dr
844 3851 871 3896 et
887 3859 957 3896 corr.
977 3844 1071 3898 ABE.
1097 3863 1121 3895 a.
1147 3847 1287 3896 destrinxit
1311 3859 1419 3911 mcryo
1443 3841 1482 3895 A.
1521 3841 1541 3891 1

357 3912 436 3963 etiarn
452 3911 515 3963 Per.
548 3911 608 3963 th.
627 3912 664 3964 ud
680 3914 718 3969 ll.
738 3913 764 3975 9,
783 3913 809 3968 li.
824 3913 838 3982 ΙΙ
855 3913 894 3969 ll.
914 3919 1050 3996 marcellio
1067 3915 1102 3968 Ε.
1117 3915 1130 3984 ΙΙ
1145 3931 1388 4038 sg'rucusanorum
1405 3911 1541 3996 ‘ABCI

356 3984 834 4121 trttttttt'ftfttttdnli
855 3983 1188 4128 11ῗ.ῗ.’“1’ἔ“.,11ἱ’..”ῃ“.1
1204 3987 1541 4125 11111111*Γὲ

356 4121 507 4195 ,11101111
525 4120 565 4174 li).
584 4140 698 4176 enerues
717 4140 786 4178 corr.
831 4165 837 4178 .
857 4144 971 4180 enerues
992 4127 1109 4181 CDEI'
1126 4135 1152 4180 et
1169 4144 1238 4180 corr.
1257 4126 1292 4182 Β.
1317 4125 1417 4179 Torr.
1446 4127 1541 4177 incer

356 4194 388 4247 Β.
400 4192 468 4263 1120.
486 4197 543 4267 *ᾗ
560 4197 680 4259 petilium
692 4194 723 4249 A.
743 4201 771 4256 “,
789 4202 818 4258 ’ζ
830 4197 1054 4264 petiliumBCE.
1064 4217 1091 4264 p.
1103 4201 1235 4266 qrriucium
1245 4201 1380 4264 petilium
1394 4197 1443 4250 D.
1457 4215 1492 4262 p.
1511 4215 1541 4262 qr

355 4268 474 4332 petilium
493 4267 524 4321 Γ.
557 4263 592 4316 Vt
608 4281 656 4318 nos
672 4267 735 4321 Por.
756 4227 819 4335 Ῑέ
838 4271 962 4338 Legiooi]
983 4267 1045 4321 cdd.
1065 4288 1116 4336 que
1134 4270 1169 4322 Ε.
1189 4267 1251 4321 add.
1270 4271 1350 4321 enim
1375 4266 1432 4329 (Γ)
1442 4267 1541 4320 Torr.

356 4340 417 4389 telis
437 4354 467 4389 se
488 4337 566 4390 Torr.
580 4334 593 4408 ΙΙ
607 4341 758 4402 optulerunt
775 4338 808 4395 B.
828 4343 978 4392 obtulerunt
997 4339 1057 4394 GE.
1070 4339 1137 4410 1124.
1160 4342 1250 4408 idque]
1269 4343 1413 4406 illudque
1440 4337 1489 4390 D.
1518 4341 1541 4387 α’

355 4407 389 4460 Ε.
404 4407 417 4479 11
430 4406 473 4463 111.
493 4412 639 4478 acquiescit
652 4425 698 4478 pr.
716 4409 749 4461 Β.
769 4413 883 4474 quiescit
901 4425 970 4464 corr.
990 4409 1022 4464 Β.

355 4675 382 4723 M
425 4605 617 4728 Pplgcpgc'ram)
643 4610 682 4659 Cf.
705 4609 763 4658 Liu.
784 4609 876 4666 XXV,
902 4605 920 4658 5
944 4611 972 4658 et
995 4623 1054 4670 sqq.
1083 4611 1171 4661 Front.
1197 4611 1273 4662 strat.
1300 4609 1383 4664 1111,
1422 4605 1462 4666 l,
1496 4601 1541 4656 44

385 4690 448 4726 eree
530 4713 537 4728 .

427 4742 490 4812 Ape,
508 4763 584 4814 marn
598 4747 730 4814 praester)
748 4752 787 4802 ct.
805 4751 895 4802 Front.
914 4753 988 4802 stret.
1008 4751 1064 4802 uu.
1086 4748 1109 4809 1.
1128 4747 1171 4803 lb.
1278 4773 1282 4780 -
