3409 5400
556 470 639 539 LIB.
662 470 736 549 Vll,
759 471 795 539 G.
820 471 852 548 5,
876 480 907 549 i.
931 474 1051 541 1-3.
1351 481 1416 547 57³

90 605 93 621 λ
179 650 202 691 e
230 629 392 719 Phrygiis
416 630 550 697 sedibus
575 630 619 697 ad
634 642 765 697 nostras
789 654 867 697 aras
885 632 1043 721 focosque
1066 635 1262 721 migrantem
1278 642 1418 719 sanclis·

181 737 289 800 simis
314 737 466 802 manibus
490 741 625 824 excepit,
651 739 705 823 qui
728 738 847 803 multas
865 750 896 802 et
911 741 1084 825 pestiferas
1109 742 1288 809 seditiones
1307 758 1416 811 aucto·

178 844 298 907 ritatis
322 866 404 909 suae
427 844 544 909 robore
568 846 750 929 oppressit,
781 868 844 931 quo
875 847 1021 933 principe
1049 860 1183 913 senatus
1214 871 1272 935 per
1295 852 1418 937 aliquot

181 971 300 1013 annos
325 950 483 1036 gloriatus
507 964 568 1024 est,
592 972 666 1015 cum
690 951 887 1017 aedilitatem
911 952 1054 1017 curulem
1077 953 1272 1021 adulescens
1296 968 1418 1043 peteret

153 1076 390 1142 amanumque
414 1056 583 1120 cuiusdam
607 1059 729 1121 rustico
757 1079 856 1143 opere
880 1058 1030 1124 duratam
1053 1081 1144 1123 more
1168 1061 1415 1130 candidatorum

181 1162 339 1225 tenacius
363 1161 651 1247 adprehendisset,
678 1164 742 1227 ioci
766 1165 873 1248 gratia
895 1165 1109 1251 interrogauit
1136 1190 1211 1231 eum
1240 1190 1318 1233 num
1346 1191 1416 1234 ma·

182 1268 289 1331 nibus
313 1267 428 1331 solitus
452 1280 542 1331 esset
569 1268 748 1333 ambulare.
805 1268 901 1348 Quod
932 1269 1053 1333 dictam
1083 1294 1103 1335 a
1131 1274 1415 1339 circumstantibus

183 1387 362 1457 exceptum
397 1376 441 1439 ad
473 1375 629 1461 populum
662 1378 810 1441 manauit
843 1398 1061 1462 causamque,
1081 1380 1233 1463 repulsae
1268 1380 1414 1467 Scipioni

89 1564 90 1569 η
185 1481 306 1545 attulit.
352 1480 475 1545 Omnes
503 1503 648 1567 namque
670 1482 812 1546 rusticae
841 1483 941 1547 tribus
973 1497 1193 1570 paupertatem
1222 1486 1286 1550 sibi
1309 1488 1350 1551 ab
1375 1508 1413 1551 eo

89 1575 90 1599 ³
144 1610 175 1655 to
186 1588 421 1671 exprobratam
436 1589 620 1652 iudicantes
636 1588 718 1651 iram
743 1611 838 1653 suam
863 1589 1023 1654 aduersus
1048 1594 1318 1659 contumeliosam
1342 1597 1413 1659 eius

88 1674 89 1706 r
186 1695 409 1761 urbanitatem
426 1696 676 1759 destrinxerunt.
714 1692 815 1782 Igitur
831 1696 948 1760 ciuitas
964 1709 1078 1761 nostra
1090 1699 1245 1764 nobilium
1260 1702 1414 1769 iuuenum

87 1778 91 1817 l
185 1802 326 1888 ingenia
354 1802 395 1866 ab
423 1802 599 1869 insolentia
625 1802 814 1865 reuocando
841 1824 985 1891 magnos
1020 1815 1051 1868 et
1077 1805 1172 1869 utiles
1209 1808 1299 1871 ciues
1327 1809 1413 1883 fecit,

88 1911 90 1923 '
185 1905 453 1995 honoribusque,
476 1930 543 1973 non
565 1908 719 1995 patiendo
744 1930 802 1973 cos
826 1932 847 1973 a
875 1912 1001 1975 securis
1025 1912 1106 1996 peti,
1137 1912 1278 1979 debitum
1302 1927 1413 1979 aucto·
1484 1902 1488 1909 ¹

88 1997 91 2031 r
185 2014 295 2078 citatis
317 2016 447 2101 pondus
471 2016 599 2081 adiecit.

88 2106 89 2140 ³
150 2143 178 2190 ra
280 2120 398 2185 Nullus
421 2142 512 2186 error
534 2121 609 2186 talis
631 2122 666 2185 in
689 2121 727 2185 l).
751 2121 891 2186 Aemilio
914 2122 1019 2187 Paulo
1043 2136 1240 2209 conspectus
1265 2138 1330 2202 est,
1353 2125 1453 2193 sed3.

88 2209 89 2248 ¹
189 2239 301 2291 tamen
325 2228 519 2315 aliquotiens
542 2230 663 2292 frustra
686 2227 891 2292 consulatum
915 2232 1002 2313 petit.
1047 2228 1217 2315 Idemque,
1250 2255 1323 2298 cum
1346 2234 1412 2298 iam

189 2356 344 2421 eampum
370 2336 512 2420 repulsis
544 2336 614 2400 suis
641 2335 834 2422 fatigasset,
863 2335 913 2400 bis
943 2334 1058 2399 consul
1088 2348 1119 2398 et
1147 2358 1265 2402 censor
1294 2340 1412 2415 factus,

87 2531 89 2568 ³
193 2526 218 2584 l.
238 2545 253 2581 a
271 2546 321 2582 ora.
339 2530 370 2586 Γ.
383 2531 548 2599 llphrygicls
565 2526 720 2597 Aeli-112
742 2529 779 2597 ct]
802 2534 863 2582 cate
879 2532 978 2581 multas
1000 2526 1035 2581 Ε.
1056 2524 1068 2601 ll
1086 2528 1111 2585 5.
1131 2548 1211 2597 opero
1230 2535 1327 2585 rustico
1346 2533 1412 2591 ΕΡ.

206 2600 219 2669 ΙΙ
232 2618 305 2653 mere
319 2617 363 2672 pr.
382 2601 414 2656 A.
425 2604 439 2671 ΙΙ
451 2600 476 2653 t.
495 2602 546 2653 luel
564 2600 595 2655 F.
610 2598 622 2670 ΙΙ
643 2601 716 2667 nom]
737 2617 789 2652 non
810 2599 867 2655 CF.
887 2603 931 2651 ubi
950 2598 986 2653 D.
1007 2599 1019 2670 ll
1039 2600 1063 2655 7.
1082 2604 1177 2653 solitus
1196 2609 1270 2655 esset
1287 2607 1411 2657 manibus

87 2667 88 2675 ’
193 2671 224 2726 F.
238 2672 251 2744 ss
265 2670 290 2727 8.
309 2679 447 2740 acceptum
466 2671 520 2740 El!
534 2669 574 2726 10.
593 2676 651 2724 eius
670 2674 889 2724 contumeliosam
905 2670 942 2726 D.
962 2672 973 2741 l
998 2672 1036 2726 tl.
1056 2676 1239 2728 destinxerunt
1253 2690 1297 2744 pr.
1317 2675 1349 2730 A.
1374 2679 1411 2728 dl·

87 2752 88 2763 ¹
192 2749 354 2798 strinxerunt
369 2744 435 2799 ΒΓ.
457 2741 518 2797 Vid.
537 2742 574 2796 ad
590 2743 627 2803 ll.
645 2743 671 2800 il.
690 2739 716 2792 li.
731 2741 745 2810 ΙΙ
765 2741 805 2795 lt.
824 2744 872 2810 ab]
892 2747 919 2795 et
937 2747 971 2794 ab
990 2743 1022 2798 F.
1038 2744 1052 2812 ΙΙ
1070 2747 1206 2798 insolertia
1226 2745 1254 2800 C.
1270 2747 1284 2814 ΙΙ
1304 2745 1343 2800 13.
1362 2763 1410 2800 eos

87 2864 88 2873 ,
193 2830 241 2870 om.
259 2815 290 2869 F.
302 2816 316 2884 ΙΙ
332 2814 371 2868 16.
390 2817 530 2883 aliquoties
547 2830 590 2883 pr.
608 2814 642 2869 A.
665 2810 741 2866 Tora
765 2811 799 2864 Vt
815 2830 863 2866 aus
881 2813 959 2865 etiam
977 2814 1038 2868 Pur.
1056 2815 1069 2882 lt
1087 2820 1162 2880 petiit
1183 2815 1410 2875 CDEFI'Torr.

206 2889 218 2955 ΙΙ
231 2890 344 2951 ideoque
352 2887 383 2941 F.
395 2887 409 2955 ΙΙ
423 2887 464 2941 Π.
474 2887 581 2953 censor]
592 2899 704 2938 consors
711 2897 754 2952 pr.
766 2883 799 2936 A.
810 2883 824 2952 Η
836 2886 933 2952 lactus]
947 2883 1008 2938 add.
1023 2893 1065 2938 ost
1079 2886 1227 2940 CDEFI’
1243 2894 1268 2940 ct
1280 2903 1370 2958 mcrpo
1378 2888 1410 2944 A.

194 3068 267 3116 docte
286 3069 313 3116 ct
324 3070 449 3117 accurate
461 3068 515 3115 iam
528 3065 651 3128 exposuit
664 3065 822 3116 Glareanus.
859 3064 927 3114 Nam
940 3066 984 3126 qui
998 3081 1123 3134 magnam
1137 3071 1248 3118 matrem
1263 3082 1278 3118 e
1291 3068 1411 3138 Phrygia

193 3139 300 3202 petitam
318 3139 461 3199 penatibus
480 3137 538 3185 suis
557 3143 707 3198 exceperat.
728 3137 858 3185 bonorum
876 3137 991 3200 optimus
1011 3153 1029 3186 a
1046 3141 1140 3188 senatu
1160 3139 1299 3196 iudicatus,
1318 3141 1411 3189 coasrrl

195 3223 219 3257 a.
237 3224 262 3257 u.
280 3223 304 3257 c.
322 3203 375 3258 bili
394 3209 439 3270 (cl.
458 3207 517 3256 Val.
535 3206 604 3263 Vlll,
627 3203 666 3263 15.
686 3200 740 3271 t).
763 3209 840 3269 puter
864 3209 921 3256 erat
940 3207 968 3258 P.
988 3207 1105 3257 Nasicae
1124 3225 1154 3257 co
1176 3210 1281 3258 nourine
1299 3210 1410 3267 Corculi,

197 3279 236 3326 bis
254 3277 371 3326 consulis
390 3295 415 3328 a.
434 3272 487 3328 592
506 3279 532 3326 et
549 3272 610 3333 itt,
629 3278 750 3324 censoris
769 3291 794 3326 a.
812 3273 866 3328 595
885 3276 951 3338 (Cic.
969 3277 1050 3328 Taso.
1070 3278 1094 3334 l.
1113 3275 1140 3333 tl.
1156 3225 1202 3330 lit.
1220 3279 1256 3328 id.
1276 3279 1348 3328 bart.
1366 3276 1409 3336 2⁰,

198 3344 251 3413 itt).
270 3362 337 3396 notra
357 3351 446 3397 autem
464 3347 493 3398 P.
512 3345 629 3396 Nasicae
650 3345 807 3408 Serapionis
830 3347 948 3396 consulis
972 3362 997 3394 a.
1015 3343 1068 3398 titii
1093 3351 1120 3397 et
1142 3349 1273 3410 pontilicis
1293 3349 1410 3406 mutari,

198 3420 252 3469 eills
270 3420 315 3480 qui
333 3419 373 3470 Ti.
394 3419 541 3467 Gracchum
561 3418 698 3479 oppressit
720 3415 801 3478 (Veli.
819 3417 852 3472 ll,
872 3412 897 3466 3.
922 3416 980 3466 vat.
999 3416 1043 3472 lll.
1062 3413 1088 3470 2.
1110 3414 1149 3467 ll.
1175 3418 1205 3474 V,
1225 3412 1250 3476 3,
1269 3415 1298 3482 2)
1322 3420 1410 3483 etqui

198 3491 353 3540 aedilitatem
372 3493 467 3554 petens
487 3488 621 3550 repulsam
640 3487 700 3534 tulit
717 3486 782 3547 (cte.
794 3500 843 3548 pro
856 3485 946 3535 Plane.
965 3486 981 3536 l.
1001 3487 1044 3550 a),
1063 3502 1180 3549 proarrus
1199 3489 1312 3553 denique
1329 3490 1409 3550 illias,

199 3562 239 3626 qut
261 3562 353 3610 consul
382 3579 407 3611 a.
430 3554 483 3610 643
508 3559 652 3625 iugurthae
681 3557 780 3604 bellam
808 3556 901 3604 indixit
924 3557 950 3605 et
976 3556 1003 3606 in
1027 3557 1185 3624 magistratu
1215 3563 1335 3610 mortuus
1360 3563 1410 3612 est.

198 3633 292 3682 liuram
311 3633 433 3693 quisnam
454 3643 501 3693 per
524 3630 625 3690 aliquot
647 3639 733 3676 annos
756 3627 881 3688 princeps
899 3627 1010 3676 senatus
1034 3628 1111 3677 luerit
1135 3631 1208 3678 certo
1225 3645 1278 3681 non
1297 3633 1410 3684 constat.

198 3703 261 3752 Nam
280 3703 422 3752 Diodorum
441 3703 510 3762 (exc.
530 3702 564 3749 de
585 3700 643 3750 uiri.
667 3703 695 3747 ct
716 3697 762 3747 uit.
784 3711 810 3758 p.
833 3691 907 3760 605).
931 3699 1027 3747 atauo
1046 3701 1074 3748 et
1095 3701 1164 3762 patri
1189 3715 1248 3750 cum
1272 3703 1409 3770 dignitatis

198 3776 304 3842 gradum
317 3775 486 3829 tribuentem,
506 3773 540 3821 de
549 3785 611 3826 auo,
630 3770 674 3834 qui
686 3782 720 3817 ne
732 3767 870 3816 censorius
883 3769 988 3829 quidem
1005 3769 1108 3828 fuisset,
1122 3775 1194 3821 recte
1207 3774 1304 3824 erroris
1322 3774 1410 3842 arguit

198 3845 397 3913 ll'essellngius.
439 3844 480 3893 De
504 3842 616 3891 Corcolo
640 3839 838 3888 concedendum
862 3841 912 3890 est
959 3841 1044 3904 Atque
1067 3841 1100 3892 de
1124 3843 1175 3892 boc
1199 3843 1304 3908 quidem
1326 3847 1409 3894 multo

198 3917 356 3979 probabilius
374 3915 494 3978 Kappius
513 3912 625 3962 coniecit
644 3925 723 3971 quam
743 3910 788 3958 alii
812 3910 846 3959 de
870 3910 930 3973 ipso
949 3909 1111 3975 Serapione,
1135 3915 1203 3964 adeo
1227 3916 1256 3964 ut
1275 3916 1409 3966 Valerium

199 4003 245 4036 non
262 3991 353 4046 triam,
378 3989 426 4036 sed
449 3985 574 4046 quattuor
597 3983 731 4032 bominum
756 3994 801 4030 res
823 3986 919 4048 gestas
943 3983 1097 4032 contudisse
1119 3987 1258 4048 appareat.
1299 3986 1409 4036 Praeter

201 4059 327 4108 Valerium
344 4061 440 4108 eadem
458 4055 574 4106 nominis
593 4053 776 4102 communione
788 4051 927 4115 deceptum
941 4055 1075 4103 auctorem
1090 4069 1197 4118 quoque
1216 4057 1273 4106 libri
1292 4059 1325 4107 de
1343 4058 1408 4107 ulrls

201 4129 338 4179 illustribus
357 4126 392 4179 tl
410 4129 488 4178 luade
506 4127 613 4189 lapsura
631 4137 695 4173 esse
713 4123 784 4172 illius
803 4123 893 4185 operis
911 4123 1069 4187 interpretes
1088 4127 1240 4179 docuerant.

262 4197 287 4252 ³.
306 4201 344 4251 cf.
364 4201 422 4250 Liu.
440 4198 567 4252 xxxia.
587 4192 621 4247 32
640 4199 667 4244 et
684 4190 728 4245 bb.
746 4193 853 4250 xalta.
875 4189 915 4246 ll.
934 4195 1010 4246 Arrct.
1029 4197 1062 4246 de
1080 4197 1128 4248 air.
1147 4199 1183 4247 ill.
1201 4193 1245 4249 56.

263 4283 355 4321 censor
363 4269 468 4337 sactus.
489 4265 675 4334 amplissima
692 4263 771 4314 etiam
788 4259 925 4329 dipadotis
939 4261 1062 4330 mudum)
1086 4268 1229 4317 consulatu
1249 4269 1276 4317 et
1294 4259 1424 4321 censura'

200 4339 279 4391 nullus
297 4344 355 4392 erat
374 4342 486 4404 amplior
503 4338 640 4406 dignitatis
659 4337 774 4405 gradus,
799 4337 904 4399 qualem
929 4339 1018 4387 lamen
1036 4339 1184 4388 obtinuisse
1207 4339 1278 4388 credi
1297 4341 1408 4392 deberet

200 4414 328 4474 Aemilios,
347 4413 371 4462 sl
389 4409 649 4476 praecedentetlnito
668 4409 751 4457 uerbo
761 4404 857 4472 sactus
874 4411 913 4457 cst
924 4421 972 4471 per
983 4406 1061 4459 etlam
1073 4408 1222 4458 consulatui
1238 4409 1264 4458 ct
1276 4425 1406 4462 censurae

200 4486 326 4546 tamquam
344 4499 442 4534 nouum
460 4483 567 4548 aliquod
585 4493 706 4529 summus
724 4479 874 4528 adiceretur
890 4479 985 4532 honos.
1022 4483 1189 4542 Quapropter
1207 4482 1279 4531 recto
1296 4481 1406 4550 Pighius

201 4555 289 4606 deleuit
305 4555 369 4605 illud
388 4558 434 4612 cst,
453 4554 532 4615 quod,
552 4566 612 4600 cum
630 4550 741 4600 abesset
757 4549 819 4598 olim
838 4563 856 4598 a
875 4551 966 4600 codice
983 4549 1126 4608 ilamensi,
1150 4551 1278 4602 recentior
1301 4554 1406 4604 demum

201 4641 286 4676 manas
303 4627 331 4677 in
349 4624 472 4694 margine
490 4621 631 4688 suppleuit.
668 4619 721 4671 Sed
740 4620 917 4670 iniuriaidem
927 4621 1039 4688 Pighius
1058 4620 1136 4670 eiecit
1153 4623 1309 4684 particulam
1328 4623 1406 4678 edcta

202 4699 313 4749 omnibus
330 4698 466 4749 codicibus
485 4695 681 4751 confirmatam,
704 4705 775 4753 quae
791 4690 902 4742 intendit
918 4691 972 4742 uim
991 4690 1125 4752 adiectiui,
1148 4692 1187 4743 ita
1209 4695 1238 4744 ut
1260 4697 1344 4761 probe
1361 4699 1408 4767 qul
