3409 5400
522 560 530 570 '
571 557 673 629 ztan.
693 554 754 642 nt,
772 557 814 631 u.
838 555 870 641 1.
892 571 924 641 s.
946 553 1050 632 aa·
1088 555 1098 616 ἶ
1349 557 1426 633 tutu

87 776 88 779 ,
188 721 319 810 inquit'
332 721 488 788 '‘minoria
509 723 583 788 iure
604 724 785 801 omnmo,
806 726 837 790 si
849 723 976 789 'decem
998 717 1192 788 arbusculas
1221 715 1297 788 inde
1320 715 1454 792 succt-'

87 852 89 889 ε
192 827 317 894 daro‘t
351 827 441 916 ‘ipso
460 827 578 895 'tricies
608 829 771 896 sesteruo’
799 826 975 898 Domitius,
1034 828 1124 895 tnnc
1158 827 1301 896 Crassus
1336 823 1428 898 ‘Vter

191 937 303 1024 igitur
323 934 520 1002 luxuriosior
535 951 596 1012 est.
620 957 738 1026 egone,
761 936 819 1027 qui
833 937 948 1004 decem
964 936 1135 1004 columnas
1152 931 1281 1004 centum
1296 937 1427 1004 milibus

87 1068 89 1109 t
189 1045 373 1109 nummum
395 1045 476 1118 cmi,
505 1065 549 1109 an
572 1055 623 1119 tu,
653 1044 709 1132 qui
732 1045 847 1111 decem
869 1043 1117 1111 arbusculam
1146 1035 1301 1110 umbram·
1319 1045 1427 1109 uicies

167 1148 348 1215 ssestertii
375 1171 508 1215 summa
539 1150 763 1238 conpensaa'i
797 1153 992 1218 Sermonem
1023 1147 1157 1218 oblitum
1184 1141 1294 1239 Pyrri,
1325 1152 1428 1216 inme·

195 1259 337 1321 m'orcm‘
352 1254 547 1321 Hannibalis
573 1259 707 1345 iamque
735 1260 1028 1324 benamarinurum
1059 1257 1297 1346 stipendiorum
1325 1248 1428 1322 abun·

197 1363 318 1429 dantia
353 1364 547 1429 oscitantem
581 1375 613 1428 et
643 1367 764 1451 quanto
798 1363 907 1432 umen
945 1355 1187 1454 insequentium
1221 1357 1429 1432 saeculorum

198 1470 363 1535 aedificiis
386 1483 418 1533 et
440 1471 629 1535 nemoribus
654 1474 881 1558 angustiorem
905 1481 1039 1560 †quan1
1062 1465 1309 1538 introduxerunt
1331 1463 1428 1559 atque

197 1575 393 1642 inchoatam
419 1583 449 1641 a·
464 1597 502 1640 se
523 1577 684 1644 lautitiam
706 1581 849 1665 posteris
871 1578 1054 1666 relinquere
1084 1571 1183 1667 quam
1207 1601 1229 1647 a
1250 1579 1428 1648 muodbus

158 1701 189 1746 so
200 1689 374 1771 acceptam
397 1687 628 1752 continentiam
651 1686 790 1750 rotinere
812 1685 1006 1754 meluerunt.
1295 1699 1297 1704 '
1412 1677 1415 1682 ¹

205 1861 230 1916 l.
250 1864 352 1916 minure
375 1859 428 1915 ed
446 1868 472 1915 cl
488 1879 534 1932 pr.
552 1861 585 1919 A.
631 1863 700 1932 ture]
726 1867 820 1920 tenore
839 1863 901 1920 OE.
919 1865 932 1932 ll
951 1865 1105 1918 arbustulas
1122 1862 1160 1920 D.
1176 1862 1189 1933 ΙΙ
1205 1859 1232 1920 2.
1250 1865 1310 1932 ipsu
1326 1861 1391 1920 EF.

203 1935 339 1986 scxtercio
357 1929 475 1986 uber
488 1939 514 1986 ct
526 1949 571 2004 pr.
589 1863 619 1989 ri.
634 1933 647 2006 ll
662 1939 791 1988 domicius
808 1934 841 1991 A.
861 1939 985 1989 domitius
1004 1937 1088 2001 inquit
1104 1933 1142 1990 D.
1166 1937 1292 1988 domitius
1311 1939 1348 1988 alt
1366 1863 1428 1990 Fll.

204 2009 245 2057 ait
263 2007 394 2057 Domitius
415 2003 492 2057 Torr.
508 2005 523 2074 ll
538 2011 593 2060 turn
612 2005 644 2062 Γ.
654 2006 669 2075 ΙΙ
685 2009 814 2076 crassus}
836 2006 900 2062 uda
918 2003 998 2060 bians
1011 2006 1042 2062 1².
1053 2007 1067 2075 ll
1078 1999 1108 2061 3ss
1123 2010 1283 2060 luxuriosior
1297 2021 1342 2076 pr.
1359 1999 1392 2060 A.
1404 2007 1419 2078 ΙΙ

203 2075 232 2128 i.
251 2078 449 2128 arbustularum
462 2075 499 2131 D.
511 2077 657 2146 numbram
671 2078 773 2147 tricies]
792 2077 896 2132 Mnus
913 2096 942 2132 m
959 2081 991 2130 trl
1009 2078 1038 2130 in
1055 2093 1152 2132 russea
1164 2077 1196 2132 A.
1216 2081 1337 2132 umbram
1356 2081 1430 2130 circa

203 2147 295 2199 tricies
316 2140 437 2214 chile.
456 2151 611 2201 sextertium
631 2147 750 2202 CDEF
766 2155 792 2201 et
803 2165 849 2218 pr.
868 2149 900 2204 A.
925 2151 1077 2202 sestertium
1097 2163 1166 2204 corr.
1185 2147 1218 2210 A,
1242 2145 1344 2219 Yon-{l
1357 2163 1430 2218 surn-

205 2235 280 2272 mam
294 2217 318 2272 c
333 2223 359 2270 et
376 2233 445 2274 eurr.
457 2218 490 2272 A.
500 2217 515 2286 ΙΙ
525 2219 552 2273 l.
570 2223 747 2272 obscitantem
756 2217 787 2276 F.
802 2221 816 2289 ΙΙ
829 2223 857 2273 et
868 2221 978 2290 quanto]
992 2223 1129 2286 aliquanto
1142 2218 1255 2275 DTurr.
1269 2219 1282 2288 ll
1296 2219 1322 2274 8.
1336 2218 1428 2286 quaml

205 2291 333 2356 quoniam
352 2287 430 2343 Ture.
441 2287 456 2358 ΙΙ
467 2293 667 2344 introduxerunt
683 2291 775 2359 atque]
793 2307 843 2346 ost.
864 2290 941 2346 Turn
959 2293 1160 2349 introduxerunt
1176 2293 1267 2358 itaque
1283 2289 1323 2347 D.

708 2392 924 2412 *-

205 2453 280 2504 sario
298 2453 435 2522 genitiuos
453 2453 633 2514 desideretur,
657 2467 737 2520 quem
754 2455 918 2506 recentiores
937 2451 1038 2506 librarii
1056 2453 1248 2506 substituerunt
1271 2453 1299 2504 et
1321 2465 1428 2518 recepe·

206 2525 268 2576 runt
284 2525 462 2594 grammatici.

279 2593 372 2647 tricies
387 2593 504 2647 sestertii
519 2601 630 2654 umus)
646 2595 744 2650 Notum
763 2598 850 2650 estin
869 2598 1000 2665 pecuniae
1012 2597 1124 2648 summis
1143 2597 1204 2649 inde
1223 2613 1240 2648 a
1259 2595 1349 2648 decies
1368 2609 1429 2648 can·

208 2668 278 2720 tanis
301 2667 422 2726 mitibus.
447 2668 557 2719 omissis
581 2669 660 2721 simul
681 2669 878 2729 numeralibus.
902 2671 999 2733 quibus
1018 2672 1131 2721 centena
1153 2669 1227 2721 milia
1245 2667 1431 2739 significantur

208 2737 355 2791 sestertium
373 2741 528 2792 neutraliter
548 2742 611 2805 poni
636 2743 665 2791 et
686 2742 860 2810 singulariter
876 2742 944 2793 iteuti
967 2744 994 2793 in
1018 2742 1103 2793 attera
1124 2741 1309 2793 declinatione.
1345 2744 1438 2801 Quem,

209 2826 309 2862 morem
328 2812 452 2862 Valerius
471 2812 575 2876 quidem
595 2814 749 2870 constanter
767 2813 933 2871 obseruauil‚
958 2828 1017 2863 cum
1042 2814 1150 2879 praeter
1173 2827 1221 2871 es,
1246 2826 1315 2879 ques
1332 2811 1363 2867 in
1378 2812 1431 2863 hoc

209 2882 332 2947 exemplu
351 2884 512 2946 composuit.
535 2880 654 2948 macies
675 2882 794 2935 sestertio
818 2884 845 2935 at
863 2880 954 2935 tricies
970 2881 1102 2941 sutertiu.
1127 2882 1178 2940 lli.
1202 2878 1233 2941 l,
1259 2878 1272 2934 i
1293 2876 1431 2946 scripserit

207 2951 324 3005 sestertii
340 2950 499 3021 puudrupies
516 2951 644 3005 ratiosess
661 2967 799 3023 reposcere
817 2957 844 3007 at
861 2952 973 3009 reddere
991 2954 1065 3021 (bis),
1089 2958 1116 3007 et
1132 2955 1230 3005 ibidem
1249 2949 1319 3021 paud
1334 2980 1371 2991 ·-
1390 2948 1432 3002 llis

210 3022 304 3076 milies
319 3023 439 3077 sestertio
457 3021 564 3077 uberim
574 3022 644 3091 seui.
663 3031 691 3077 ct
708 3028 786 3077 sextu
804 3026 884 3079 huius
903 3028 999 3091 cepitis
1013 3026 1136 3091 exempto
1148 3022 1205 3093 filii
1222 3022 1362 3076 sescenties
1378 3038 1430 3075 ses·

210 3094 313 3147 terum
331 3095 402 3147 uerit
419 3094 501 3146 etiem
518 3096 628 3164 aspecit
664 3097 758 3159 ltaque
775 3098 828 3149 boc
841 3112 946 3164 quoque
965 3099 1033 3155 ioco.
1053 3098 1151 3162 dequo
1167 3094 1283 3165 agimm.
1303 3096 1337 3145 ad
1356 3094 1430 3145 ittam

210 3182 329 3219 normam
347 3164 464 3217 sestertii
482 3170 663 3231 reponendum
680 3170 773 3233 putaui
791 3184 840 3234 pro
862 3167 1033 3235 satutem.
1050 3170 1121 3230 quud
1145 3168 1280 3219 codicibus
1304 3168 1430 3217 traditum

211 3238 372 3287 confidenter
390 3242 552 3300 acceperunt
569 3239 695 3293 editores.
730 3238 899 3299 Perizonius,
924 3241 969 3303 qni
992 3241 1018 3289 irt
1038 3238 1100 3288 terri
1119 3254 1171 3289 non
1190 3252 1274 3301 posse
1292 3238 1429 3293 intellexit.

210 3320 320 3363 mu.
345 3309 414 3372 quud
438 3309 570 3372 sequitur.
594 3324 612 3357 a
634 3309 788 3377 glossatore
811 3310 944 3363 adiectum
969 3311 1129 3373 opinabatur
1151 3309 1178 3358 et
1203 3308 1346 3375 legendum
1366 3320 1431 3355 esso

213 3377 322 3429 coniecit
339 3373 457 3428 umbram
475 3383 567 3427 coebo
586 3376 677 3430 tricies
692 3377 839 3430 emeruerit
863 3394 1030 3447 compensas,
1057 3380 1180 3430 suidelicot
1204 3379 1266 3442 quia
1289 3377 1316 3427 in
1339 3375 1430 3426 moitis

212 3449 346 3499 codicibus
364 3445 438 3498 circu
455 3446 562 3502 tricies.
581 3450 651 3510 quod
671 3450 787 3499 sonasse
805 3451 886 3500 etiarn
905 3451 931 3499 in
951 3452 1098 3514 archetypo
1118 3450 1184 3498 libro
1204 3450 1275 3503 erat,
1300 3449 1327 3497 tn
1346 3448 1430 3507 Cupe-

212 3521 286 3569 aiano
305 3533 355 3569 suu
374 3522 467 3569 contra
483 3516 573 3569 tricies
591 3520 717 3582 scripturn
742 3521 853 3571 uiderat.
896 3522 996 3571 Vereor
1019 3522 1109 3569 autem
1134 3523 1162 3568 ut
1186 3518 1253 3567 sniis
1272 3518 1368 3568 Latine
1385 3532 1429 3568 res

212 3595 303 3641 contra
320 3592 401 3640 attam
420 3590 588 3654 compensari
607 3590 723 3649 dicatur,
742 3604 803 3641 curn
821 3592 942 3647 ueteres.
966 3592 1037 3654 qrrod
1058 3591 1179 3652 equidem
1199 3590 1297 3648 sciam.
1322 3602 1430 3653 semper

212 3662 327 3712 abiatiuo
344 3660 411 3721 (etia
428 3664 469 3722 re)
485 3666 533 3710 sut
549 3663 748 3724 praepositione
766 3676 824 3711 cusa
840 3666 910 3720 (cuns
923 3660 977 3713 otiu
990 3668 1029 3722 re)
1047 3663 1073 3710 in
1092 3663 1144 3710 bac
1163 3661 1294 3711 locutionc
1313 3662 1355 3710 nsi
1368 3662 1430 3713 sint.

214 3734 287 3783 Paris
305 3734 507 3841 inpeompendio
525 3732 632 3797 scripsit
650 3747 686 3784 ua
703 3738 739 3793 ta,
758 3730 803 3800 psi
820 3728 907 3785 wem
926 3728 1124 3785 urbtcsculurum
1142 3727 1259 3782 ambrum
1277 3728 1329 3783 HS
1346 3728 1435 3783 XXX

213 3803 340 3856 sunna.

281 3879 298 3939 †
320 3890 398 3942 psum
420 3872 621 3927 summersae
643 3880 720 3943 utque
741 3873 900 3929 iacinctum
926 3877 993 3929 Dedi
1017 3877 1141 3926 librorum
1168 3890 1272 3926 summu
1296 3888 1430 3927 consensu

214 3946 391 3999 confirmatam
410 3949 583 4011 scripturam.
608 3948 684 3997 cuius
708 3948 827 4011 pluribus
852 3950 923 3999 uitiis
950 3949 1102 4015 inquinatae
1120 3948 1285 4012 probabilem
1304 3948 1429 3999 emenda·

213 4020 306 4069 tionem
325 4032 413 4080 neque
431 4022 493 4068 ante
511 4034 555 4069 me
572 4019 714 4082 quisquam
732 4019 841 4077 inuenit.
864 4034 950 4082 neque
969 4020 1028 4083 ipse
1048 4018 1143 4072 babeo.
1181 4018 1248 4069 Nam
1267 4020 1294 4069 in
1312 4021 1431 4089 rsuigatis

214 4091 407 4153 exemplaribus
419 4105 472 4140 non
486 4092 564 4141 modu
583 4090 753 4140 sollicitatum
771 4093 830 4141 erat
847 4094 917 4153 quod
932 4106 984 4141 non
1002 4092 1126 4147 debebat.
1146 4106 1204 4140 cnm
1224 4091 1285 4141 inde
1305 4106 1322 4139 a
1334 4092 1430 4159 Pigbio

213 4158 343 4227 siponto
360 4161 484 4212 ederetur
501 4177 550 4225 pru
568 4166 594 4212 ct
610 4165 714 4227 qanto,
733 4176 826 4212 uarum
839 4162 919 4211 etiarn
938 4162 1079 4223 seqtrentia
1098 4162 1178 4228 longe
1195 4163 1287 4211 relicta
1304 4162 1431 4212 librorum

213 4233 342 4296 scriptura
358 4232 449 4297 inepte
466 4233 506 4281 ita
523 4232 668 4283 constitute
685 4239 762 4283 arant
778 4231 911 4299 (monum
930 4231 1077 4283 tremulum
1096 4247 1112 4282 u
1130 4246 1159 4283 sc
1176 4230 1332 4289 luctificos).
1351 4234 1431 4294 quasi

213 4304 268 4353 ideo
288 4316 378 4354 sermo
396 4318 488 4353 curum
506 4305 594 4353 minua
613 4303 710 4354 uisset
721 4305 876 4355 luxuriosus
889 4318 967 4369 quam
982 4304 1157 4369 posteriorum
1170 4307 1317 4367 temporum
1331 4314 1430 4355 mores.

214 4374 278 4440 qued
301 4376 339 4424 iili
363 4380 502 4439 acceptam
525 4389 544 4425 a
570 4374 718 4424 maioribus
740 4375 929 4425 continentiam
952 4377 1066 4425 retinere
1095 4376 1252 4425 noluissent.
1301 4374 1431 4423 Perizonti

215 4444 388 4496 cunimurann
405 4446 496 4513 maffia
514 4448 623 4511 propter
641 4446 759 4495 aecimis
776 4446 912 4513 ingenium
936 4462 969 4496 ac
991 4458 1088 4497 nomen
1114 4461 1193 4511 qnam
1218 4448 1327 4509 propter
1345 4446 1431 4509 ipsius

214 4517 402 4580 praestantiam
420 4530 613 4573 commentum
639 4516 827 4581 suspicabatur
850 4519 922 4567 enim
936 4518 985 4585 ⁴uir
1009 4518 1181 4567 doctissimus
1204 4516 1347 4585 legendum
1366 4530 1432 4566 esse

214 4591 239 4637 et
251 4592 346 4655 pusato
363 4592 418 4637 tun
435 4614 471 4628 -
488 4587 664 4654 mittimus
685 4585 768 4639 ritsra
788 4584 991 4639 emerserunt
1007 4587 1053 4655 qui
1075 4586 1223 4638 irremotum
1246 4592 1297 4637 etc.
1338 4586 1431 4655 Neque

215 4659 297 4728 magis
316 4660 405 4724 placat
429 4661 498 4726 quud
522 4659 644 4724 Kappius
667 4658 818 4724 proposuit.
838 4663 866 4709 et
882 4664 977 4727 quasia
996 4662 1081 4709 tumes
1099 4682 1135 4696 -
1152 4656 1326 4725 mutierem
1350 4656 1430 4709 rilint

215 4724 432 4781 mamre
461 4728 543 4797 Aipes'
567 4727 716 4799 inmun
745 4732 797 4781 eto.
837 4726 953 4796 Scripsit
986 4730 1107 4781 tortasse
1130 4730 1254 4781 Valerius
1270 4720 1309 4797 ⁴et
1333 4732 1429 4797 quantu

216 4804 294 4853 isses
311 4823 348 4843 -·
364 4800 553 4868 metent
579 4798 663 4861 stas
674 4802 727 4867 (se.
739 4805 905 4871 mensu)
923 4798 1126 4855 mmmm
1139 4796 1186 4868 ps
1204 4798 1351 4853 imbertum
1363 4804 1429 4862 etc,

1166 4889 1237 4957 4³*
