3409 5400
578 486 660 554 LIB.
684 485 727 565 V,
751 487 788 553 G.
813 488 844 563 o,
867 486 940 554 lixt.
963 495 994 563 i·
1018 488 1049 554 5·
1098 514 1108 535 ¹
1353 492 1419 559 445

287 648 435 715 quenali
459 649 576 715 ardore
600 649 697 737 plena
723 648 807 715 haec
836 651 954 737 pietas.
1017 647 1209 715 Aristoteles
1236 673 1333 729 uero,
1364 652 1460 722 su·5.

200 778 333 844 premas
356 760 441 823 uitae
465 756 620 845 reliquias
645 758 801 823 senilibus
827 780 866 822 ac
889 758 1023 845 rugosis
1049 758 1205 823 membris
1234 760 1268 822 ih
1291 780 1420 824 summo
1448 780 1457 794 ·

200 864 379 931 litterarum
404 866 470 929 otio
495 865 559 928 uinv
573 864 777 939 custodiens,
807 863 891 929 adeo
915 864 1060 928 ualenter
1083 888 1143 951 pro
1167 865 1272 930 salute
1295 867 1420 950 patriae

201 971 357 1047 incubuit,
380 983 414 1036 ut
426 992 499 1035 eam
514 970 689 1037 hostilibus
713 973 813 1037 armis
838 972 910 1036 solo
927 984 1113 1058 aequatam,
1136 974 1170 1037 in
1186 972 1302 1037 lectulo
1320 970 1420 1035 Athe·

71 1114 74 1148 3·
177 1079 308 1143 baiensi
339 1079 463 1152 iacens,
495 1080 679 1166 etquidem
701 1077 924 1143 Macedonum
951 1080 1118 1156 manibus,
1151 1081 1268 1168 quibus
1296 1079 1423 1143 abiecta

203 1196 282 1261 erat,
306 1186 457 1273 erigeret.
501 1184 551 1251 lta
572 1208 633 1251 aaa
656 1193 719 1272 tam
741 1186 819 1251 urbs
848 1197 951 1251 strata
978 1197 1074 1274 atque
1102 1210 1220 1253 euersa
1243 1186 1423 1253 Alexandri

204 1285 303 1379 quam
330 1293 477 1358 restituta
506 1292 691 1359 Aristotelis
719 1304 831 1359 notum
862 1304 913 1358 est
942 1315 1035 1380 opus,
1093 1296 1187 1361 Patet
1215 1317 1294 1383 ergo
1323 1316 1422 1383 quam

203 1399 367 1487 benignae
390 1422 552 1489 quamque
573 1402 729 1487 profusae
750 1402 881 1486 pietatis
904 1423 986 1490 erga
1008 1403 1147 1488 patriam
1168 1405 1313 1469 omnium
1336 1402 1423 1468 ordi·

207 1577 230 1631 i.
250 1580 276 1645 s.
295 1574 320 1631 5.
340 1594 389 1631 am.
408 1576 437 1632 Γ.
454 1580 467 1647 ΙΙ
486 1581 592 1633 iuuenili
610 1579 703 1633 Dur
719 1586 745 1632 et
761 1596 831 1632 corr.
853 1579 887 1637 C.
916 1578 992 1634 Torr.
1011 1578 1023 1653 ΙΙ
1043 1579 1069 1635 3.
1087 1584 1209 1635 ualenter
1227 1585 1295 1633 adeo
1313 1580 1347 1633 E.
1367 1582 1379 1648 ΙΙ
1398 1578 1424 1633 4.

204 1651 360 1718 hostilibus}
381 1654 416 1703 ab
435 1653 558 1703 hostibus
577 1650 671 1704 DEF.
684 1650 697 1719 ΙΙ
709 1655 791 1703 armis
810 1670 860 1706 om.
879 1649 940 1722 Ε.ΙΙ
955 1658 1122 1721 aequandam
1137 1669 1183 1722 pr.
1202 1652 1237 1706 Ε.
1254 1648 1305 1719 115.
1325 1656 1351 1704 et
1369 1654 1424 1714 qui·

206 1722 277 1789 dem]
293 1748 333 1775 ee
353 1725 386 1775 dc
405 1750 418 1775 ι
437 1721 468 1775 Α.
488 1725 609 1787 equidem
630 1721 685 1777 cF.
706 1726 827 1787 equidem
847 1727 881 1776 dc
898 1725 934 1778 E.
953 1729 1069 1791 equiturn
1087 1724 1121 1777 E.
1140 1740 1190 1777 om.
1211 1723 1286 1777 Tarr.
1301 1723 1314 1790 ΙΙ
1328 1738 1425 1775 manus

205 1788 240 1845 E.
261 1795 294 1844 de
312 1796 436 1845 manibus
457 1793 532 1847 Torr.
545 1795 691 1863 'ischiacis
707 1794 744 1848 D.
764 1799 870 1848 adiecta
888 1796 923 1850 E.
943 1798 956 1866 ΙΙ
975 1796 1001 1849 u.
1024 1798 1139 1861 eriperet
1156 1793 1414 1863 subarraret}

207 1880 259 1915 non
278 1865 345 1931 tem]
365 1870 428 1932 post
447 1870 510 1917 urbs
529 1881 599 1918 corr.
617 1864 661 1921 D.
684 1864 760 1920 Torr.
786 1884 834 1921 om.
856 1867 939 1921 CEF
953 1875 978 1921 et
991 1884 1036 1936 pr.
1054 1867 1121 1921 AD.
1137 1867 1151 1935 ΙΙ
1166 1867 1243 1932 urbs]
1266 1865 1358 1918 ultima
1375 1863 1424 1918 litt.

206 1934 235 1986 ire
253 1950 349 1988 rasura
368 1934 399 1991 Α.
412 1934 426 2004 ΙΙ
438 1935 463 1990 l.
483 1938 559 2007 ergo]
580 1940 660 2006 igitur
678 1935 706 1989 F.
719 1934 768 2007 118.
787 1940 924 2004 profuisse
942 1938 971 1995 F.

707 2047 920 2058 ———

209 2096 402 2154 liciscereutur.
432 2100 565 2149 denotatio
589 2100 626 2149 ita
655 2100 736 2151 amre
765 2116 813 2167 que
838 2104 946 2171 adiungi
975 2118 1058 2167 posse
1082 2105 1194 2154 uidetur.
1240 2100 1332 2152 Simile
1355 2102 1427 2151 certe

209 2171 360 2235 exemplum
379 2170 479 2220 trustra
497 2171 629 2233 quaesiui.
672 2172 815 2221 Confirmat
834 2175 1013 2238 suspicionem
1031 2190 1121 2225 meum
1138 2174 1221 2225 lulius
1240 2173 1330 2232 Paris,
1352 2173 1427 2221 cuius

210 2242 393 2307 compendium
413 2242 481 2303 haec
500 2243 558 2293 sine
577 2244 673 2306 copula
691 2243 785 2293 eodem
805 2246 885 2293 modo
904 2246 990 2305 etl‘crt.
1009 2262 1062 2308 quo
1081 2259 1131 2295 nos
1149 2259 1241 2307 supra.

210 2382 222 2430 I
281 2306 307 2364 5.
326 2312 448 2433 Ct41’liu.
467 2314 493 2364 h.
512 2328 538 2365 n.
559 2312 613 2372 vti,
633 2308 676 2365 29.
695 2313 763 2367 Plut.
782 2314 857 2367 Alex.
877 2314 903 2366 i.
921 2316 980 2366 Ael.
999 2333 1025 2368 u.
1038 2318 1063 2367 h.
1082 2317 1127 2375 111,
1148 2312 1189 2367 ll.
1208 2314 1267 2372 xli,
1286 2309 1329 2366 5⁴.
1347 2314 1428 2380 Diog.

224 2384 301 2433 meet.
319 2384 351 2442 V,
389 2422 396 2435 .

282 2456 419 2522 supremae
437 2453 509 2506 uitae
526 2453 663 2523 reliquias)
686 2455 843 2521 Suspicatur
862 2459 1015 2509 Perizonius
1038 2460 1181 2526 legendum
1204 2470 1268 2507 esse
1286 2468 1429 2523 supremas.

210 2527 248 2575 ita
265 2528 294 2575 ut
312 2528 346 2575 ad
365 2523 491 2594 reliquias
508 2528 638 2578 referatur
651 2529 818 2586 adiectiuum‚
837 2544 950 2591 quocum
964 2544 1046 2581 sensu
1065 2531 1201 2581 cohaeret.
1236 2529 1270 2577 Et
1282 2528 1351 2578 solet
1363 2540 1430 2577 sune

211 2598 249 2647 ita
267 2599 338 2663 loqui
357 2598 490 2649 Valerius.
528 2600 698 2662 Comparauit
706 2600 861 2650 Perizonius
880 2602 924 2658 Vl,
943 2598 969 2660 2,
990 2598 1032 2660 10,
1051 2598 1240 2667 obstipuerunt
1255 2603 1293 2649 tet
1309 2596 1431 2664 ieqicaes,

211 2672 264 2718 tam
281 2664 403 2722 robustas
420 2669 559 2723 senectutis
581 2670 708 2740 reliquias
730 2671 865 2726 inistentes.
910 2675 1017 2725 Poterat
1044 2675 1124 2725 ettam
1149 2673 1231 2723 citare
1254 2671 1304 2730 111,
1329 2666 1359 2728 2,
1385 2666 1428 2726 ts.

207 2739 332 2807 paruulis
351 2746 376 2792 et
394 2741 514 2793 ectremis
530 2741 642 2810 spiritus
659 2743 779 2812 reliquiis
802 2761 834 2796 ae
856 2762 899 2799 ree
916 2743 1027 2815 publica
1049 2744 1185 2812 expiraret
1206 2741 1305 2809 effecit,
1331 2744 1358 2792 et
1381 2741 1428 2793 lX.

215 2807 256 2870 12,
280 2815 333 2863 ext.
352 2809 382 2872 8,
401 2817 489 2865 tenues
512 2819 538 2864 et
558 2813 638 2866 eaiier
660 2815 757 2868 uirium
780 2815 914 2884 reliquias.
956 2817 1010 2868 Sed
1033 2819 1087 2886 ianr
1110 2818 1137 2866 in
1160 2814 1325 2880 praefatione
1348 2827 1374 2876 p.
1393 2806 1427 2861 37

213 2885 363 2934 monuimus
392 2886 462 2935 hunc
484 2887 640 2949 scriptorem
670 2901 865 2952 saepenumero
893 2891 1025 2940 edicctiua
1054 2906 1073 2938 a
1100 2888 1227 2953 primario
1251 2884 1428 2939 substantiae,

212 2969 326 3016 quocum
350 2957 500 3006 sententiae
522 2972 592 3007 nexu
617 2961 773 3015 cohaerent.
802 2962 934 3025 dirempta
958 2977 1017 3011 cum
1041 2962 1094 3010 alio
1118 2960 1224 3009 nornine
1248 2956 1428 3006 coniimxisse.

213 3027 281 3090 quod
306 3029 341 3076 ab
364 3028 408 3078 illo
434 3030 602 3079 substantiae
626 3031 746 3094 pendens
770 3033 890 3097 genitino
914 3047 980 3081 casu
1002 3034 1119 3096 positam
1143 3032 1193 3080 est
1235 3028 1274 3078 Ci.
1298 3040 1369 3091 quae
1393 3025 1430 3074 ibi

214 3099 342 3164 congessi
360 3101 492 3163 exempla.
529 3100 621 3166 ltaque
639 3115 673 3152 ne
691 3103 743 3152 hoc
763 3104 866 3166 quidem
886 3105 945 3153 loco
964 3105 1106 3169 quidquam
1124 3100 1287 3151 mutandum.
1348 3130 1352 3136 ·
1409 3136 1413 3142 .

285 3172 311 3218 et
333 3166 436 3235 quidem
459 3168 632 3222 Macedonum
655 3169 784 3234 manibus)
814 3173 959 3240 Archetypi
989 3175 1088 3224 codicis
1117 3174 1249 3236 scripture
1271 3171 1340 3220 haee
1362 3168 1429 3222 erat.

215 3235 332 3304 equidem
355 3237 529 3290 Macedonum
546 3239 679 3297 manibus.
704 3241 797 3310 quibus
821 3243 923 3296 abacta
947 3250 1019 3298 erat.
1045 3243 1165 3311 eriperet.
1208 3246 1293 3301 Quam
1317 3239 1431 3307 egregie

215 3310 299 3358 Aldus
324 3325 357 3359 ex
380 3311 556 3374 interpolato,¹
577 3315 605 3362 ut
631 3315 736 3377 opinor,
765 3315 831 3365 libro
855 3318 1007 3365 emendauit
1030 3317 1137 3365 sublato
1162 3313 1240 3362 solito
1262 3311 1431 3359 librariorum

216 3395 315 3438 errore,
334 3376 451 3446 equidem
460 3398 508 3445 pro
528 3379 673 3449 etquidem.
693 3386 847 3446 mutatoque
859 3385 973 3452 eriperet
984 3388 1010 3434 in
1024 3384 1141 3450 eriperet.
1178 3383 1271 3442 Neque
1284 3381 1354 3430 enim
1367 3379 1431 3427 urbs

217 3467 234 3499 a
252 3453 444 3502 Macedonibus
464 3455 568 3502 abiectu
587 3457 613 3503 et
631 3457 690 3504 solo
709 3461 838 3516 aequata,
863 3458 918 3505 iam
937 3472 996 3505 cum
1020 3459 1128 3505 erectore
1147 3452 1291 3503 Aristotele
1308 3450 1431 3499 restitue·

218 3525 301 3577 retur.
327 3523 392 3586 eripi
416 3525 451 3572 ab
475 3539 507 3573 co
529 3525 706 3574 Macedonum
729 3527 852 3574 menibus
876 3527 926 3575 dici
951 3529 1069 3589 poterat.
1094 3525 1224 3585 siquidem
1247 3522 1315 3586 ipsis
1341 3534 1432 3569 cortun

217 3593 340 3643 manibus
359 3595 481 3644 restituta
499 3599 549 3646 est.
587 3597 699 3645 Omnem
717 3595 829 3646 Aldinae
848 3597 1025 3645 emendationi
1043 3595 1233 3646 dubitationem
1251 3593 1367 3642 eximere
1386 3607 1432 3654 po·

216 3665 271 3714 test
295 3664 423 3715 Aelianus
446 3665 482 3714 lli
502 3682 526 3718 u.
545 3667 572 3717 h.
594 3662 639 3722 ll.
660 3663 829 3737 Ἀριστοτέλης
846 3662 937 3728 diaria
954 3663 1045 3717 terrori
1059 3663 1175 3739 πατρίδα
1192 3662 1223 3715 ei
1239 3659 1268 3714 ri
1290 3659 1434 3732 λεγόμενον

219 3731 339 3799 dimisa
357 3737 394 3794 etc
409 3733 476 3806 ydra
493 3733 622 3791 πεσοῦσαν
639 3734 695 3788 ἀλλ’
718 3735 759 3788 ini
782 3732 809 3786 ri
828 3734 911 3807 στόμα
929 3735 1104 3802 ἀνέστησεν
1121 3728 1208 3794 αὖθις.
1243 3735 1334 3784 Erexit
1354 3733 1434 3801 igitur

218 3807 375 3859 Aristoteles
394 3810 507 3873 patriam
525 3809 656 3859 abiectam
677 3811 711 3866 ot,
730 3810 800 3870 quod
820 3811 907 3857 maius
926 3812 981 3867 est,
1005 3810 1090 3859 erexit
1107 3823 1167 3860 earn
1186 3808 1282 3857 iisdem
1300 3807 1432 3859 manibus.

219 3881 314 3944 quibus
327 3881 433 3930 abiecta
445 3883 510 3932 erat.
541 3885 616 3942 Quae
628 3893 679 3946 quo
692 3883 754 3930 sunt
765 3881 894 3942 planiora,
908 3895 941 3930 eo
951 3883 1039 3949 magis
1052 3882 1198 3931 mirandum
1212 3880 1283 3941 quod
1296 3878 1434 3938 bucusque

219 3965 308 4020 nugae
331 3952 394 4002 illae
416 3953 596 4009 librariorum.
627 3953 687 4001 aliis
715 3953 949 4019 grammaticorum
973 3955 1109 4002 erroribus
1132 3953 1240 4007 ariciae,
1272 3949 1384 3999 stabiles
1407 3947 1433 3996 in

220 4024 338 4091 uolgatis
361 4024 492 4086 exemplis
516 4027 727 4086 permanserunt.
768 4024 916 4074 Probarunt
940 4026 1029 4077 tamen
1052 4025 1121 4089 quod
1144 4037 1195 4073 nos
1219 4021 1349 4072 edidimus
1370 4017 1434 4068 Τοτ·

187 4147 195 4164 ,
220 4096 310 4144 reuius
333 4096 361 4144 et
384 4095 517 4158 Kappius.
543 4095 593 4145 nisi
613 4096 681 4160 quod
706 4095 764 4152 ille,
790 4110 849 4144 crim
873 4096 948 4144 multi
971 4096 1077 4145 codices
1101 4095 1245 4144 exhibeant
1262 4088 1379 4159 equidem
1402 4087 1435 4138 de

220 4162 339 4215 matribus
362 4166 409 4214 aut
431 4161 548 4232 equidem
572 4161 605 4216 de
627 4163 794 4216 macedonum
817 4163 948 4220 maribus,
979 4168 1121 4234 legendum
1139 4166 1326 4229 suspicabatur
1343 4174 1435 4212 eorua·

221 4233 327 4303 deraque
349 4233 522 4287 Macedonum
546 4234 672 4290 muudus.
717 4238 812 4287 Restat
841 4239 995 4305 ambiguum
1024 4239 1085 4288 illud
1115 4235 1144 4286 ire
1171 4234 1264 4286 lectulo
1286 4228 1436 4285 Atheniensi

220 4306 324 4362 iaceres.
345 4311 423 4373 quod.
444 4309 494 4358 nisi
513 4309 598 4358 lucum
611 4309 751 4376 significet,
772 4324 823 4373 quo
835 4311 897 4358 tunc
906 4311 1033 4374 temporis
1048 4310 1173 4358 uersatus
1186 4310 1222 4357 sit
1236 4321 1321 4356 senex
1334 4303 1434 4353 Aristo·

219 4381 297 4438 tetes,
318 4381 378 4445 quid
397 4381 449 4429 sibi
466 4380 530 4429 ucllt
548 4395 600 4430 non
619 4393 759 4445 assequor.
793 4380 895 4430 Locum
914 4396 978 4431 uero
996 4382 1035 4431 ite
1052 4382 1166 4430 describi
1178 4379 1300 4442 potuisse
1320 4376 1363 4423 uix
1379 4385 1435 4421 cre·

221 4451 341 4506 diderim
378 4453 544 4515 Quapropter
562 4466 621 4500 cum
641 4453 745 4516 Kappio
763 4452 842 4502 uelde
861 4452 951 4502 dubito
970 4469 1005 4502 an
1018 4452 1141 4501 Valerius
1159 4448 1280 4514 posuerit
1297 4446 1325 4496 ia
1343 4440 1436 4494 lectulo

221 4520 329 4574 Attenia
345 4520 444 4576 iaceas.
465 4525 534 4588 quod
553 4524 640 4586 ipsum
660 4525 779 4572 scodice
798 4524 824 4572 in
843 4524 951 4586 reliquis
964 4525 1030 4573 mire
1042 4523 1201 4586 interpolato
1219 4522 1300 4584 atque
1313 4517 1435 4578 corrupto

221 4595 380 4646 exhibuerat
398 4593 512 4644 loannes
532 4593 640 4644 Saresb.
660 4593 753 4648 Poticr.
772 4594 827 4652 Vll,
846 4591 872 4644 u.

292 4661 336 4716 lta
353 4669 475 4716 acutam
492 4662 557 4717 urbe
573 4669 670 4726 strata)
695 4665 841 4716 Miscentur
864 4667 890 4716 in
912 4668 957 4716 his
979 4666 1147 4716 librariorum
1170 4666 1198 4714 et
1214 4661 1299 4727 ipsias
1319 4660 1436 4710 sudoris

221 4751 337 4794 errores.
373 4737 443 4788 Nam
460 4735 570 4808 Stagira
588 4739 652 4792 urbe
669 4751 723 4788 non
741 4739 776 4788 ab
794 4737 946 4791 Alexandro
965 4751 1063 4791 euersa
1081 4736 1152 4797 erat,
1176 4735 1225 4787 sed
1247 4750 1265 4784 a
1282 4733 1358 4800 patre
1375 4731 1436 4782 Phi·
