3409 5400
307 666 360 733 le.

307 1088 359 1155 17.

309 1830 361 1894 18.

371 506 436 573 172
812 498 877 568 uu
896 497 1150 567 MIRACVLIS.

459 663 502 729 Et
528 671 627 750 poeta
656 659 827 747 Antipater
857 660 1016 727 Sidonius
1045 660 1199 726 omnibus
1229 662 1311 727 anuis
1332 684 1379 727 uno
1402 656 1503 727 tantum-

370 772 470 839 modo
493 772 556 847 die,
580 790 645 857 quo
668 769 798 855 genitus
822 778 906 843 erat,
929 767 1013 834 febri
1035 767 1261 855 inplicabatur,
1282 788 1385 855 cumque
1403 768 1436 833 ed
1451 764 1508 833 uiri

370 900 460 945 mam
488 888 628 944 aetatem
655 876 871 961 peruenisset,
902 874 1003 939 natali
1031 897 1091 940 suo
1122 886 1209 940 certo
1240 874 1292 941 illo
1315 877 1416 940 circuitu
1432 872 1514 945 morbi

371 996 584 1073 consumptus
608 993 667 1047 est.

458 1092 530 1157 Hoc
559 1091 633 1155 loco
662 1099 737 1175 apte
759 1090 941 1154 referuntur
963 1087 1167 1176 Polystratus
1195 1100 1225 1155 et
1247 1088 1420 1177 Hippoclides
1438 1087 1539 1175 pluer

370 1198 479 1286 sophi,
503 1197 620 1262 eodem
644 1196 798 1270 dienati,
822 1194 972 1259 eiusdem
995 1200 1217 1283 praeceptoris
1233 1197 1349 1283 Epicuri
1367 1206 1466 1261 sectam
1484 1216 1525 1261 se·

372 1307 448 1379 cuti,
463 1304 649 1390 patrimonii
666 1305 765 1367 etiam
779 1302 974 1389 possidendi
990 1302 1193 1390 alendaeque
1210 1301 1332 1368 scholae
1345 1304 1531 1367 communione

372 1411 536 1476 coniuncti
558 1410 739 1495 eodemque
760 1420 927 1474 momento
951 1410 1107 1494 temporis
1128 1410 1241 1474 ultima
1261 1418 1400 1473 senectute
1420 1409 1536 1473 extincti.

372 1515 510 1581 'lautam
537 1523 568 1580 et
594 1522 658 1580 tam
688 1514 861 1602 aequalem
889 1517 1038 1581 fortunae
1067 1517 1188 1602 pariter
1220 1528 1312 1602 atque
1338 1517 1475 1580 amicitiae
1496 1536 1540 1579 se·

372 1626 520 1688 rietatem
544 1623 617 1709 quis
640 1644 708 1686 non
730 1623 834 1708 ipsius
859 1621 1011 1687 caelestis
1036 1622 1239 1687 Concordiae
1262 1624 1329 1687 sinu
1342 1623 1476 1709 genitam,
1496 1644 1546 1686 nu·

372 1731 479 1795 tritam
502 1740 535 1793 et
557 1730 682 1793 finitam
704 1726 819 1813 putet?

461 1836 666 1922 Quapropter
688 1834 773 1899 haec
796 1835 1004 1920 potissimum
1027 1844 1083 1900 aut
1104 1837 1139 1900 in
1160 1833 1272 1899 liberis
1288 1835 1550 1921 potentissimorum

374 2066 397 2121 1.
415 2070 449 2119 at
465 2082 515 2119 om.
533 2064 566 2120 Γ.
584 2064 619 2117 it
638 2064 715 2119 Torr.
727 2066 741 2135 ΙΙ
752 2064 841 2131 Antip.
859 2066 912 2118 Sid.
925 2068 1007 2131 poeta
1020 2065 1051 2119 Γ.
1063 2066 1077 2137 Η
1088 2067 1194 2118 Sidonis
1209 2062 1431 2133 promittentem
1449 2065 1488 2114 die
1506 2060 1550 2130 Γ.1

371 2135 398 2191 2.
418 2142 535 2190 aetatem
552 2139 671 2189 ultimam
688 2134 722 2190 E.
741 2136 754 2206 ΙΙ
773 2133 799 2190 4.
818 2140 974 2189 consumtus
997 2135 1049 2201 (A.)
1064 2136 1078 2205 ΙΙ
1095 2134 1121 2192 5.
1140 2138 1288 2189 reserantur
1310 2132 1430 2197 (B)Terr.
1446 2132 1460 2201 11
1474 2136 1550 2200 hypp

373 2211 456 2261 clides
475 2207 530 2261 ΑΓ
546 2213 573 2260 et
589 2222 659 2259 corr.
676 2206 709 2261 B.
728 2209 891 2276 hyppolides
904 2223 950 2275 pr.
968 2206 1002 2261 Β.
1014 2208 1027 2275 ΙΙ
1040 2209 1065 2261 i.
1084 2209 1266 2259 communione
1285 2221 1331 2257 om.
1348 2204 1382 2257 E.
1393 2206 1407 2275 ll
1420 2202 1446 2258 e.
1468 2206 1550 2256 'lauta

373 2283 400 2331 et
416 2281 484 2348 mm]
503 2282 605 2330 tantam
622 2275 744 2332 Boua
762 2284 788 2331 et
800 2294 846 2346 pr.
858 2276 890 2332 ii
909 2280 964 2330 tam
983 2279 1008 2333 Γ
1025 2286 1051 2332 et
1068 2294 1138 2331 corr.
1156 2277 1189 2337 Α,
1207 2275 1283 2328 Τονν.
1295 2276 1308 2347 ΙΙ
1327 2272 1445 2342 ldsinu]
1461 2282 1550 2361 postp

372 2353 455 2403 uitam
473 2349 506 2402 Β.
525 2352 589 2401 sinit
605 2347 642 2401 D.
655 2346 669 2416 ΙΙ
683 2348 722 2403 11.
740 2351 778 2418 ct]
798 2354 878 2416 atque
899 2348 952 2402 GE
961 2349 1063 2419 Torall
1084 2347 1124 2401 la.
1143 2350 1309 2413 Quapropter
1327 2374 1361 2385 -
1379 2348 1417 2412 (p.
1446 2343 1506 2405 113,
1534 2345 1550 2397 t

372 2424 513 2487 possidere
532 2422 645 2472 uoluerit
661 2436 710 2471 om.
720 2418 752 2474 Γ.
767 2422 778 2490 ΙΙ
792 2424 844 2472 hoe
862 2419 949 2473 BCE
968 2427 993 2473 et
1010 2436 1079 2473 corr.
1091 2418 1128 2479 D,
1143 2418 1220 2472 'lbra
1239 2414 1301 2471 odd.
1321 2433 1424 2485 qnoque
1437 2416 1472 2469 Ε.
1482 2416 1497 2485 ll
1508 2421 1550 2482 pot

372 2494 481 2560 simum]
501 2489 564 2545 odd.
583 2493 663 2545 fuerit
680 2490 812 2552 (Eil'orr.
823 2492 837 2560 ΙΙ
848 2492 981 2556 potissimi
999 2494 1072 2561 regis
1090 2487 1214 2544 Aaou.

373 2672 456 2730 disse,
476 2685 545 2737 quae
563 2671 643 2721 etiam
660 2672 688 2720 in
707 2670 768 2721 aliis
786 2670 906 2721 eiusdem
926 2670 1033 2738 generis
1053 2669 1145 2720 termis
1167 2670 1305 2720 remansit.
1342 2668 1374 2720 in
1393 2666 1506 2730 reliquls
1526 2680 1550 2716 er

373 2745 401 2793 et
420 2744 448 2791 in
466 2743 569 2792 Paridis
593 2742 749 2805 compendio
773 2742 903 2792 Vaticano
926 2741 994 2791 haec
1019 2743 1104 2791 uerba
1126 2755 1234 2806 semper
1257 2741 1284 2790 iu
1309 2739 1370 2792 iens
1393 2739 1530 2790 desinunt.

373 2815 476 2864 Osann.
495 2814 529 2862 ad
549 2813 601 2864 Cic.
620 2814 653 2863 de
672 2827 728 2876 rep.
745 2828 773 2876 p.
791 2807 852 2863 266.

447 2879 488 2935 lb.
507 2884 546 2932 Gt.
565 2884 617 2934 Cic.
636 2885 670 2932 de
688 2884 743 2932 fato
761 2877 788 2942 3,
807 2878 833 2934 5.
863 2883 929 2936 Plio.
948 2881 1004 2939 vn.
1024 2877 1067 2934 51.

445 2952 555 3006 Tantam
578 2958 604 3004 et
627 2958 689 3016 tom)
730 2955 771 3004 Ita
793 2955 958 3017 probabilius
989 2954 1114 3003 uitiosum
1142 2953 1283 3018 archetypi
1317 2954 1491 3017 scripturam
1517 2957 1550 3001 tu*

522 3025 674 3076 emendauit
690 3024 834 3074 Turranius
853 3041 933 3090 quam
951 3025 1052 3075 fecerat
1070 3025 1204 3075 corrector
1221 3025 1282 3075 libri
1294 3023 1442 3074 Dauieiinl
1455 3025 1550 3072 Berua

372 3113 450 3165 quem
468 3099 559 3146 tamen
576 3110 670 3146 omues
689 3096 805 3145 editores
824 3111 882 3145 cum
902 3097 962 3161 ipso
981 3095 1108 3146 Torrenio
1128 3097 1281 3161 sequuntur.
1322 3095 1367 3146 Cf.
1389 3095 1419 3152 1,
1441 3090 1477 3150 8,
1501 3089 1535 3150 1,

373 3173 399 3220 et
415 3173 468 3218 tea
485 3163 590 3217 diutini.
631 3167 705 3223 viii,
727 3160 767 3223 11,
787 3167 841 3217 ext.
861 3162 886 3222 3,
906 3171 994 3217 tantae
1012 3171 1038 3216 et
1054 3171 1107 3217 tam
1125 3165 1178 3217 iate
1190 3164 1321 3234 potentia.
1364 3166 1400 3222 V,
1422 3160 1452 3221 b,
1474 3159 1504 3220 8,
1531 3177 1550 3230 q

373 3243 492 3305 atquem
510 3235 621 3303 aequus
656 3237 706 3294 ΙΙΙ,
725 3231 756 3294 8.
782 3239 835 3286 ext
861 3232 890 3294 3,
917 3241 955 3288 tot
978 3241 1003 3288 et
1027 3243 1079 3289 tem
1102 3235 1165 3290 boae
1188 3235 1305 3288 meritos.
1350 3237 1387 3296 V,
1409 3229 1440 3294 2,
1466 3237 1529 3284 ext.

373 3316 475 3377 totaque
491 3305 578 3359 startia
594 3303 679 3356 rebar.

446 3376 486 3431 18.
512 3377 679 3444 Quapropter
706 3377 756 3428 troc
779 3377 955 3444 potissimam)
991 3379 1095 3429 Initium
1123 3380 1202 3428 huius
1228 3379 1356 3443 exempli
1389 3378 1550 3442 quemadn

371 3454 424 3502 hue
442 3464 527 3515 nsque
551 3449 694 3504 edebatur.
720 3447 888 3514 Quapropter
911 3447 959 3498 hoc
977 3445 1143 3515 potissimum
1158 3448 1261 3514 suerit:
1289 3453 1344 3499 aut
1371 3447 1405 3498 ia
1434 3444 1546 3496 liberis

372 3537 440 3587 sqq„
459 3523 487 3571 et
504 3521 609 3569 omnino
628 3533 712 3569 sensu
731 3520 841 3569 carebat
858 3521 885 3568 et
904 3535 921 3568 a
938 3520 1036 3568 tradita
1048 3520 1179 3582 scriptura
1196 3521 1276 3569 nimis
1298 3519 1478 3569 abhorruit.
1526 3517 1549 3565 Ι)

372 3595 443 3643 euim
465 3591 530 3641 illud
546 3587 639 3656 suerit
659 3589 739 3654 pauci
763 3591 865 3639 tantum
890 3590 917 3639 et
940 3591 1004 3639 mali
1028 3591 1087 3640 libri
1112 3591 1277 3656 agnoscunt,
1306 3591 1425 3650 estque
1457 3601 1542 3637 sane

372 3662 467 3713 deindo
491 3662 549 3711 cod.
573 3662 652 3711 Bern.
675 3676 735 3710 cum
760 3661 861 3725 aliquot
884 3661 1054 3710 'lorrenianis
1078 3661 1186 3710 exhibet
1215 3658 1280 3710 aare
1305 3658 1525 3726 potissimum.

372 3734 448 3782 unice
467 3746 559 3781 uerum
578 3746 642 3782 esso
660 3732 757 3781 melius
779 3747 857 3795 quam
883 3733 1007 3794 exposuit
1029 3732 1203 3795 perspexisse
1227 3731 1347 3780 uidetur
1379 3731 1549 3792 Kappius.

371 3803 513 3852 teutiarum
530 3816 616 3851 nexus
636 3803 679 3850 hio
698 3805 751 3851 est:
770 3802 830 3850 Non
848 3801 1022 3852 admiratione
1040 3803 1167 3866 persequi
1192 3801 1333 3851 debemus
1368 3802 1550 3865 quapropt·

371 3871 541 3936 potissimum
560 3873 646 3920 omnis
664 3875 752 3921 bonae
770 3871 912 3937 malaeque
930 3873 1060 3922 materiae
1079 3873 1188 3926 artifex,
1211 3873 1335 3929 natura,
1368 3885 1414 3920 ne
1445 3870 1529 3932 ipsa

373 3942 503 3992 rationem
520 3942 664 3990 reddiderit
679 3957 791 4004 operum
810 3955 919 3992 suorum
938 3945 984 3991 aut
1001 3944 1028 3992 in
1046 3943 1137 3993 liberis
1155 3955 1249 4009 regum
1270 3943 1328 3990 aut
1351 3943 1390 3990 in
1412 3953 1504 4006 rege
1531 3955 1550 3988 o

373 4011 462 4078 magis
487 4025 566 4076 quam
591 4027 638 4061 our
658 4012 697 4059 ita
718 4027 832 4076 capreas
857 4013 1001 4063 Cretenses
1026 4015 1076 4065 cto.
1103 4013 1238 4070 dilexerit,
1265 4013 1321 4060 aut
1354 4013 1550 4076 quaproptr

372 4083 481 4132 lunonis
499 4082 627 4131 immobili
645 4083 733 4131 cinere
752 4084 899 4141 donauerit,
922 4085 966 4134 uel
984 4084 1152 4148 potissimum
1170 4083 1355 4146 quapropter·
1390 4095 1513 4146 aquas
1541 4099 1549 4126 ι

372 4152 564 4218 proprietatem
582 4153 635 4201 nini
654 4153 795 4215 possidere
813 4155 934 4206 uoluerit.
978 4154 1033 4204 Sed
1051 4155 1157 4221 longius
1177 4155 1288 4203 extenta
1310 4153 1502 4216 pendente
1532 4167 1549 4200 s

372 4224 527 4288 primariam
545 4238 605 4272 cum
623 4224 795 4274 anacoluthia
813 4227 928 4289 quadam
947 4227 1076 4284 annectit,
1101 4225 1296 4288 praecedentia
1331 4225 1462 4273 omnia
1497 4239 1546 4272 un

372 4295 444 4344 minc
461 4291 514 4344 ieta
532 4295 770 4358 comprehendens.
808 4297 874 4344 ‘ista
897 4297 1003 4354 omnia',
1029 4297 1079 4353 ait,
1106 4303 1167 4344 ‘non
1192 4294 1410 4343 admiratione
1448 4295 1521 4343 sed

371 4367 474 4415 tantum
491 4367 679 4430 prosequenda
698 4367 775 4420 suut,
801 4381 862 4416 cum
880 4368 998 4417 sciamus
1017 4369 1052 4416 ab
1071 4381 1105 4416 aa
1123 4365 1240 4431 (namra)
1259 4365 1463 4429 plurimum
1492 4366 1543 4413 uir

373 4437 495 4487 centlae'.

439 4505 679 4573 potentissimorum
697 4512 797 4573 repam)
832 4509 913 4558 codd.
938 4510 1102 4577 singularem
1127 4521 1266 4558 ursmarum
1293 4507 1464 4556 texentur.
1520 4504 1535 4553 i

375 4590 439 4627 esse
461 4579 588 4641 pluralia,
617 4579 646 4626 ut
675 4579 858 4646 significentur
877 4579 987 4630 Prusias
1006 4581 1033 4630 ct
1050 4579 1218 4629 Mithridates
1242 4591 1345 4646 reges
1375 4576 1461 4641 (ss.
1494 4572 1529 4626 lt

375 4651 461 4706 Quem
479 4650 552 4699 recte
569 4649 742 4700 reetimerunt
759 4651 922 4700 recentiores
942 4651 1048 4700 librarii.
1084 4649 1115 4699 iu
1137 4649 1326 4715 sequentibus
1355 4648 1460 4698 enirn
1488 4661 1522 4696 re

375 4719 443 4766 simo
461 4719 601 4770 denotatur
618 4720 803 4771 anatomenee
820 4721 860 4785 (S.
881 4716 940 4786 lt),
966 4723 1029 4772 uate
1052 4721 1153 4790 ingenii
1176 4721 1303 4774 florentis
1330 4719 1516 4784 Antipate
