3409 5400
584 431 667 501 nis.
682 434 707 513 I,
731 435 768 503 (1.
785 438 817 514 5,
841 447 871 517 t.
895 440 1055 509 t-ltxt
1079 439 1109 521 ς’.
1135 446 1164 512 1.
1416 450 1479 517 let

256 591 442 669 celebrans,
465 614 541 659 cum
564 592 727 663 &aecum
748 619 883 665 uersum
907 622 1098 687 expromere
1121 602 1228 681 uellet,
1252 606 1293 671 ad
1318 606 1398 673 illud
1421 629 1479 697 po·

256 700 424 765 tissimum
444 696 656 768 Homericum
679 705 887 771 referendum
911 709 1020 771 animo
1045 708 1186 785 tetendit,

428 804 534 873 ulte
556 832 598 893 ps
618 809 716 899 Μοῖρ’
739 807 818 899 ὀλοὴ
840 817 897 879 καὶ
917 816 1043 902 Λητοῦς
1063 813 1194 883 ἔκτανεν
1216 815 1297 895 υἱός,

256 916 315 1002 qui
338 914 420 979 deus
444 912 651 999 Philippensi
673 919 744 982 acie
771 940 792 982 a
815 917 959 985 Caesare
983 932 1015 985 et
1036 921 1180 987 Antonio
1205 924 1301 1009 signo
1326 924 1421 991 datus
1444 929 1479 993 in

231 1042 336 1087 esum
356 1019 422 1086 tela
443 1022 611 1086 conuertit.

347 1127 578 1193 Consentaneo
601 1129 696 1193 uocis
717 1131 805 1196 iactu
828 1133 864 1201 (l.
891 1134 998 1199 Cassii
1026 1156 1139 1200 aurem
1169 1136 1299 1199 fortuna
1320 1136 1478 1220 peruellit,
1488 1138 1519 1204 8.

256 1256 371 1321 quem,
392 1234 568 1299 'orantibus
596 1234 736 1301 Rhodiis
765 1260 807 1301 ne
835 1240 877 1305 ab
907 1262 946 1304 eo
975 1242 1102 1306 cunctis
1130 1243 1267 1307 deorum
1294 1242 1477 1308 simulacris

255 1340 492 1427 spoliarentur,
519 1340 633 1406 Solem
661 1364 682 1407 a
709 1366 746 1407 se
774 1345 915 1432 relinqui
941 1348 1142 1431 respondere
1170 1348 1287 1425 uoluit,
1318 1360 1353 1413 ut
1380 1370 1477 1434 rapa·

255 1448 384 1513 cirmini
398 1448 532 1511 trictoris
551 1449 759 1515 insolentiam
779 1451 857 1516 dicti
873 1463 999 1516 tumore
1015 1454 1227 1539 protraheret,
1251 1456 1477 1542 abiectumque

217 1552 475 1619 teMaeedonica
495 1574 610 1641 pugna
631 1576 699 1620 non
722 1558 865 1645 effigiem
889 1557 994 1633 Solis,
1024 1582 1123 1645 quam
1147 1560 1369 1625 tantummodo
1398 1582 1476 1645 sup·

254 1660 395 1747 plicibus
419 1671 575 1735 cesserat,
599 1661 660 1726 sed
682 1664 792 1748 ipsum
814 1665 920 1730 solem
942 1686 977 1729 re
1002 1687 1083 1729 uera
1103 1666 1285 1753 relinquere
1309 1674 1452 1753 cogeret.

344 1767 513 1833 Adnotatu
541 1766 679 1855 dignum
710 1770 789 1835 illud
824 1794 955 1859 quoque
997 1794 1109 1846 omen,
1146 1772 1207 1836 snb
1242 1792 1306 1858 quo
1339 1769 1474 1835 Petilius
1486 1770 1515 1838 9.

254 1875 375 1940 consul
396 1876 431 1940 in
453 1872 588 1960 Liguria
608 1874 729 1942 bellum
753 1898 873 1967 gerens
898 1880 1060 1943 occiderit.
1106 1876 1193 1943 Nam
1224 1900 1298 1941 oum
1320 1888 1475 1953 montem,

253 1984 310 2045 cui
332 1980 413 2046 Leto
437 2002 623 2070 cognomen
647 1994 725 2057 erat,
748 1996 956 2071 oppugnaret
969 1986 1117 2070 interque
1140 1984 1400 2049 adhortationem
1416 1982 1475 2047 mi-

214 2102 243 2148 rt
251 2088 347 2154 litum
370 2088 506 2153 dixisset
532 2085 648 2153 ‘Hodie
678 2110 741 2176 ego
764 2087 881 2153 Letum
904 2092 1014 2177 utique
1034 2090 1181 2176 capiam',
1203 2090 1475 2157 inconsideratius

251 2195 448 2281 proeliando
470 2195 637 2259 fortuitum
658 2197 779 2260 iactum
801 2198 895 2260 uocis
918 2196 982 2259 leto
1006 2218 1067 2261 suo
1092 2199 1304 2264 confirmauit.

344 2300 440 2368 Adici
462 2302 584 2366 nostris
608 2300 674 2365 duo
698 2300 847 2367 eiusdem
871 2304 1002 2389 generis
1027 2303 1213 2390 alienigena
1237 2303 1385 2389 exempla
1408 2322 1474 2366 non
1483 2307 1554 2375 Ext.
1577 2308 1606 2374 1,

252 2408 398 2473 ahsmde
419 2418 569 2493 possunt.
615 2408 710 2472 Sami
738 2406 973 2471 Prienensibus
1001 2408 1154 2474 auxilium
1185 2409 1345 2473 aduersus
1371 2408 1473 2473 Caras

250 2514 502 2599 inplorantibus,
525 2513 720 2601 adrogantia
733 2514 885 2590 instincti,
910 2535 969 2600 pro
986 2514 1095 2579 classe
1120 2526 1151 2579 et
1166 2518 1306 2581 exercitu
1321 2512 1473 2579 sibullam

255 2672 280 2729 1.
308 2689 444 2739 exponere
470 2672 532 2727 Par.
553 2673 567 2742 ΙΙ
587 2668 614 2726 3.
639 2670 744 2726 ΔΜΟΑ
769 2670 1032 2728 ΜΕΜΟΓΡΟΑΟΗ
1056 2670 1122 2727 ΚΑΙ
1148 2674 1247 2729 astu
1253 2668 1476 2728 chtt'rsnslt

252 2742 375 2800 OY10T
388 2743 420 2796 A.
438 2744 558 2797 &ocem
575 2744 679 2796 Mnus
694 2759 747 2796 sor
764 2743 909 2798 intellectas
927 2744 1033 2798 Leucis
1050 2746 1187 2799 imitentur
1204 2744 1262 2799 ΒΟ.
1281 2761 1329 2797 em.
1349 2743 1417 2797 DE.
1436 2742 1472 2810 es.

251 2813 333 2869 ittae
351 2833 378 2874 rr,
396 2813 519 2882 8411114.
539 2819 584 2882 qui
601 2815 679 2883 deus]
708 2815 741 2867 .t.
761 2832 794 2868 eo
813 2819 883 2868 enim
902 2818 944 2868 dio
964 2835 1015 2883 quo
1033 2819 1111 2882 periit
1128 2821 1155 2868 in
1173 2819 1269 2869 eastris
1288 2818 1407 2868 caesaris
1426 2817 1474 2865 mi·

251 2891 344 2939 litibus
363 2889 471 2957 signum
489 2887 612 2952 apollinis
631 2891 674 2937 est
692 2888 790 2939 datum.
810 2883 872 2939 add.
891 2903 980 2952 murpo
999 2885 1021 2938 A
1040 2904 1054 2938 e
1071 2888 1133 2940 Pur.
1151 2888 1164 2957 ΙΙ
1176 2886 1200 2940 6.
1224 2891 1249 2953 ς.
1268 2885 1294 2940 8.
1313 2883 1475 2954 transposuit

246 2963 316 3028 post
332 2959 358 3022 s.
376 2955 402 3012 θ.
420 2955 452 3010 1'.
463 2955 478 3024 ΙΙ
489 2960 670 3010 consentanee
687 2955 724 3008 D.
736 2956 749 3025 ΙΙ
759 2960 830 3009 iaetu
848 2974 898 3010 om.
910 2957 943 3010 Γ.
953 2957 967 3025 ΙΙ
978 2960 1127 3026 peruellitq.
1137 2961 1300 3011 morantibus
1308 2973 1355 3025 pr.
1364 2955 1394 3008 ri
1413 2972 1472 3022 pse

252 3031 328 3081 uellit
345 3045 398 3094 qne
416 3031 554 3080 orantibus
570 3026 595 3081 Β
601 3024 620 3079 ?
625 3025 684 3082 CB.
704 3030 827 3093 peruellil
844 3031 888 3097 qui
907 3032 1044 3081 orantibus
1056 3029 1093 3082 D.
1108 3030 1120 3100 ΙΙ
1135 3028 1160 3082 9.
1179 3031 1251 3095 dicti]
1271 3030 1332 3079 uicti
1350 3026 1375 3079 Β
1390 3033 1416 3078 et
1427 3041 1473 3094 pr.

250 3100 286 3154 Δ.
297 3100 312 3168 ΙΙ
322 3102 489 3166 pertraheret
505 3096 565 3150 OE.
577 3100 590 3168 ΙΙ
605 3096 645 3151 10.
664 3115 718 3165 qua
734 3097 847 3169 111112.
866 3102 998 3154 Adnotatu
1017 3129 1052 3140 -
1071 3106 1121 3153 sub
1141 3119 1192 3168 quo
1211 3116 1260 3153 um.
1275 3097 1307 3152 Γ.
1319 3099 1332 3168 ΙΙ
1346 3095 1387 3150 13.
1405 3097 1473 3148 ocei-

250 3173 330 3224 derit.
348 3172 417 3221 Nam
434 3185 485 3222 ora.
502 3168 535 3223 Γ.
554 3167 568 3238 ll
587 3172 682 3222 occidit
702 3167 776 3223 Torr.
794 3169 808 3238 ΙΙ
828 3169 869 3224 ll.
887 3173 972 3224 Laeto
985 3188 1032 3241 pr.
1050 3170 1082 3224 A.
1100 3175 1182 3224 letum
1199 3186 1269 3224 corr.
1288 3169 1325 3220 D.
1343 3169 1355 3237 ΙΙ
1376 3165 1416 3220 15.
1435 3169 1473 3218 in·

251 3243 438 3294 considerabis
455 3238 488 3292 R
505 3243 712 3292 inconsideranti
730 3257 745 3292 s
762 3240 823 3295 DE
828 3241 860 3294 Γ.
872 3241 886 3312 ΙΙ
900 3241 939 3294 17.
959 3246 985 3308 §-
1001 3241 1023 3296 1.
1042 3258 1091 3295 om.
1103 3242 1136 3296 Γ.
1147 3243 1161 3312 tl
1178 3244 1265 3294 addici
1282 3239 1316 3292 Ε.
1327 3239 1340 3309 ΙΙ
1352 3237 1472 3310 generis]

249 3318 315 3364 nte
331 3316 383 3363 duo
400 3309 463 3379 1).ΙΙ
477 3309 518 3364 l&
529 3313 636 3376 possint
651 3310 689 3363 D.
700 3312 713 3379 ΙΙ
745 3316 808 3365 urnii
825 3313 935 3366 sorra.
946 3312 960 3381 ΙΙ
971 3311 1202 3379 prienensibusE.
1214 3313 1227 3381 ΙΙ
1239 3327 1331 3364 carras
1350 3307 1472 3362 Aaou.

251 3387 339 3435 ceres
354 3382 418 3435 Pure
439 3381 480 3450 Cs.
503 3379 579 3448 Very.
603 3382 665 3435 Aen
684 3383 759 3442 VIII,
784 3379 843 3436 725.
873 3383 963 3451 cha.
981 3385 995 3452 ΙΙ
1014 3381 1054 3436 19.
1080 3386 1233 3450 symbolam
1256 3380 1288 3434 A.
1312 3381 1345 3434 .l.
1372 3380 1473 3444 sibylla

251 3469 344 3520 usurpo
361 3452 394 3505 Α.
423 3453 549 3504 sibullam
567 3468 611 3520 pr.
629 3450 662 3504 Β.
676 3468 723 3520 pr.
742 3450 769 3506 C.
792 3457 909 3506 sibillam
926 3453 954 3508 E
972 3459 999 3506 et
1015 3453 1126 3507 cornil.
1146 3454 1257 3504 ilbillarn
1276 3466 1345 3502 corr.
1360 3448 1387 3502 C.
1406 3451 1471 3500 lem·

250 3526 395 3576 bosculum
411 3521 450 3575 D.
467 3523 621 3589 cymbulam
640 3521 717 3575 Torr.

323 3664 349 3718 8.
368 3667 408 3717 Gt.
425 3666 483 3717 Dio.
502 3669 582 3717 Cass.
598 3667 705 3722 XLVII,
723 3661 759 3718 3³
777 3682 804 3729 p.
821 3660 884 3726 ult,
908 3667 939 3716 lt.
961 3682 987 3731 p.
1006 3662 1059 3718 etl
1082 3667 1166 3716 Relm.
1190 3665 1307 3716 Rhodios
1333 3679 1350 3713 a
1375 3663 1471 3713 Cassio

249 3739 367 3790 nauibus
384 3739 413 3788 et
430 3737 501 3787 omni
517 3739 709 3801 pecuniarum
726 3737 835 3800 publice
851 3735 907 3786 tum
919 3751 1057 3787 sacrorum
1075 3738 1244 3788 donariorum
1257 3734 1388 3800 spoliatos
1407 3745 1472 3786 esse

248 3811 340 3932 resera
350 3804 418 3871 πλὴν
433 3804 480 3860 τοῦ
494 3803 531 3878 ὄρ
591 3803 781 3929 ¹rarrtr‘r‘tlttuo.
819 3809 857 3858 ct.
877 3809 957 3858 etiam
975 3809 1054 3859 Oros.
1073 3809 1116 3866 Vl,
1139 3803 1179 3874 18.

342 3916 349 3930 .
367 3880 407 3930 ct.
423 3879 484 3930 Liu.
500 3880 526 3929 X
551 3880 572 3938 1,

323 3945 461 4008 oecidm'o
477 3951 684 4008 Coniunctiuum,
700 3952 759 4002 sine
767 3951 866 4000 idonea
875 3963 960 4001 cause
969 3967 986 4000 a
996 3951 1091 4020 Pigbio
1103 3951 1237 4010 relectum,
1249 3951 1351 4003 restitui
1359 3951 1470 4002 iubenti·

248 4025 303 4071 bns
311 4021 396 4070 libris.
408 4021 533 4072 veterius
540 4021 727 4089 neglegentius
736 4023 775 4070 ita
784 4023 943 4085 composuit,
957 4037 1016 4072 cum
1027 4023 1114 4072 animo
1128 4022 1182 4071 alia
1192 4023 1311 4073 eiusdem
1321 4022 1470 4072 sententiae

249 4093 339 4144 torma
356 4093 559 4148 obuersaretur,
584 4088 710 4143 adnotata
726 4089 832 4158 diyrrum
853 4089 901 4142 rub
926 4106 975 4160 quo
994 4092 1078 4144 omine
1095 4090 1205 4143 Petilius
1229 4089 1469 4144 caesaraeae

322 4164 384 4214 Est.
410 4159 434 4212 1.
456 4177 510 4230 pro
535 4161 620 4213 elusae
642 4168 670 4213 et
691 4178 776 4214 erere.
800 4161 932 4224 cidnum
964 4166 1038 4224 Quod
1063 4164 1148 4213 Periz.
1167 4169 1194 4213 et
1211 4163 1321 4214 'l'orren
1341 4161 1469 4225 suspicati

250 4237 337 4291 erant,
356 4234 489 4284 malornm
506 4235 613 4300 quidem
630 4236 750 4285 codicum
767 4235 873 4300 ineptiis
893 4237 1009 4300 decepti,
1033 4251 1081 4299 pro
1101 4232 1231 4302 cymbula,
1258 4236 1327 4301 qnod
1346 4234 1424 4302 Pigb.
1441 4233 1469 4281 in

248 4309 354 4356 textum
370 4306 529 4365 intruserat,
548 4307 676 4370 sibyllam
693 4308 873 4356 reuocandam
892 4321 969 4362 osse.
995 4308 1021 4356 id
1039 4321 1108 4355 nunc
1127 4308 1190 4356 boni
1206 4307 1274 4355 inter
1292 4318 1368 4354 meos
1387 4302 1468 4352 libros

250 4377 418 4428 confirmant.
453 4377 533 4428 Tollit
550 4393 656 4428 omnem
674 4379 863 4428 dubitationem
881 4379 928 4427 lul.
943 4379 1027 4428 Paris.
1063 4381 1121 4436 Quo
1139 4377 1227 4443 magis
1240 4377 1321 4425 miror
1339 4374 1396 4422 clus
1415 4373 1469 4420 edi-

249 4453 337 4498 torem
355 4448 506 4498 etiamnunc
525 4450 650 4498 uitiosnm
667 4451 810 4500 editionum
827 4450 988 4512 scripturam
1006 4445 1164 4516 mutulam,
1190 4461 1270 4511 quam
1293 4445 1320 4493 in
1338 4442 1424 4506 praet.
1440 4457 1468 4505 p.

249 4519 329 4570 xxii
345 4519 403 4567 ism
419 4519 609 4578 damnauerat,
633 4521 677 4570 lon
729 4521 952 4585 praestantiorem
971 4521 1141 4583 praedicere,
1166 4531 1226 4566 eum
1248 4513 1407 4579 pracsertim
1425 4525 1468 4562 se·

249 4590 361 4656 quentis
377 4593 455 4647 (sera
464 4589 587 4657 sutorum
599 4535 794 4658 perditore)
810 4607 845 4642 ne
858 4591 976 4661 intellegi
990 4592 1094 4656 quidem
1107 4589 1219 4654 possint,
1239 4585 1291 4636 nisi
1309 4585 1342 4633 de
1361 4583 1468 4633 fatidica

248 4662 299 4712 ills
316 4660 428 4712 maliem
446 4663 615 4732 combureris.
651 4663 796 4716 Praeterea
812 4665 882 4716 inter
899 4661 968 4714 elias
980 4660 1072 4713 Samia
1090 4673 1194 4727 quoque
1212 4655 1312 4722 sibylla
1328 4654 1469 4710 nodssime
