3409 5400
455 443 539 511 LIB.
564 444 606 524 V,
631 446 667 512 G.
687 448 723 527 2,
746 449 818 517 sixt.
841 458 873 529 i·
895 453 929 521 4.
950 490 997 504 -
1020 456 1057 521 Ο.
1081 460 1113 536 3,
1136 469 1167 540 ς.
1189 466 1220 533 2.
1387 474 1454 541 407

224 608 359 690 tamque
380 608 484 675 uariis
512 606 612 675 rebus
642 629 680 673 se
701 607 886 679 Masinissa
911 615 1110 704 infatigabili
1137 623 1268 707 pietatis
1297 632 1453 701 sericati

225 713 439 781 centesimum
464 714 607 779 extendit
628 736 762 781 annum.
815 716 877 784 His
901 721 1073 791 ethorum
1100 727 1262 795 similibus
1293 738 1450 823 exemplis

222 813 441 885 beneficentia
469 822 599 907 generis
630 819 765 887 humani
788 828 925 891 nutritur
953 842 1051 917 atque
1080 845 1227 920 augetur.
1277 836 1351 904 Hae
1375 855 1452 909 suut

224 922 296 987 cius
313 925 416 1000 iaces,
439 924 474 991 hi
490 927 622 1001 stimuli,
645 941 777 1013 propter
793 954 878 1017 quos
894 934 1030 1001 iuuandi
1045 948 1078 1001 et
1092 942 1259 1007 emerendi
1274 946 1449 1031 cupiditate

190 1026 350 1115 rflagrn.
404 1031 448 1095 lit
474 1054 556 1097 sane
584 1034 808 1119 amplissimae
840 1051 872 1101 et
896 1045 1170 1126 speciosissimae
1198 1048 1333 1117 diuitiae
1362 1065 1447 1129 sunt,
1530 1060 1534 1073 '

220 1132 358 1199 feliciter
380 1140 526 1225 erogatis
544 1137 712 1205 beneficiis
735 1140 799 1206 iste
816 1165 918 1229 posse
933 1152 1072 1215 censeri.
1119 1153 1267 1233 Quorum
1291 1159 1447 1245 quoniam

219 1239 411 1327 religiosum
422 1244 542 1311 cultum
558 1246 766 1323 instituimus,
791 1271 877 1315 nunc
898 1253 1084 1339 neglectum
1107 1260 1310 1347 suggillandi
1326 1267 1445 1350 gratie,

220 1368 285 1431 quo
310 1349 353 1413 sit
374 1352 509 1437 gratior,
532 1353 723 1419 referemus.

728 1530 942 1545 *ῃ

674 1740 733 1805 lili
757 1740 976 1808 INGRATIS.

180 1903 207 1945 ιο
305 1879 406 1947 Vrbis
437 1894 570 1947 nostrae
599 1894 766 1967 parentem
794 1897 946 1960 senatus,
974 1888 1008 1951 in
1035 1889 1241 1975 amplissimo
1271 1891 1439 1979 dignitatis
1448 1894 1503 1963 III.
1530 1901 1558 1964 l.

216 1986 322 2072 gradu
345 1988 387 2053 ab
410 2009 449 2053 eo
473 1990 678 2064 conlocatus,
710 1992 742 2053 in
768 1992 860 2056 curia
882 1992 1048 2068 lacerauit,
1080 2017 1143 2059 nec
1171 1996 1261 2060 duxit
1286 2000 1438 2067 nefas-ei

216 2093 316 2157 uitam
340 2094 500 2168 adimere,
525 2096 580 2181 qui
603 2108 770 2163 aeternum
793 2096 946 2161 Romano
970 2091 1108 2183 imperio
1132 2101 1281 2185 spiritum
1302 2104 1439 2191 ingene-

214 2210 357 2262 rsuerst.
400 2198 495 2263 Rude
519 2202 669 2265 nimirum
692 2201 771 2265 illud
794 2212 825 2263 et
836 2202 929 2265 ferox
943 2204 1122 2281 saeculum,
1146 2205 1236 2291 quod
1257 2208 1437 2275 conditoris

214 2304 267 2367 sni
290 2325 405 2369 cruore
428 2304 524 2369 foede
547 2307 745 2371 maculatum
769 2328 810 2371 ne
834 2330 965 2373 summe
993 2310 1123 2395 quidem
1147 2312 1344 2395 posteritatis
1369 2312 1436 2378 dis-

176 2430 203 2474 ιι
214 2408 369 2475 simulare
392 2412 498 2497 pietas
521 2424 637 2498 potest.
1434 2435 1439 2443 ·

300 2515 396 2581 Hunc
425 2519 552 2605 ingrate
581 2518 696 2605 lapsae
726 2521 845 2584 mentis
877 2541 1021 2585 errorem
1050 2530 1272 2584 consentanea
1294 2522 1434 2589 ciuitatis
1444 2523 1476 2592 2.

98 2694 102 2702 .
212 2632 345 2689 nostrae
356 2625 553 2712 paenitentia
568 2626 724 2714 sequitur.
769 2624 899 2691 Virium
914 2627 1138 2691 Romanarum
1154 2636 1186 2689 et
1199 2625 1435 2695 incrementum

719 2731 931 2748 ᾑ-

213 2760 238 2816 3.
257 2767 351 2834 generi
368 2763 396 2818 F.
409 2765 423 2834 ΙΙ
434 2769 547 2836 nugetur
568 2771 648 2830 atquc
666 2771 778 2819 nutritur
795 2766 832 2820 D.
849 2762 905 2834 114.
931 2768 1015 2817 facies
1033 2763 1092 2821 Ar.
1112 2765 1125 2836 ΙΙ
1145 2769 1264 2835 propter]
1290 2785 1339 2834 per
1355 2768 1391 2824 E.
1408 2769 1423 2839 ΙΙ

213 2837 357 2904 emerendi]
377 2841 535 2889 emendandi
548 2837 608 2906 13.ss
625 2835 651 2890 5.
671 2841 771 2906 fraglat
788 2836 819 2891 A.
842 2841 972 2908 iiugrntor
990 2835 1021 2891 F.
1039 2836 1053 2906 ΙΙ
1065 2835 1089 2891 i.
1109 2840 1246 2908 sigillabili
1263 2837 1295 2891 F.
1315 2845 1327 2907 ΙΙ
1346 2839 1371 2893 8.
1391 2843 1430 2892 in·

213 2909 328 2958 feremus
347 2906 383 2962 D.
399 2906 410 2977 ΙΙ
428 2907 468 2960 10.
488 2911 513 2972 s.
535 2908 558 2961 i.
576 2923 625 2960 ern.
645 2905 673 2959 Γ.
688 2905 700 2978 ΙΙ
715 2909 864 2975 parentem]
888 2906 950 2960 aad.
969 2910 988 2961 1.
1008 2909 1037 2960 Ρ.
1062 2911 1191 2962 romulum
1215 2925 1273 2963 scu.
1291 2911 1431 2963 immemor

211 2981 398 3029 beneficiorum
416 2982 444 3029 iu
462 2996 484 3030 c.
504 2980 646 3042 discerpsit
664 2995 754 3046 maroe
771 2977 802 3032 Α.
817 2984 829 3046 ΙΙ
847 2978 887 3032 ii.
906 2995 940 3030 ne
961 2978 989 3034 O.
1005 2975 1017 3048 ΙΙ
1039 2975 1080 3032 li.
1100 2983 1161 3032 ledo
1179 2978 1211 3032 Α.
1242 2977 1303 3034 Viti.
1321 2979 1430 3035 Lucisne.

212 3046 370 3100 adhaeret.
389 3046 411 3103 l.
430 3046 473 3101 Si.
487 3065 517 3116 p.
535 3047 579 3102 23.
593 3054 605 3115 ΙΙ
620 3049 737 3170 nepueu
756 3047 779 3102 ὃ.
793 3047 843 3119 ⁰·ll
861 3047 901 3102 tt.
920 3052 996 3101 Hune
1013 3078 1049 3090 -
1068 3050 1137 3118 (ll.)
1156 3052 1277 3114 sequitur
1294 3067 1343 3104 om.
1362 3049 1395 3104 Γ.
1406 3051 1420 3118 ΙΙ

212 3120 342 3186 ingreium
363 3116 452 3170 cet·-
464 3123 490 3168 et
509 3133 580 3170 corr.
598 3117 631 3173 Α,
676 3120 756 3187 err-ll
768 3121 875 3188 lapsae]
898 3123 959 3172 laxe
977 3119 1010 3173 F.
1024 3117 1037 3192 ΙΙ
1050 3125 1161 3174 nostrae
1179 3123 1296 3172 ciuitatis
1316 3119 1420 3189 Tornll

214 3187 254 3239 ii.
272 3189 395 3251 potencie
412 3185 448 3239 E.
460 3188 474 3255 ΙΙ
485 3205 655 3240 romanorum
672 3189 708 3244 Ε.

210 3325 317 3380 genere.
354 3311 422 3360 Nem
441 3315 481 3364 ei.
506 3314 575 3378 quod
596 3313 720 3366 facillime
739 3330 806 3366 seue
831 3317 899 3366 iuter
921 3316 1027 3365 litteras
1045 3316 1133 3364 ecit
1153 3314 1311 3364 intercidere
1334 3314 1429 3377 potuit,

210 3383 331 3448 quodque
353 3395 412 3430 cum
427 3379 540 3447 perinde
558 3386 733 3448 compositum
753 3386 931 3450 frequentauit
948 3385 1067 3443 'incitus
1085 3386 1172 3434 locum
1195 3398 1249 3434 non
1271 3384 1354 3433 babet
1375 3384 1430 3432 nisi

209 3452 353 3502 coniunctis
372 3452 509 3510 subiectis,
527 3454 545 3502 i.
560 3467 584 3504 e.
598 3455 642 3503 ubi
656 3451 770 3520 perinde
788 3457 912 3505 absolute
929 3456 1047 3518 positum
1059 3455 1245 3503 aduerbiorum
1257 3466 1332 3503 more
1344 3454 1428 3502 uerbo

209 3527 254 3572 eut
271 3523 402 3573 sdieciiuo
421 3524 600 3592 subiungitur,
626 3526 723 3589 copule
741 3539 804 3576 uero
824 3526 871 3574 iliu
894 3525 946 3574 duo
968 3525 1139 3574 substantioe
1155 3523 1281 3578 eoneclit,
1309 3524 1339 3571 ui
1356 3525 1428 3586 apud

209 3594 271 3646 Tae.
291 3594 362 3644 xvi.
380 3608 441 3648 ann.
463 3591 504 3654 13.
521 3592 633 3646 seruitia
649 3591 760 3661 perinde
777 3599 804 3645 et
820 3592 932 3658 ingenua
946 3589 1037 3660 plebes
1053 3591 1153 3660 ruptiis
1166 3590 1289 3656 utinensi.
1324 3593 1428 3644 Eadem

209 3667 364 3724 causaest,
388 3681 435 3716 eur
452 3680 485 3716 ne
504 3667 563 3716 sine
585 3667 682 3729 copula
705 3666 811 3731 quidem
835 3665 960 3716 absolute
983 3665 1036 3714 boc
1057 3664 1117 3714 loco
1131 3658 1247 3729 perinde
1264 3663 1315 3712 dici
1332 3664 1427 3727 potuit.

210 3737 339 3794 Valerius,
359 3737 402 3802 qui
420 3738 581 3800 saepissime
600 3737 651 3786 hoc
671 3737 801 3787 uocabulo
814 3736 904 3793 utitur,
923 3735 1076 3786 constanter
1094 3747 1127 3784 uc
1138 3734 1273 3798 nutatque
1290 3735 1426 3796 apposuit,

209 3811 236 3858 ut
258 3809 352 3858 borium
377 3808 533 3859 alterutrum
552 3807 704 3876 eligentium
728 3809 769 3857 sit.
807 3806 923 3856 Praetull
942 3809 1026 3873 autre,
1045 3804 1233 3866 quinalierum
1251 3803 1316 3853 illud
1334 3805 1427 3854 stetim

209 3879 335 3944 sequitur,
354 3879 381 3928 et
398 3881 543 3942 aliquando
562 3879 732 3928 uerisimilius
750 3881 795 3929 esi
812 3878 946 3929 erudisse
965 3882 1042 3943 atque
1064 3877 1127 3940 posi
1150 3889 1244 3924 uocem
1267 3875 1295 3924 in
1312 3875 1426 3928 emnem

207 3950 321 4000 litteram
339 3954 489 4002 exeuntem.

277 4017 314 4072 uti
325 4019 488 4072 cmirrimum
501 4017 616 4072 retendit
626 4025 731 4082 annum)
748 4019 866 4072 consilio
879 4035 896 4070 a
908 4019 1015 4070 Valerio
1028 4031 1157 4068 meorum
1169 4029 1307 4065 numerum
1319 4017 1428 4066 nucum
1494 4058 1498 4064 .

208 4105 270 4157 esse
288 4095 360 4142 rccte
379 4093 517 4141 ninotnnit
534 4091 686 4142 'iorrcnius
723 4091 780 4142 Non
819 4091 939 4141 enarium
958 4090 1027 4141 onim
1046 4105 1107 4138 eum
1122 4087 1277 4137 decessisse
1294 4088 1428 4136 iestmtur

208 4163 300 4228 Polyb.
319 4162 456 4222 XXXVII,
475 4157 507 4218 33
532 4164 597 4214 Piin.
620 4165 647 4214 h.
666 4179 691 4214 n.
712 4162 771 4220 Vll,
814 4159 839 4212 4.
862 4161 930 4226 ilpp.
954 4161 1020 4212 Pun.
1046 4155 1105 4212 106.
1132 4157 1245 4215 Suitlns,
1270 4157 1329 4212 aliis
1354 4170 1426 4205 armo

209 4235 278 4283 niteo
301 4232 398 4282 XCVII
423 4239 554 4284 mortuum
582 4234 673 4284 scribit
696 4234 838 4296 Eutropius
862 4233 925 4290 illi,
957 4227 1003 4286 il:
1022 4232 1150 4281 maiorem
1175 4227 1323 4295 nonegintn
1347 4225 1427 4274 annis

207 4304 299 4354 Liuius
318 4304 380 4368 epil.
399 4305 458 4357 libr.
476 4305 498 4354 lt
518 4306 622 4368 etipse
639 4305 762 4354 Valerius
782 4303 850 4362 Vlll,
870 4299 912 4360 13,
931 4305 984 4354 esi.
1005 4300 1028 4353 1.

278 4372 302 4426 i.
321 4375 359 4427 Cf.
378 4375 436 4426 Llu.
455 4377 476 4432 l.
497 4371 539 4427 lli.
563 4377 638 4427 Dion.
658 4375 718 4426 ilai.
737 4375 768 4432 ll,
787 4369 831 4425 56.
856 4373 923 4424 Plui.
941 4374 1018 4424 Rom.
1036 4368 1080 4424 21.
1103 4371 1175 4421 iiior·
1192 4369 1214 4425 I,
1234 4363 1259 4423 i,
1281 4363 1328 4424 lit
1348 4365 1404 4415 alii.

240 4511 257 4567 9
276 4442 303 4497 2.
321 4447 361 4499 ct.
379 4447 437 4500 Liu.
458 4448 495 4508 V,
516 4441 561 4498 32.
584 4445 651 4498 Plui.
670 4447 743 4496 Cam.
764 4441 804 4495 12.
827 4444 905 4494 Dion.
924 4444 984 4494 ilai.
1007 4457 1065 4495 exc.
1085 4442 1145 4492 Vnt.
1163 4437 1229 4489 stat
1253 4435 1314 4488 coll.
1332 4434 1373 4494 ll,
1397 4449 1425 4498 p.

206 4513 239 4568 47
263 4535 271 4576 3
291 4516 345 4569 elii.

277 4585 380 4654 ingrate
396 4586 488 4656 tapsar
505 4587 597 4640 menne
615 4594 740 4648 errorem)
765 4586 800 4638 Vi
822 4600 873 4636 nos
892 4587 998 4636 coiices
1016 4585 1180 4634 tiernensem
1198 4579 1226 4629 et
1243 4577 1424 4660 aiterumlie·

208 4660 367 4712 roliuensem
386 4661 472 4714 secuti
494 4661 638 4720 edidimus,
662 4659 700 4710 ite
716 4657 861 4712 Torrenius
884 4657 1027 4728 legendum
1049 4665 1113 4704 esse
1137 4649 1302 4710 coniecerat,
1326 4661 1425 4716 quippe
