3409 5400
260 472 324 537 444
478 469 538 537 DE
561 464 746 535 PIETATE
768 465 889 535 ERGA
912 462 1143 534 PARENTES
1165 468 1258 535 ETC.

262 638 372 725 ginem
396 642 427 697 ct
451 632 597 719 Cyrenas
622 632 663 696 de
686 632 784 697 modo
809 632 884 719 agri
906 633 1170 718 pertinacissima
1191 632 1352 696 contentio
1379 640 1491 706 esset,

262 745 305 809 ad
332 744 479 808 ultimum
507 742 630 827 placuit
658 741 819 826 utrimque
849 738 967 803 eodem
996 748 1143 825 tempore
1174 741 1310 804 iuuenes
1341 741 1429 804 mitti
1455 751 1493 803 et

260 852 378 925 locum,
401 852 436 915 iu
460 871 556 935 quern
580 848 614 912 hi
639 849 879 922 conuenissent,
903 850 1002 912 finem
1025 845 1184 912 ambobus
1200 845 1314 913 haberi
1336 846 1490 932 populis.

262 956 387 1023 Verum
407 956 471 1021 hoc
491 966 623 1042 pactum
638 954 935 1041 Karthaginienses
953 956 1017 1018 duo
1040 956 1156 1018 fratres
1180 955 1312 1018 nomine
1328 951 1490 1017 Philaeni

261 1066 398 1153 perfidia
419 1085 683 1149 praecucurrere,
708 1064 790 1127 citra
812 1062 1021 1127 constitutam
1043 1061 1159 1126 horam
1174 1072 1334 1126 maturato
1358 1081 1521 1147 gressus

261 1175 295 1236 in
318 1172 449 1259 longius
473 1173 629 1258 promotis
655 1171 810 1235 terminis.
859 1168 956 1249 Quod
973 1190 1048 1232 cum
1066 1169 1299 1233 intellexissent
1314 1168 1491 1254 Cyrenen·

263 1280 347 1343 sium
370 1280 518 1351 iuuenes,
543 1275 597 1343 diu
620 1277 660 1340 de
683 1277 814 1341 fallacia
837 1298 950 1340 eorum
975 1277 1091 1363 questi,
1113 1287 1280 1362 postremo
1303 1274 1491 1338 acerbitate

264 1380 467 1448 condicionis
490 1385 641 1449 iniuriam
673 1384 835 1449 discutere
866 1386 975 1447 conati
1003 1392 1090 1447 sunt.
1148 1382 1306 1448 Dixerunt
1335 1402 1490 1467 namque

265 1493 312 1555 sic
337 1513 411 1557 eum
435 1493 533 1555 linem
556 1500 660 1555 ratum
686 1491 773 1565 fore,
798 1491 828 1555 si
849 1488 999 1555 Philaeni
1023 1491 1119 1554 uiuos
1141 1491 1185 1555 ibi
1209 1511 1249 1554 se·
1270 1489 1362 1554 obrui
1386 1490 1490 1574 passi

265 1610 385 1663 essent.
442 1598 510 1662 Sed
542 1597 678 1661 consilio
710 1609 846 1662 euentus
876 1619 942 1661 non
969 1598 1148 1683 respondit.
1205 1596 1253 1660 llli
1280 1597 1368 1660 enim
1390 1594 1530 1660 nullate

263 1705 455 1789 interposita
484 1726 578 1767 mora
609 1726 747 1789 corpora
778 1726 839 1769 sua
867 1704 920 1769 his
953 1716 1039 1770 terra
1068 1704 1247 1790 operienda
1269 1702 1488 1768 tradiderunt.

265 1810 330 1889 Qui
354 1811 509 1895 quoniam
533 1813 657 1895 patriae
683 1832 780 1897 quam
804 1813 892 1876 uitae
921 1833 1001 1877 suae
1028 1812 1196 1899 longiores
1226 1810 1380 1874 terminos
1406 1832 1490 1873 esse

263 1914 455 1990 maluerunt,
478 1915 561 1980 bene
584 1918 701 1992 iacent,
725 1918 877 1982 manibus
902 1929 933 1982 et
956 1918 1088 1983 ossibus
1113 1920 1182 1983 suis
1206 1918 1339 1981 dilatato
1354 1915 1488 1981 Punico

264 2022 411 2107 imperio.
457 2020 523 2087 Vbi
546 2034 622 2088 sunt
644 2014 1043 2113 superbae‘Karthaginis
1067 2024 1132 2089 alta
1153 2022 1309 2088 moenia‘l
1333 2023 1389 2087 ubi
1411 2044 1490 2086 ma·
1581 2037 1591 2056 ³

263 2129 371 2192 ritima
386 2128 492 2216 gloria
507 2130 607 2196 inchti
623 2130 762 2217 portus?
786 2133 841 2197 ubi
858 2134 983 2195 cunctis
1001 2131 1148 2197 litoribus
1165 2131 1315 2195 terribilis
1336 2128 1487 2194 classis?
1498 2142 1527 2187 ts

264 2236 321 2300 ubi
344 2248 388 2300 tot
416 2236 600 2301 exercitus?
630 2240 686 2303 ubi
716 2251 824 2303 tantus
854 2238 1045 2325 equitatus?
1075 2240 1130 2303 ubi
1160 2240 1324 2302 immenso
1348 2236 1485 2300 Africae

265 2345 372 2431 spatio
401 2366 468 2409 non
498 2347 641 2409 contenti
670 2344 829 2430 spiritus‘.>
865 2345 986 2409 Omnia
1013 2347 1078 2410 ista
1113 2346 1240 2409 duobus
1270 2343 1484 2429 Scipionibus

264 2454 395 2515 fortuna
417 2454 534 2536 partita
558 2464 616 2517 est.
664 2452 707 2515 At
722 2452 956 2517 Philaenorum
975 2454 1102 2542 egregii
1124 2453 1201 2517 facti
1224 2451 1417 2516 memoriam
1440 2470 1484 2512 ne

266 2558 388 2641 patriae
413 2558 542 2643 quidem
566 2560 712 2623 interitus
737 2561 878 2623 extinxit.
923 2559 1013 2625 Nihil
1036 2572 1085 2625 est
1104 2561 1201 2646 igitur
1217 2566 1352 2644 excepta
1366 2558 1483 2622 uirtute

267 2662 355 2751 quod
377 2662 507 2728 mortali
530 2666 638 2729 animo
664 2688 702 2730 ac
725 2688 825 2734 manu
847 2668 1019 2734 inmortale
1043 2669 1157 2756 quaeri
1178 2667 1294 2754 possit.
1491 2681 1523 2726 2⁰

269 2843 291 2897 1.
315 2859 416 2910 yreuas
434 2859 478 2912 pr.
499 2842 530 2896 A.
549 2841 561 2912 ΙΙ
581 2847 670 2914 modo]
699 2845 851 2916 meguod.
882 2849 1004 2917 margine
1030 2846 1198 2900 aaaron.
1219 2843 1231 2917 ΙΙ
1248 2843 1275 2898 2.
1294 2845 1397 2908 utrique
1414 2840 1445 2896 F.
1457 2843 1470 2911 ΙΙ

267 2917 388 2979 eodemq.
412 2913 444 2966 A.
475 2919 622 2980 eodemque
645 2915 741 2970 ΒΕΓ.
771 2933 856 2984 eoque
883 2917 987 2989 (1113,
1011 2920 1050 2985 hi]
1082 2921 1099 2969 ii
1120 2917 1262 2987 Neruii
1280 2919 1410 2968 ambobus
1434 2931 1481 2979 po·

266 2989 336 3054 pulis
360 2989 439 3038 tinem
461 2989 556 3039 haberi
577 2987 633 3058 llll
649 2985 675 3038 4.
696 2991 913 3058 kartaginleuses
930 2989 962 3042 A.
988 2992 1247 3058 Carthaginiensium
1271 2986 1348 3040 Torr.
1359 2985 1373 3054 ΙΙ
1384 2988 1481 3050 philoni

266 3058 357 3112 APar.
376 3055 388 3126 ΙΙ
407 3055 432 3110 5.
450 3065 620 3123 percurarent
637 3059 671 3112 Ε.
696 3065 914 3124 praecucurrerat
932 3059 960 3114 F.
984 3063 1189 3126 praecurrerunt
1209 3059 1240 3114 Γ.
1257 3059 1270 3126 ΙΙ
1286 3062 1359 3110 circa
1376 3055 1411 3110 Ε.
1426 3055 1440 3123 ΙΙ
1456 3054 1480 3106 l.

267 3132 412 3182 eceruitate
431 3145 476 3196 pr.
500 3129 606 3201 1118.
632 3132 725 3182 iniuria
749 3129 777 3182 F.
799 3132 812 3200 ΙΙ
834 3129 860 3184 il.
884 3133 935 3200 sie]
959 3135 984 3182 si
1002 3147 1048 3200 pr.
1072 3131 1104 3184 Γ.
1127 3133 1140 3201 ΙΙ
1163 3133 1271 3197 philenii
1294 3127 1317 3181 C
1338 3134 1364 3180 el
1381 3143 1427 3196 pr.
1448 3127 1479 3181 A.

280 3203 368 3272 111110
387 3203 439 3252 sibi
452 3215 497 3268 pr.
516 3199 627 3272 11110]
648 3207 706 3254 oute
725 3205 759 3252 ibi
774 3201 814 3264 (l)
823 3201 899 3256 Terr.
911 3204 925 3272 ΙΙ
938 3202 978 3255 to.
991 3205 1148 3270 interposita
1165 3205 1240 3254 nulla
1257 3201 1293 3255 E.
1308 3199 1320 3268 ΙΙ
1336 3198 1378 3252 11.
1395 3201 1428 3249 iis
1445 3197 1479 3250 E.

280 3279 292 3336 ΙΙ
309 3271 349 3326 13.
368 3275 508 3324 uoluerunt
526 3272 554 3324 F.
570 3274 581 3344 il
596 3275 694 3326 Punico
714 3275 825 3324 dilatato
847 3273 923 3327 Terr.
935 3275 948 3343 ΙΙ
963 3271 1003 3326 15.
1021 3276 1113 3340 inclyti
1131 3272 1209 3342 (11.)ss
1227 3269 1266 3326 16.
1286 3275 1330 3324 ubi
1351 3273 1390 3322 tot
1407 3286 1479 3321 exer·

267 3348 402 3414 citusom.
421 3342 451 3395 F.
464 3343 477 3412 Η
490 3345 635 3399 immensae
654 3341 685 3398 F.
698 3344 710 3412 ΙΙ
728 3341 765 3397 18.
785 3347 818 3396 At
850 3362 926 3414 apr.
944 3344 976 3398 A.
991 3347 1004 3414 ΙΙ
1025 3348 1190 3410 philenorum
1208 3343 1269 3410 1111
1286 3344 1332 3411 ne]
1353 3359 1402 3394 nec
1419 3339 1481 3392 Fet

262 3432 307 3485 pr.
326 3415 358 3468 A.
376 3433 425 3468 om.
444 3413 481 3469 D.
505 3415 563 3472 Vid.
583 3416 619 3469 ad
636 3416 673 3478 ll,
696 3417 717 3477 Ι,
736 3416 761 3471 l.
774 3415 787 3485 ΙΙ
802 3413 842 3470 lt.
861 3417 992 3483 interitus]
1013 3414 1076 3467 add.
1094 3433 1146 3467 non
1165 3414 1201 3468 D.
1216 3413 1285 3484 1120.
1300 3413 1416 3480 mortali]
1434 3415 1480 3463 im-

268 3489 372 3540 mortali
389 3486 418 3540 Γ.
431 3485 444 3555 ΙΙ
456 3489 499 3556 ac]
520 3493 547 3541 et
565 3489 598 3544 Ε.
610 3489 624 3560 ΙΙ
635 3494 730 3556 posset
743 3501 788 3558 pr.
808 3487 838 3542 Α.

338 3646 371 3700 de
393 3646 469 3700 modo
492 3649 561 3718 cyri)
591 3653 650 3702 Non
675 3654 799 3703 accurate
824 3655 934 3704 colorus
959 3653 1076 3702 codicem
1100 3650 1170 3701 Petri
1195 3648 1314 3699 Danielis
1340 3643 1373 3697 de
1395 3658 1481 3711 mepte

269 3719 329 3786 apri
346 3722 474 3772 exhibere
494 3724 588 3782 retulit,
609 3739 668 3772 curn
682 3725 781 3774 habeat
800 3721 832 3774 de
850 3739 941 3789 meque
960 3721 1027 3788 apri.
1064 3726 1138 3783 Quae
1151 3737 1213 3771 num
1227 3719 1367 3783 archetypi
1381 3731 1481 3784 quoque

268 3792 399 3853 scriptura
418 3792 495 3842 tuerit
513 3795 615 3843 dinosci
634 3809 686 3843 non
705 3797 802 3857 potest.
821 3796 945 3856 quoniam
959 3795 1069 3845 alterius
1087 3794 1204 3843 familiae
1217 3792 1323 3841 codices
1335 3789 1482 3840 notabiliter

268 3863 295 3910 et
317 3861 385 3909 inter
409 3874 440 3910 se
466 3867 492 3912 et
516 3879 532 3912 a
556 3865 684 3914 Borncnsi
707 3867 800 3914 'codice
824 3867 984 3927 discrepant.
1026 3865 1118 3913 Altero
1143 3865 1212 3914 enim
1234 3876 1300 3925 pars
1319 3858 1352 3910 de
1369 3857 1482 3925 margine

269 3926 329 3996 apri
346 3931 454 3994 profert,
474 3936 546 3982 utet
565 3937 671 3984 ueteres
691 3936 832 3992 editiones.
858 3937 937 3996 idque
962 3937 1060 3984 mansit
1083 3936 1206 3984 adhunc
1224 3935 1293 3982 diem
1317 3933 1344 3981 in
1368 3930 1481 3998 uolgatis

268 4001 407 4064 exemplis.
450 4007 506 4062 Quo
531 4007 663 4054 uocabulo
687 4020 749 4054 nuru
775 4021 900 4070 umquam
925 4007 992 4055 lines
1017 4007 1077 4074 egri
1100 4007 1257 4056 denotentur
1280 4003 1360 4052 ualde
1378 4003 1482 4057 dubito3

268 4087 332 4126 nam
351 4071 376 4121 in
395 4071 471 4122 Plinii
489 4075 624 4126 1111111.
644 4071 680 4126 20
699 4081 725 4125 et
744 4077 820 4126 Ouid.
834 4072 1019 4134 1111111201).
1040 4091 1107 4142 quos
1126 4078 1201 4127 locos
1219 4075 1365 4124 Torrenios
1384 4073 1482 4129 citauit,

270 4147 390 4197 extrema
408 4143 511 4206 imperii
529 4157 607 4206 pars,
632 4161 684 4195 101
708 4147 760 4208 ipsi
780 4147 846 4196 flues
871 4149 908 4197 ita
930 4149 1120 4198 describuntur.
1166 4149 1264 4198 Veram
1283 4146 1441 4210 scripturam
1459 4145 1483 4192 in

270 4219 354 4268 altero
373 4215 432 4264 eius
451 4214 566 4264 familiae
586 4229 686 4282 genere
711 4221 756 4265 aut
779 4222 917 4268 seruatam
941 4221 987 4268 aut
1004 4221 1156 4269 coniectura
1178 4220 1314 4269 inuentam
1333 4229 1397 4266 esse
1415 4229 1483 4265 corn·

268 4289 366 4352 probat
384 4301 453 4335 nune
471 4287 528 4335 10111
547 4287 650 4336 Paridis
669 4290 862 4351 compendium,
883 4292 957 4339 cuius
976 4293 1059 4340 uerba
1077 4291 1146 4340 haec
1165 4293 1235 4347 sunt,
1256 4283 1482 4339 0101101111-

270 4357 397 4425 tdayinem
416 4361 441 4406 ct
453 4353 565 4424 Cyrenas
584 4354 616 4407 dc
634 4357 694 4423 apri
710 4356 786 4409 modo
800 4359 1014 4427 pertinacissima
1027 4359 1154 4412 contentio
1167 4365 1240 4413 earet.
1276 4358 1482 4426 Intellegendum

268 4431 349 4498 igitur
371 4430 404 4478 de
425 4443 551 4479 mensura
573 4431 645 4496 agri,
672 4433 704 4480 de
728 4447 782 4492 qua
805 4434 961 4482 notissimae
983 4434 1046 4482 illae
1069 4434 1252 4483 contentiones
1275 4445 1293 4480 a
1317 4430 1483 4480 mensoribus

272 4514 376 4565 quoque
394 4502 501 4563 proprio
520 4503 650 4551 uocabulo
670 4503 703 4551 de
722 4505 800 4552 modo
820 4505 1018 4554 controuersiae
1037 4505 1212 4568 appellantur.
1480 4517 1484 4523 '

342 4565 429 4620 eodem
448 4576 571 4638 temperet
589 4573 661 4622 Libri
678 4575 781 4624 tentum
800 4591 851 4625 non
871 4589 964 4626 onmes
984 4570 1120 4642 cederetque
1138 4579 1261 4642 tempere.
1282 4574 1360 4639 quod,
1380 4573 1408 4620 ¹¹t
1425 4585 1483 4622 Μ

272 4642 377 4700 quidem
396 4642 446 4691 lert
464 4645 560 4706 opinio,
580 4644 672 4694 merito
690 4660 744 4695 non
763 4651 899 4711 receptum
918 4648 960 4696 est
978 4648 1012 4695 ab
1031 4647 1185 4698 editoribus.
1226 4646 1320 4709 Neque
1338 4645 1408 4694 enim
1426 4657 1483 4691 cum

272 4711 422 4760 delinitione
442 4715 565 4764 contrarii
583 4715 642 4774 loci,
663 4718 731 4768 unde
749 4719 826 4769 missi
844 4719 906 4770 sunt
914 4718 1042 4776 Philaeni,
1062 4717 1182 4768 eiusdem
1199 4716 1407 4781 temporisque
1426 4727 1482 4778 pro·
1518 4751 1522 4760 .
