3409 5400
600 520 683 589 nm.
705 520 761 603 III,
786 520 823 588 0.
847 522 880 600 3,
902 531 932 601 ς.
959 524 988 591 1.
1012 522 1045 589 2.
1372 516 1439 591 ate

215 678 287 749 rum
311 683 395 750 inter
417 678 620 749 molitionem
646 686 692 771 pii
719 684 841 768 pariter
869 704 909 747 ae
935 683 1030 747 fortis
1058 682 1219 766 propositi
1248 700 1439 769 oppressus,

216 808 276 857 nee
300 812 438 856 causam
461 790 621 855 aduentus
643 791 723 855 texit
745 800 776 853 et
805 800 968 854 tormenta
990 798 1192 874 quantopere
1220 798 1440 854 contemneret

215 900 300 965 mira
322 899 478 984 patientia
501 895 652 961 ostendit.
698 896 843 963 Perosus
867 897 973 970 enim,
997 893 1111 966 eredo,
1143 893 1309 957 dexteram
1332 915 1439 970 stram,

216 1004 304 1091 quod
327 1006 398 1067 eius
421 1004 600 1067 ministerio
623 1004 658 1065 in
674 1003 776 1067 caede
792 1004 883 1089 regis
898 1003 943 1065 uti
959 1002 1138 1087 nequisset,
1160 999 1314 1065 iniectam
1329 998 1438 1061 foculo

191 1111 306 1175 aexuri
328 1130 450 1196 pessus
474 1120 533 1174 est.
579 1108 710 1173 Nullum
733 1112 880 1196 profecte
908 1109 943 1171 di
963 1106 1154 1171 inmortales
1178 1106 1346 1169 adulatum
1370 1105 1437 1168 aris

215 1217 334 1281 cultant
359 1214 593 1282 adtentioribus
617 1214 720 1281 onidis
744 1216 904 1281 uiderunt.
949 1213 1062 1298 ipsum
1087 1231 1216 1301 quoque
1230 1213 1438 1276 Porsennam

78 1310 80 1369 i
215 1324 348 1393 oblitum
365 1322 499 1408 periculi
515 1324 565 1387 sui
581 1322 733 1388 ultionem
751 1342 844 1387 suam
863 1332 989 1384 uertere
1002 1323 1036 1384 in
1053 1320 1302 1385 admirationem
1319 1320 1436 1404 coegit.

77 1410 78 1451 i
214 1428 301 1495 Nam
330 1429 543 1503 ‘Reuertere',
572 1431 686 1515 inquit,
708 1428 763 1492 ‘ad
787 1440 880 1500 tuos,
911 1426 1015 1500 Muci,
1047 1438 1079 1489 et
1107 1428 1154 1490 eis
1178 1426 1264 1490 refer
1286 1436 1334 1502 te,
1365 1445 1439 1487 cum

215 1538 317 1601 uitam
340 1556 449 1601 meam
477 1536 625 1621 petieris,
655 1556 676 1599 a
703 1556 755 1599 me
786 1534 855 1598 uita
885 1530 1061 1597 donatum'.
1108 1533 1210 1596 (laius
1233 1532 1440 1597 elementiam

176 1660 283 1707 eonon
306 1641 457 1711 adulatus
480 1640 620 1716 Muciae,
643 1642 763 1705 tristior
778 1640 972 1704 Porsennae
988 1638 1092 1703 salute
1116 1659 1301 1725 quamsua
1314 1637 1439 1710 laetior,

215 1748 288 1816 urbi
312 1770 349 1813 se
373 1770 446 1813 cum
470 1760 622 1812 aeternae
647 1748 771 1835 gloriae
795 1748 992 1833 cognomine
1015 1745 1198 1811 Scaeuolae
1220 1743 1370 1809 reddidit.

306 1854 443 1940 Pompei
466 1856 564 1919 etiam
587 1855 765 1941 probabilis
789 1858 912 1930 uirtus,
936 1856 1006 1941 qui,
1030 1853 1106 1917 dum
1130 1852 1305 1941 legationis
1330 1853 1438 1916 otlieio
1448 1847 1479 1917 2.

216 1962 371 2053 fungitur,
396 1984 416 2025 a
430 1982 509 2043 repe
524 1961 640 2025 Gentio
664 1962 872 2048 interceptus,
896 1982 970 2025 eum
987 1970 1122 2025 senatus
1139 1959 1278 2025 consilia
1299 1959 1438 2046 prodere

218 2068 391 2139 iuberetur,
414 2067 540 2131 ardenti
560 2067 714 2133 lucernae
738 2067 906 2133 admotum
936 2068 1073 2156 digitum
1102 2065 1314 2131 cremandum
1341 2085 1437 2151 prae·

217 2298 244 2353 t.
263 2302 373 2351 eaedem
392 2314 461 2353 corr.
479 2296 516 2351 D.
531 2296 543 2371 ΙΙ
557 2294 583 2349 li.
601 2302 751 2351 inuiderunt
768 2298 800 2353 A.
816 2297 827 2369 ΙΙ
843 2298 867 2351 l.
881 2298 934 2365 sert]
954 2300 996 2348 sui
1014 2300 1071 2350 tere
1088 2300 1117 2351 a·
1134 2312 1232 2349 rasura
1247 2296 1277 2350 A.
1297 2312 1345 2350 oet.
1361 2294 1437 2351 Torr.

231 2369 283 2438 l9·
302 2370 368 2437 nita]
388 2373 469 2422 uitam
482 2384 528 2437 pr.
549 2370 577 2423 Ο.
589 2368 603 2439 ΙΙ
615 2370 752 2437 donettun]
771 2370 876 2423 litterae
893 2387 938 2421 um
955 2368 984 2419 ia
1001 2384 1098 2422 rasura
1117 2368 1145 2421 0.
1160 2366 1173 2436 ΙΙ
1189 2367 1229 2423 tu.
1242 2367 1355 2432 tristior]
1375 2362 1438 2417 add.

217 2459 267 2511 pro
284 2440 318 2497 Β.
329 2440 343 2509 ΙΙ
358 2439 398 2493 ll.
417 2442 546 2493 seheuola
559 2440 592 2492 Β.
615 2444 768 2493 seaeuolam
790 2440 817 2495 F.
830 2440 907 2493 Tere.
924 2440 939 2506 ΙΙ
954 2442 1032 2491 rediit
1049 2438 1084 2493 Ε.
1101 2440 1114 2507 ΙΙ
1134 2438 1176 2493 12.
1201 2441 1310 2505 Pompei
1328 2466 1363 2477 -
1382 2436 1437 2502 qui}

217 2510 488 2637 Pelliti
505 2507 1198 2652 pppffirggsagtg³·Afgn2335ugppge
1212 2508 1340 2647 mo·
1360 2506 1438 2631 llll

218 2654 250 2718 t,
270 2653 348 2708 Torr.
371 2652 405 2708 Vt
420 2668 468 2706 aar
484 2653 548 2707 Par.

288 2832 314 2887 2.
332 2831 439 2902 Pompei
457 2832 535 2885 etiam
551 2831 699 2900 prolatilis
716 2833 812 2892 uirtus)
838 2836 893 2887 Res
912 2835 1016 2885 delectu
1036 2833 1131 2893 tontis,
1156 2849 1173 2883 e
1191 2849 1243 2898 quo
1261 2833 1330 2883 haec
1349 2833 1439 2882 hausit

220 2905 352 2964 Valerius,
373 2909 396 2956 si
415 2919 484 2971 quae
502 2906 557 2955 alla
575 2907 601 2955 in
620 2906 671 2956 hoc
690 2909 832 2971 scriptore,
859 2910 975 2958 obscura
998 2908 1041 2954 est
1063 2918 1097 2954 ae
1122 2905 1274 2968 desperate.
1316 2904 1438 2971 Legatos

219 2979 252 3026 ad
278 2979 399 3027 Gentium
423 2991 518 3046 regem
540 2993 558 3026 a
582 2981 678 3027 senatu
704 2980 803 3028 missos
827 2979 871 3026 bis
901 2977 1119 3028 commemorauit
1141 2975 1246 3031 Liuiusr
1274 2975 1349 3040 prius
1379 2989 1438 3024 oum

219 3046 342 3098 Issenses
362 3048 444 3116 legati
462 3047 530 3098 fines
550 3061 616 3098 suos
635 3051 670 3098 ab
687 3044 721 3098 ‘eo
739 3051 882 3113 populatos
901 3048 1088 3112 quererentur,
1113 3049 1320 3112 suspectumque
1344 3047 1438 3096 redde·

219 3121 277 3168 rent
308 3121 444 3183 tamquam
477 3120 577 3168 bellum
605 3125 698 3169 eontra
725 3119 861 3170 Romanos
889 3135 943 3171 unu
971 3134 1031 3168 eum
1052 3118 1153 3168 Perseo
1186 3131 1252 3186 rege
1285 3118 1439 3167 molientem

219 3189 389 3252 (Liu.XLll,
408 3183 472 3252 dd).
508 3189 587 3238 Missi
605 3192 667 3239 tune
686 3189 716 3240 A.
735 3189 877 3242 Terentius
894 3191 989 3248 Varro,
1009 3191 1037 3238 C.
1056 3189 1219 3247 Plaetorius,
1239 3189 1267 3238 C.
1292 3190 1437 3238 Cicereius:

220 3271 286 3322 quos
304 3258 467 3320 interceptos
493 3271 556 3308 esse
576 3275 593 3308 a
611 3275 676 3328 rege
701 3275 794 3322 nequo
813 3263 876 3310 alibi
905 3262 1051 3312 memoriae
1072 3259 1195 3309 traditum
1219 3273 1308 3320 neque
1331 3259 1438 3308 omnino

218 3329 244 3377 in
274 3329 325 3376 hoe
353 3327 422 3376 Liuii
453 3329 480 3377 et
509 3330 623 3391 Appiani
651 3332 757 3380 silentio
792 3333 879 3382 simile
910 3334 953 3381 est
983 3332 1048 3379 ueri.
1100 3327 1263 3378 Sed'malto
1291 3329 1378 3376 minus
1411 3328 1438 3375 in

219 3399 306 3448 altera
334 3397 468 3464 legatione
502 3400 634 3448 accidisse
666 3403 780 3462 possunt
810 3416 879 3467 quae
911 3403 1053 3454 nouantur
1083 3415 1101 3447 o
1124 3398 1246 3455 Valerio,
1283 3413 1343 3446 cum
1376 3397 1439 3445 inde

219 3471 254 3518 ab
279 3483 311 3518 eo
329 3471 449 3530 tempere
475 3469 508 3517 de
527 3469 642 3518 amicitia
665 3471 757 3532 populi
783 3471 895 3520 Romani
920 3471 1072 3533 expetenda
1095 3483 1130 3517 ne
1153 3467 1310 3533 cogitauerit
1350 3468 1439 3516 uidem

220 3541 338 3589 Gentius.
383 3538 481 3587 Retulit
504 3540 574 3590 enim
594 3539 686 3587 Liuius
705 3540 824 3603 (XLllli,
849 3537 904 3605 et.)
926 3542 1027 3590 missos
1052 3553 1115 3588 esse
1140 3538 1177 3599 (n.
1202 3551 1227 3583 u.
1253 3551 1275 3586 e.
1303 3481 1376 3600 wi.)
1400 3537 1438 3587 Μ.

220 3611 382 3675 Perpernam
408 3611 434 3658 et
458 3607 489 3660 l..
514 3609 644 3659 Petillium
669 3609 775 3676 legatos
795 3623 895 3674 eosque
918 3614 947 3659 in
972 3609 1119 3657 custodiam
1144 3607 1279 3658 coniectos
1298 3611 1324 3656 et
1353 3607 1379 3655 in
1405 3621 1438 3657 eo

219 3683 336 3738 retentos
355 3693 428 3739 csse,
447 3682 531 3730 donec
551 3682 586 3728 eb
604 3680 696 3728 Anicio
715 3681 852 3744 praetore,
872 3682 935 3729 betti
952 3679 1052 3743 illyrici
1075 3677 1239 3733 coniectore,
1264 3679 1439 3728 liberarentur

219 3753 297 3818 inque
315 3753 453 3817 pristinum
472 3751 674 3804 restituerentur
691 3751 834 3806 honorem:
855 3751 888 3800 dc
900 3751 1027 3813 Pompelo
1047 3751 1125 3798 etde
1144 3749 1304 3809 tortitudine,
1324 3765 1376 3815 qua
1393 3749 1438 3799 ille

220 3825 287 3873 alter
305 3821 438 3873 Scaeuola
456 3837 548 3890 regem
571 3823 604 3872 ad
630 3821 773 3872 amicitiam
799 3823 889 3885 pepuli
907 3823 1020 3871 Romani
1044 3820 1221 3883 expetendam
1239 3820 1384 3884 impulerit,
1408 3832 1438 3870 re

218 3897 366 3944 memoratu
385 3907 452 3944 sane
472 3893 640 3960 dignissima,
661 3892 734 3942 nihil.
773 3892 891 3950 Accedit,
908 3893 977 3959 quod
995 3892 1049 3941 tam
1068 3891 1181 3959 Pighius
1200 3892 1304 3947 obiecit,
1325 3893 1437 3957 Pompe·

218 3965 303 4014 lorum
322 3965 449 4016 familiam
469 3967 530 4014 tune
548 3963 676 4029 temporis
698 3967 841 4014 obscuram
864 3965 1006 4014 admodum
1026 3965 1105 4030 atque
1128 3963 1274 4030 ignobitem
1298 3964 1438 4024 seleseia

218 4051 272 4099 qua
290 4038 391 4100 primns
414 4037 444 4095 Q.
463 4029 606 4100 Pompeius
625 4037 656 4085 A.
674 4035 705 4086 F.
725 4051 750 4088 u.
769 4031 821 4086 ott
845 4037 935 4086 ‘homo
973 4049 1002 4084 er
1020 4049 1051 4084 sc
1070 4035 1192 4101 cognitus
1217 4035 1275 4084 sine
1295 4036 1349 4085 ulls
1367 4051 1437 4085 com·

218 4107 385 4158 mandatione
405 4108 552 4168 maiorum',
571 4111 600 4156 ut
618 4097 656 4156 all
675 4108 711 4156 Μ.
730 4108 821 4157 Cicero
840 4107 925 4171 (Brut.
943 4051 987 4166 ἐ,
1006 4099 1049 4158 96.
1068 4106 1108 4155 Cl.
1127 4103 1194 4156 vett.
1212 4105 1245 4165 11,
1266 4103 1289 4164 l,
1309 4102 1347 4170 4),
1366 4121 1437 4156 sum·

218 4191 277 4227 mos
295 4177 411 4226 honores
433 4179 547 4241 adeptos
573 4179 623 4228 est.
663 4177 704 4227 Ne
727 4181 817 4228 tamen
842 4179 868 4227 in
891 4179 997 4227 nomine
1021 4193 1039 4225 a
1062 4177 1151 4226 scribe
1174 4179 1291 4228 erratum
1313 4180 1437 4242 putemus

217 4249 362 4314 impediunt
379 4262 449 4310 quae
468 4253 626 4314 sequuntur,
651 4247 859 4299 clarissimarum
869 4246 1039 4315 familiarem
1058 4243 1308 4298 commendationem
1345 4249 1438 4312 ltaque

217 4320 297 4370 eraldo
317 4333 395 4384 quarn
416 4321 493 4369 cattle
511 4320 580 4370 haee
606 4321 761 4383 accipienda
785 4323 860 4378 sunt,
886 4335 996 4386 quorum
1020 4319 1085 4368 mlhl
1109 4320 1214 4381 quidem
1238 4318 1362 4367 Valerius
1393 4332 1436 4365 sn·

217 4392 251 4439 tis
276 4391 366 4510 foede3
385 4391 523 4440 historiam
561 4392 664 4440 uidetur
692 4392 853 4456 corrupisse.
900 4393 939 4442 01.
955 4391 1083 4458 ’,Βιιροή
1112 4390 1148 4438 111
1177 4390 1284 4439 dissert.
1313 4389 1347 4436 sd
1378 4387 1437 4436 vu.

216 4461 289 4511 Max.
308 4477 330 4511 e.
368 4495 374 4508 .
394 4457 396 4467 '
1184 4471 1192 4484 ⁸

217 4531 238 4538 ''
288 4545 304 4582 a
322 4531 505 4598 repellentia)
529 4531 657 4597 supplent
676 4545 746 4598 repr.
767 4533 836 4600 quod
856 4535 973 4597 perierat
990 4533 1017 4583 in
1037 4532 1184 4598 archetypo
1204 4529 1309 4589 codice,
1329 4545 1345 4581 e
1362 4529 1437 4580 Pari·
1535 4591 1544 4600 ἡ

217 4603 292 4652 densi
312 4604 390 4653 huius
410 4604 525 4669 exempli
538 4605 704 4668 compendio,
723 4605 748 4653 ln
768 4620 820 4670 quo
833 4605 942 4672 singula
955 4605 1054 4654 Valerii
1067 4605 1151 4653 uerba
1162 4604 1270 4669 praeter
1282 4604 1437 4665 suspectum

215 4673 280 4724 illud
299 4673 412 4725 exuent
428 4677 529 4725 intacta
546 4676 652 4725 retinuit
670 4675 847 4727 abbrenlator.
894 4676 1082 4725 Animaduerto
1107 4676 1178 4723 enim
1196 4689 1249 4724 non
1270 4674 1321 4722 nisi
1345 4674 1372 4722 in
1390 4688 1436 4722 no·

216 4743 328 4800 termus
347 4745 448 4814 aliquot
466 4749 635 4800 externarum
652 4747 772 4815 gentium
790 4745 902 4815 regibus
926 4759 959 4797 ee
980 4759 1016 4796 ne
1039 4745 1067 4796 in
1088 4745 1132 4796 his
1151 4746 1258 4811 quidem
1275 4745 1439 4811 frequenter,
