3409 5400
198 490 200 495 ’
285 493 351 563 1142
504 489 565 558 ΒΕ
586 484 881 555 ABSTINENTIA
904 485 961 552 ΒΤ
984 481 1289 553 CONTINENTIA.

243 653 275 719 3.
373 650 490 739 Aeque
521 649 715 717 abstinentis
753 655 908 716 senectae
932 646 1144 715 Xenocraten
1177 646 1282 713 fuisse
1311 646 1513 731 accepimus.

285 761 386 827 Catius
416 758 580 843 opinionis
610 776 678 821 nou
705 776 812 841 parua
841 754 924 819 lidos
953 755 1013 817 erit
1041 754 1202 828 narratio,
1231 773 1316 839 quae
1345 762 1513 839 sequetur.

283 866 322 933 In
344 862 516 953 peruigilio
539 861 682 949 Phryne,
715 860 825 925 nobile
853 860 994 927 Athenis
1022 870 1178 937 scortum,
1205 862 1296 931 iuxta
1328 879 1405 925 eum
1431 860 1512 930 uiuo

284 994 423 1061 grauem
447 970 608 1046 accubuit,
629 970 771 1055 pignore
794 990 871 1033 cum
900 968 1100 1055 quibusdam
1127 966 1302 1032 iuuenibus
1330 966 1438 1052 posito
1466 986 1515 1030 au

284 1080 534 1167 temperantiam
569 1077 640 1141 eius
675 1097 884 1164 corrumpere
918 1086 1043 1161 posset.
1090 1074 1199 1154 Quam
1233 1094 1293 1136 uec
1329 1083 1416 1142 tectu
1449 1086 1543 1137 neca

285 1206 440 1255 sermone
463 1192 670 1269 aspernatus,
695 1183 806 1268 quoad
828 1182 977 1248 uoluerat
997 1183 1034 1248 iu
1057 1183 1132 1245 sinu
1155 1202 1216 1245 suo
1239 1190 1413 1255 moratam,
1435 1201 1511 1264 pro·

236 1358 238 1361 .
286 1294 385 1381 positi
407 1291 538 1353 inritam
563 1289 696 1353 dimisit.
730 1288 867 1355 Factum
890 1290 1051 1375 sapientia
1073 1286 1190 1352 imbuti
1212 1287 1313 1351 animi
1330 1286 1512 1353 abstinens.

287 1397 358 1465 Sed
379 1394 604 1461 meretriculae
629 1416 760 1481 quoque
783 1396 905 1459 dictum
921 1416 1081 1480 perquem
1096 1394 1249 1459 facetum.
1280 1392 1512 1459 Deridentibus

288 1506 435 1569 enimse
459 1500 734 1575 adulescentibus,
759 1502 835 1587 quia
859 1512 925 1565 tam
947 1501 1096 1565 formosa
1118 1512 1251 1585 tamque
1279 1499 1416 1585 elegans
1444 1500 1513 1582 poti

287 1612 379 1676 senis
404 1610 549 1675 animum
566 1606 746 1689 inlecebris
759 1606 913 1693 pellicere
931 1630 999 1671 nou
1011 1608 1181 1691 potuisset,
1199 1616 1395 1691 pactumque
1411 1606 1514 1670 arieto·
1525 1624 1553 1669 ro

287 1718 358 1781 riae
379 1716 518 1801 pretium
542 1713 776 1801 flagitantibus,
800 1712 841 1776 dc
858 1713 992 1778 homine
1015 1735 1053 1779 se
1076 1735 1152 1777 cum
1173 1714 1226 1787 iis,
1249 1733 1317 1777 nou
1340 1710 1381 1775 de
1404 1721 1514 1777 statua

288 1824 411 1909 pignus
434 1821 589 1903 posuisse
612 1820 791 1904 respoudit
827 1818 983 1885 Potestne
997 1818 1080 1885 haec
1099 1819 1298 1884 Xenocratis
1316 1817 1515 1883 coutinentia

289 1950 311 1991 a
335 1948 500 2013 quoquam
523 1928 633 2013 magis
656 1946 733 1989 uere
757 1926 931 2011 magisque
954 1927 1085 2011 proprie
1110 1924 1327 1989 demonstrari
1349 1943 1449 2010 quam
1472 1922 1514 1987 ab

289 2036 366 2119 ipsa
388 2031 594 2096 meretricula
618 2052 777 2117 expressa
800 2029 877 2095 esti
921 2031 1054 2118 Phryne
1077 2029 1318 2115 pulchritudine
1341 2052 1404 2095 sua
1424 2030 1515 2095 nulla

290 2148 383 2225 parte
401 2138 703 2203 constantissimam
721 2138 792 2203 cius
818 2138 1050 2204 abstinentiam
1068 2136 1237 2213 labefecit3
1260 2136 1340 2223 quid
1360 2158 1418 2201 rex
1437 2135 1514 2200 Ale·
1525 2161 1553 2207 ro

290 2244 425 2320 xander,
449 2244 571 2310 diuitiis
597 2253 729 2329 quatere
752 2243 880 2329 potuit⁶.>
914 2244 966 2309 Ab
989 2245 1044 2309 illo
1070 2266 1201 2329 quoque
1224 2254 1367 2309 statuam
1390 2253 1422 2307 et
1443 2244 1514 2329 qui·

292 2352 368 2419 dem
392 2372 495 2438 aeque
519 2350 642 2415 frustra
665 2362 854 2435 temptatam
877 2362 982 2436 putes.
1020 2349 1167 2437 Legatos
1191 2350 1234 2414 ad
1257 2370 1333 2417 eum
1355 2372 1429 2415 cum
1457 2350 1516 2415 ali·

293 2470 372 2547 quot
393 2458 523 2523 talentis
546 2458 692 2521 miserat.
729 2456 821 2538 Quos
845 2459 879 2521 iu
903 2456 1107 2521 academiam
1130 2455 1306 2543 perductos
1330 2456 1425 2521 solito
1442 2456 1516 2531 sibi.

290 2565 400 2631 idest
426 2564 556 2628 modico
587 2573 748 2649 apparatu
782 2574 813 2626 et
848 2562 1027 2627 admodum
1060 2563 1346 2650 paruulis-copiis
1381 2564 1515 2647 excepit

291 2670 429 2735 Postero
454 2669 506 2734 dio
529 2669 806 2757 interrogantibus
831 2672 963 2735 cuinam
986 2670 1198 2735 adnumerari
1220 2671 1394 2755 pecuniam
1408 2670 1556 2760 uelletne

292 2775 393 2856 ‘Quid
415 2773 497 2850 uos'‚
521 2776 635 2863 iuquit,
660 2775 825 2868 ‘hesterna
849 2800 955 2842 caena
977 2799 1044 2841 uon
1066 2777 1270 2842 intellexistis
1295 2799 1336 2842 ea
1365 2798 1418 2842 me
1449 2798 1516 2841 nou

296 2969 319 3023 1.
339 2971 509 3022 xenocratem
528 2971 571 3021 uel
593 2970 736 3025 xeuocratd
754 2970 982 3025 sonarum.
1006 2976 1175 3024 zenocratem
1194 2970 1225 3026 F.
1243 2969 1298 3040 112.
1318 2975 1454 3041 sequetur]
1474 2973 1517 3025 tir·

293 3047 367 3094 iarun
385 3043 443 3092 etur
465 3039 494 3091 ia
517 3057 615 3093 rasura
633 3043 665 3095 A.
689 3047 809 3107 sequitur
831 3042 999 3095 aarum.
1020 3040 1032 3112 ΙΙ
1050 3041 1077 3095 3.
1096 3046 1201 3109 phyrne
1221 3041 1317 3096 Act).
1341 3047 1436 3108 plrirne
1453 3043 1517 3096 ΒΓ.

293 3115 397 3178 phirina
421 3111 456 3164 Ε.
476 3110 488 3184 ΙΙ
508 3111 533 3164 l.
559 3129 593 3163 au
617 3129 666 3166 om.
683 3112 716 3168 Β.
733 3115 747 3183 ΙΙ
764 3114 789 3168 6.
809 3117 893 3166 uoluit
910 3113 1079 3183 filimarum
1094 3111 1155 3173 (litt
1173 3117 1196 3166 ri
1214 3114 1242 3166 ia
1259 3124 1368 3177 rasura)
1386 3114 1445 3187 Α.ΙΙ
1460 3118 1517 3167 irri-

293 3188 350 3234 tum
368 3187 497 3249 propositi
519 3183 595 3235 Tarr.
607 3183 620 3251 ΙΙ
632 3179 656 3236 11.
676 3187 748 3252 qula}
769 3203 817 3239 om.
837 3186 868 3238 A.
888 3188 959 3253 quod
977 3184 1008 3240 Γ,
1021 3187 1035 3256 Η
1045 3186 1112 3251 tam]
1132 3189 1240 3248 tamque
1255 3186 1286 3239 A.
1299 3185 1312 3254 ΙΙ
1327 3190 1472 3239 formosam
1484 3186 1517 3239 A.

293 3257 401 3306 fumosa
421 3253 450 3308 G.
465 3256 477 3326 Η
490 3257 609 3322 tumque]
630 3261 710 3321 utque
728 3255 757 3307 F.
771 3257 783 3324 ΙΙ
801 3256 839 3310 10.
859 3259 1002 3308 inlecebris
1015 3273 1065 3308 nm.
1077 3255 1108 3308 Γ.
1121 3255 1134 3323 ΙΙ
1146 3258 1262 3321 pelicere
1277 3273 1321 3326 pr.
1339 3255 1373 3308 Α.
1390 3260 1518 3322 pollicere

293 3329 366 3391 (cate
383 3327 528 3392 illecebris)
541 3323 577 3377 D.
593 3325 604 3392 ΙΙ
618 3329 789 3395 pactumque]
804 3329 945 3391 factaeque
958 3327 990 3379 Γ.
1004 3334 1016 3394 ΙΙ
1034 3326 1074 3381 11.
1087 3329 1130 3378 his
1142 3326 1165 3378 A
1175 3325 1299 3380 CDEF.
1311 3328 1324 3394 ΙΙ
1341 3326 1379 3381 12.
1391 3330 1518 3392 posuisse

291 3399 390 3466 pignus
408 3396 443 3450 F..
459 3396 471 3468 ΙΙ
485 3401 536 3449 hoc
555 3399 695 3448 zenocrilis
715 3397 745 3448 F.
763 3399 776 3465 ΙΙ
795 3397 835 3450 li.
856 3401 964 3462 Phryne
983 3427 1018 3437 -
1036 3397 1104 3464 (17.)
1127 3403 1206 3463 putes
1225 3414 1274 3449 em.
1292 3398 1324 3451 1¹.
1342 3398 1355 3465 ΙΙ
1371 3402 1465 3463 phirue
1482 3397 1517 3451 Β.

291 3470 401 3534 phunae
421 3466 450 3523 0.
468 3473 574 3536 phyrne
592 3465 629 3520 D.
649 3470 751 3532 plririne
770 3468 803 3520 Ε.
815 3470 829 3540 ΙΙ
841 3469 926 3536 nulle]
945 3471 1010 3520 ull’a
1027 3468 1060 3523 Β.
1083 3467 1145 3519 add.
1162 3471 1190 3520 iu
1207 3467 1245 3521 D.
1269 3467 1332 3520 odd.
1355 3486 1390 3520 cx
1412 3469 1437 3520 F
1440 3469 1518 3521 Torr.

294 3537 336 3606 Os.
356 3537 436 3592 Ouid.
456 3539 518 3594 Her.
538 3535 563 3598 7,
585 3537 667 3606 110.ΙΙ
682 3535 723 3590 15.
742 3539 800 3606 rex]
825 3555 914 3592 rerum
936 3536 1058 3607 111116.
1083 3542 1190 3590 deuitiis
1210 3555 1254 3608 pr.
1278 3538 1310 3591 Α.
1335 3542 1433 3592 diuitiis
1456 3557 1517 3592 euru

290 3606 362 3664 DE.
389 3613 485 3662 diuitiis
505 3627 565 3661 cum
583 3607 612 3662 F.
637 3625 672 3660 an
695 3611 792 3662 diuitiis
817 3627 878 3663 eum
898 3609 976 3662 Torr.
994 3609 1165 3679 {lquaterll
1183 3610 1196 3680 ΙΙ
1214 3612 1375 3678 etquidem]
1395 3615 1517 3676 equidem

291 3678 498 3752 ΔΒΟΒΕΕΗ
518 3678 558 3733 17.
578 3683 699 3784 Legatos
721 3685 754 3732 ud
781 3683 852 3749 cum]
878 3682 918 3733 Ad
942 3685 1055 3733 eundem
1078 3698 1126 3733 rex
1149 3684 1295 3734 alexander
1318 3684 1426 3753 legatos
1450 3681 1481 3736 P.
1493 3682 1508 3750 11

293 3747 335 3801 18.
355 3753 514 3803 achademia
531 3751 648 3818 111111.
668 3755 787 3815 paruulis
807 3756 950 3804 admodum
968 3750 1000 3804 Γ.
1012 3753 1026 3822 ΙΙ
1041 3750 1085 3805 20.
1105 3755 1199 3805 cuiuon
1217 3751 1250 3804 B.
1267 3751 1340 3823 1121.
1359 3757 1469 3806 esterna
1485 3753 1517 3807 Γ.

293 3821 404 3872 externa
421 3820 482 3875 EF.
499 3822 513 3891 ΙΙ
530 3837 614 3872 coena
631 3820 683 3884 (A).

798 3913 1011 3927 Ἠ

362 3989 388 4044 3.
413 3997 453 4048 Cf.
477 3997 556 4066 Dicg.
580 3999 671 4048 Laert.
694 4000 757 4059 1111,
784 3998 808 4050 l.
835 4001 925 4052 Acron
947 4015 1012 4052 uero
1038 4005 1072 4052 ad
1097 4004 1160 4059 llor.
1184 3999 1518 4065 serm.11,3‚250‚n0n

290 4061 418 4128 Phryuac
435 4067 470 4124 id,
491 4070 541 4118 ned
559 4069 636 4118 Laidi
653 4071 752 4122 tribuli.

357 4131 460 4188 diuitiis
469 4135 699 4204 quaterepotua'tD
713 4142 815 4193 Veneta
825 4143 852 4192 et
862 4142 959 4193 didius
968 4145 1161 4207 exemptarum
1171 4147 1518 4214 recentioraiudeai‘ighio

290 4206 363 4258 edita
374 4207 478 4258 duobus
490 4210 581 4258 uerbis
591 4211 710 4260 auctiora
725 4215 794 4262 suut.
823 4215 957 4264 lixhibeut
972 4215 1042 4264 cuim
1056 4216 1104 4266 illa
1112 4214 1216 4269 diuidis
1225 4233 1283 4270 ecoe
1292 4221 1400 4286 quaen
1409 4213 1520 4283 potuit?

289 4279 359 4330 heco
369 4293 404 4329 an
413 4273 518 4331 dictate
526 4295 583 4330 eum
592 4279 812 4348 quotmepetuit?
831 4289 948 4346 Quorum
963 4286 1077 4336 alterum
1088 4292 1144 4348 (aa)
1157 4291 1246 4340 nudus
1262 4305 1382 4340 meorum
1391 4290 1518 4338 librorum

286 4351 423 4416 agnoscit,
433 4365 520 4416 neque
531 4352 691 4402 dubitauerit
706 4355 846 4418 quisquam
858 4356 920 4421 quin
934 4358 1006 4407 reete
1020 4357 1203 4426 interrogandi
1213 4361 1344 4424 particula
1354 4362 1382 4412 in
1391 4360 1434 4408 his
1443 4359 1519 4408 omit·

288 4424 367 4473 tatur.
404 4421 458 4473 Sed
473 4437 506 4472 ne
525 4423 682 4486 pronomine
695 4426 800 4490 quidem
819 4428 1028 4478 demonstratiue
1042 4445 1111 4494 opus
1131 4433 1181 4488 est,
1200 4433 1225 4482 si
1240 4433 1372 4484 obiectum
1385 4431 1460 4480 uerbi
1472 4431 1520 4479 ab·

289 4493 441 4544 stinenliam
451 4494 621 4551 Xenocratis,
635 4509 687 4544 uon
699 4497 788 4560 ipsum
798 4499 979 4549 Xenocratem
989 4501 1136 4562 putareris,
1150 4504 1219 4566 quod
1231 4504 1288 4553 lieri
1300 4505 1400 4565 potest,
1412 4503 1437 4550 si
1449 4502 1521 4550 hanc

289 4565 449 4614 seutentiam
462 4582 522 4615 cum
533 4567 705 4629 praecedeuti
719 4569 897 4621 coniunxeris.

358 4631 474 4700 necatos
492 4635 528 4689 ad
546 4643 613 4696 eant)
637 4638 674 4690 Cf.
700 4639 752 4688 Cic.
778 4640 858 4693 'l'use
877 4642 914 4700 V,
939 4637 988 4704 32,
1012 4638 1055 4695 111.
1083 4643 1152 4696 Plut.
1177 4642 1253 4697 Alex.
1280 4641 1321 4696 1⁴.
1346 4645 1382 4697 td.
1406 4645 1440 4695 dc
1458 4642 1519 4693 tort

289 4701 368 4757 Alex.
388 4703 430 4759 10.
447 4707 528 4780 Diog.
547 4709 638 4762 Lacrt.
657 4709 714 4772 1111,
734 4705 759 4760 8.
