3409 5400
555 1603 901 1706 EXCVRSVS
938 1605 963 1704 Ι

521 1799 563 1863 ad
590 1797 667 1863 Vel.
689 1797 719 1873 1,
752 1801 784 1874 l,
816 1799 856 1864 16
885 1810 917 1863 ct
946 1799 998 1866 17.

145 2047 195 2148 Iu
217 2081 421 2168 praefatione
444 2103 476 2169 p.
494 2081 537 2147 52
560 2081 826 2169 discrepantiam,
851 2103 934 2168 quae
957 2081 1127 2148 intercedit
1147 2085 1230 2150 inter
1247 2082 1380 2152 Valerii

108 2187 110 2232 ῑ
147 2187 173 2264 Ι,
201 2188 231 2262 1,
258 2187 297 2252 17
322 2197 354 2250 et
365 2187 448 2252 inter
462 2186 595 2252 Paridis
612 2187 841 2274 compendium
864 2187 890 2263 Ι,
905 2189 936 2264 2,
952 2189 983 2264 2,
1005 2190 1052 2255 ite
1070 2201 1194 2255 tanturn
1218 2191 1373 2276 explicari

108 2273 111 2306 ¹
149 2313 252 2379 posse
282 2291 366 2366 dixi,
396 2294 426 2358 si
449 2293 616 2360 diuersum
646 2293 814 2380 utriusque
845 2295 1012 2380 scriptoris
1040 2295 1164 2360 fontem
1195 2297 1374 2381 occeperis.

109 2439 110 2444 κ
149 2397 246 2462 Nunc
270 2396 400 2464 demum
424 2420 537 2465 uerum
568 2399 639 2464 eius
669 2398 867 2465 discriminis
895 2401 1055 2466 rationem
1078 2402 1246 2486 perspexi,
1274 2423 1375 2488 quum

149 2503 292 2570 breuiter
316 2525 487 2590 exponam.
1211 2545 1217 2556 ·

239 2609 434 2695 Exemplum
457 2611 626 2699 neglectus
650 2612 835 2700 religionis
866 2613 953 2701 quod
980 2612 1099 2702 legitur
1126 2614 1162 2678 in
1184 2613 1281 2700 primi
1302 2611 1376 2677 libri

149 2717 257 2806 primo
285 2718 392 2803 capite
421 2727 450 2797 ς.
477 2720 518 2785 17
548 2743 570 2786 e
595 2716 678 2785 lulio
701 2718 822 2786 Paride
850 2719 915 2787 hoc
942 2721 1043 2787 modo
1070 2722 1105 2786 in
1132 2720 1266 2787 breuius
1297 2741 1375 2785 con·

152 2834 291 2891 tractum
314 2834 374 2901 est,

241 2931 424 2997 Amiiuium
456 2934 640 2998 histrionem
669 2934 859 2999 Potitiorum
876 2934 1075 3019 smriiiurem
1107 2934 1261 2999 Hercules
1292 2934 1378 2997 intre

152 3059 268 3104 omnum
295 3040 464 3113 interemit,
501 3041 583 3123 quud
615 3041 752 3124 impulsu
781 3043 884 3126 Appii
913 3042 1036 3107 Claudii
1069 3060 1185 3107 morem
1214 3059 1376 3105 sacrorum

153 3166 264 3211 semies
281 3146 427 3228 publicos
449 3148 631 3213 edocuisset.
677 3148 804 3231 Appius
826 3149 995 3214 luminibus
1017 3154 1128 3230 ceptus
1150 3154 1205 3214 est.

244 3251 301 3316 Sic
325 3251 429 3315 codex
444 3250 640 3327 Vaticanus,
662 3253 728 3319 nisi
751 3252 839 3339 quod
851 3254 1051 3335 familiarem
1072 3254 1254 3318 recentiore
1276 3270 1378 3315 menn

153 3359 190 3422 in
208 3356 357 3437 familiae
387 3366 545 3421 mutatum
575 3368 626 3421 est
654 3366 686 3419 et
712 3378 772 3442 pro
801 3359 957 3423 interemit
984 3358 1070 3425 male
1102 3358 1224 3443 iegitur
1248 3358 1379 3427 mertis,

156 3484 258 3551 quum
279 3460 498 3549 corruptelam
520 3472 608 3527 recte
623 3462 821 3527 emendasse
840 3463 969 3529 uidetur
983 3464 1072 3549 Ang.
1088 3461 1207 3529 Maius.
1254 3460 1379 3525 Verum

156 3590 199 3634 ne
226 3569 273 3633 ita
300 3568 432 3657 quidem
461 3570 574 3635 omniu
600 3578 688 3633 recte
715 3568 895 3655 procedere
926 3571 1004 3638 inde
1032 3581 1139 3659 putet,
1172 3568 1262 3656 quod
1295 3551 1380 3632 unus

156 3674 256 3740 horno
284 3675 373 3743 intra
401 3698 524 3743 aunum
551 3678 765 3760 interemptus
795 3697 872 3742 esse
900 3677 967 3743 dici
995 3679 1124 3765 nequit,
1159 3675 1224 3741 nisi
1251 3687 1381 3760 tempus

158 3780 326 3849 definitum
355 3785 397 3849 sit
426 3782 480 3849 uel
505 3806 560 3851 res
589 3784 677 3851 rmde
710 3782 764 3849 ille
798 3804 906 3849 annus
934 3784 1101 3869 incepisse
1134 3780 1300 3870 putandus
1328 3781 1382 3856 sit,

159 3887 248 3975 quod
268 3886 333 3954 hoc
355 3888 429 3955 loco
452 3890 575 3958 facturn
597 3913 666 3959 non
689 3900 752 3966 est,
775 3910 816 3955 ne
840 3889 950 3957 dicam
972 3890 1015 3955 de
1038 3911 1094 3966 eo,
1117 3889 1207 3976 quod
1228 3890 1299 3955 iure
1320 3889 1382 3954 mi·

158 3996 257 4070 reris,
290 3994 480 4065 Ambiuium
514 3998 710 4065 familiarem
743 3996 953 4074 Potitiorum,
986 3996 1197 4073 histrionem,
1235 3996 1382 4062 abiectae

160 4100 364 4169 condicionis
386 4102 569 4182 hominem,
600 4126 667 4171 non
697 4124 737 4171 ex
765 4104 842 4190 ipsa
863 4104 1057 4171 Potitiorum
1084 4103 1213 4171 familia
1240 4102 1383 4190 aliquem

161 4207 343 4275 domestica
368 4209 415 4277 illi
442 4214 533 4301 genti
558 4210 709 4279 Herculis
738 4232 836 4279 saera
870 4233 986 4281 seruos
1019 4210 1170 4298 publicos
1208 4210 1395 4277 edocuisse·

162 4314 296 4403 eiusque
320 4314 455 4385 sceleris
477 4340 619 4405 poenam
643 4318 786 4385 dedisse.

248 4419 319 4489 lam
340 4444 432 4503 uero,
455 4447 530 4493 curn
552 4426 594 4491 de
617 4424 771 4495 Ambiuio
794 4424 954 4494 histrione
977 4426 1108 4504 dicitur,
1139 4424 1224 4491 nlius
1245 4425 1303 4489 uix
1323 4443 1383 4510 po·

162 4538 224 4597 test
255 4529 403 4620 intellegi
437 4555 537 4621 quam
575 4535 767 4601 notissimus
805 4533 861 4600 ille
896 4534 1165 4601 Terentianarum
1199 4532 1383 4599 fabularum

163 4648 267 4714 actor,
290 4635 328 4706 L.
351 4636 527 4707 Ambiuiue
557 4638 692 4728 Turpio,
722 4664 819 4731 quem
849 4644 1025 4730 primarius
1053 4650 1164 4727 partes
1192 4641 1384 4727 suscepisse

162 4743 195 4816 iu
223 4744 368 4827 Andria,
395 4746 572 4829 Eunucho,
599 4748 987 4829 Heautontimorumeno,
1008 4744 1155 4835 Hecyra,
1184 4747 1383 4817 Phormione
