<?xml version="1.0" encoding="UTF-8"?>
<!DOCTYPE html PUBLIC "-//W3C//DTD XHTML 1.0 Transitional//EN"
    "http://www.w3.org/TR/xhtml1/DTD/xhtml1-transitional.dtd">
<html xmlns="http://www.w3.org/1999/xhtml" xml:lang="en" lang="en">
 <head>
  <title>
</title>
<meta http-equiv="Content-Type" content="text/html;charset=utf-8" />
  <meta name='ocr-system' content='tesseract 3.04.00' />
  <meta name='ocr-capabilities' content='ocr_page ocr_carea ocr_par ocr_line ocrx_word'/>
</head>
<body>
  <div class='ocr_page' id='page_1' title='image "./valerimaximifac00parigoog_0457.png"; bbox 0 0 3409 5400; ppageno 0'>
   <div class='ocr_carea' id='block_1_1' title="bbox 280 476 1276 547">
    <p class='ocr_par' dir='ltr' id='par_1_1' title="bbox 280 476 1276 547">
     <span class='ocr_line' id='line_1_1' title="bbox 280 476 1276 547; baseline -0.003 -1"><span class='ocrx_word' id='word_1_1' title='bbox 280 482 346 547; x_wconf 75' lang='lat'><strong>442</strong></span> <span class='ocrx_word' id='word_1_2' title='bbox 501 478 559 543; x_wconf 85' lang='lat' dir='ltr'><strong>DE</strong></span> <span class='ocrx_word' id='word_1_3' title='bbox 583 476 767 544; x_wconf 81' lang='lat' dir='ltr'><strong>PIETATE</strong></span> <span class='ocrx_word' id='word_1_4' title='bbox 790 476 911 543; x_wconf 81' lang='lat' dir='ltr'><strong>ERGA</strong></span> <span class='ocrx_word' id='word_1_5' title='bbox 934 476 1165 545; x_wconf 77' lang='lat' dir='ltr'><strong>PARENTES</strong></span> <span class='ocrx_word' id='word_1_6' title='bbox 1182 480 1276 544; x_wconf 80' lang='lat' dir='ltr'><strong>ETO.</strong></span> 
     </span>
    </p>
   </div>
   <div class='ocr_carea' id='block_1_2' title="bbox 147 640 1553 1373">
    <p class='ocr_par' dir='ltr' id='par_1_2' title="bbox 147 640 1617 1373">
     <span class='ocr_line' id='line_1_2' title="bbox 147 640 1534 729; baseline 0 -24"><span class='ocrx_word' id='word_1_7' title='bbox 147 642 218 709; x_wconf 82' lang='lat' dir='ltr'><strong>Ext.</strong></span> <span class='ocrx_word' id='word_1_8' title='bbox 241 644 270 708; x_wconf 93' lang='lat' dir='ltr'><strong>l.</strong></span> <span class='ocrx_word' id='word_1_9' title='bbox 369 642 448 706; x_wconf 81' lang='lat' dir='ltr'><strong>Sunt</strong></span> <span class='ocrx_word' id='word_1_10' title='bbox 471 652 502 707; x_wconf 89' lang='lat' dir='ltr'><strong>ct</strong></span> <span class='ocrx_word' id='word_1_11' title='bbox 525 650 657 705; x_wconf 86' lang='lat' dir='ltr'><strong>externa</strong></span> <span class='ocrx_word' id='word_1_12' title='bbox 680 640 825 705; x_wconf 89' lang='lat' dir='ltr'><strong>ciusdem</strong></span> <span class='ocrx_word' id='word_1_13' title='bbox 848 642 1007 727; x_wconf 71' lang='lat' dir='ltr'>propositi</span> <span class='ocrx_word' id='word_1_14' title='bbox 1031 641 1189 729; x_wconf 85' lang='lat' dir='ltr'><strong>exempla.</strong></span> <span class='ocrx_word' id='word_1_15' title='bbox 1235 644 1307 708; x_wconf 79' lang='lat' dir='ltr'><strong>Rex</strong></span> <span class='ocrx_word' id='word_1_16' title='bbox 1322 641 1534 707; x_wconf 79' lang='lat' dir='ltr'><strong>Athenien-</strong></span> 
     </span>
     <span class='ocr_line' id='line_1_3' title="bbox 282 747 1532 837; baseline -0.003 -20"><span class='ocrx_word' id='word_1_17' title='bbox 282 754 366 817; x_wconf 88' lang='lat' dir='ltr'>sium</span> <span class='ocrx_word' id='word_1_18' title='bbox 391 750 533 833; x_wconf 77' lang='lat' dir='ltr'><strong>Cudrus‚</strong></span> <span class='ocrx_word' id='word_1_19' title='bbox 563 770 636 813; x_wconf 89' lang='lat' dir='ltr'><strong>cum</strong></span> <span class='ocrx_word' id='word_1_20' title='bbox 664 750 788 835; x_wconf 86' lang='lat' dir='ltr'><strong>ingenti</strong></span> <span class='ocrx_word' id='word_1_21' title='bbox 817 747 961 813; x_wconf 88' lang='lat' dir='ltr'><strong>hostium</strong></span> <span class='ocrx_word' id='word_1_22' title='bbox 990 751 1131 815; x_wconf 89' lang='lat' dir='ltr'><strong>exercitu</strong></span> <span class='ocrx_word' id='word_1_23' title='bbox 1154 749 1262 813; x_wconf 85' lang='lat' dir='ltr'><strong>Attica</strong></span> <span class='ocrx_word' id='word_1_24' title='bbox 1290 752 1386 837; x_wconf 84' lang='lat' dir='ltr'><strong>regio</strong></span> <span class='ocrx_word' id='word_1_25' title='bbox 1415 750 1532 813; x_wconf 86' lang='lat' dir='ltr'><strong>debi-</strong></span> 
     </span>
     <span class='ocr_line' id='line_1_4' title="bbox 281 856 1529 943; baseline -0.006 -18"><span class='ocrx_word' id='word_1_26' title='bbox 281 862 371 925; x_wconf 86' lang='lat' dir='ltr'><strong>litata</strong></span> <span class='ocrx_word' id='word_1_27' title='bbox 393 860 478 922; x_wconf 87' lang='lat' dir='ltr'><strong>serro</strong></span> <span class='ocrx_word' id='word_1_28' title='bbox 502 858 629 943; x_wconf 80' lang='lat' dir='ltr'><strong>ignique</strong></span> <span class='ocrx_word' id='word_1_29' title='bbox 650 866 842 930; x_wconf 75' lang='lat' dir='ltr'><strong>nasceretur,</strong></span> <span class='ocrx_word' id='word_1_30' title='bbox 867 856 1047 921; x_wconf 82' lang='lat' dir='ltr'><strong>dillidcntia</strong></span> <span class='ocrx_word' id='word_1_31' title='bbox 1060 856 1196 921; x_wconf 87' lang='lat' dir='ltr'><strong>hnmani</strong></span> <span class='ocrx_word' id='word_1_32' title='bbox 1212 858 1323 922; x_wconf 68' lang='lat' dir='ltr'><strong>anxilii</strong></span> <span class='ocrx_word' id='word_1_33' title='bbox 1338 858 1383 920; x_wconf 87' lang='lat' dir='ltr'><strong>ad</strong></span> <span class='ocrx_word' id='word_1_34' title='bbox 1400 856 1529 941; x_wconf 78' lang='lat' dir='ltr'><strong>Apol-</strong></span> 
     </span>
     <span class='ocr_line' id='line_1_5' title="bbox 280 963 1527 1052; baseline -0.006 -20"><span class='ocrx_word' id='word_1_35' title='bbox 280 968 355 1033; x_wconf 81' lang='lat' dir='ltr'><strong>linis</strong></span> <span class='ocrx_word' id='word_1_36' title='bbox 378 964 528 1051; x_wconf 79' lang='lat' dir='ltr'><strong>Delphici</strong></span> <span class='ocrx_word' id='word_1_37' title='bbox 550 963 717 1027; x_wconf 80' lang='lat' dir='ltr'><strong>oraculum</strong></span> <span class='ocrx_word' id='word_1_38' title='bbox 741 965 902 1051; x_wconf 81' lang='lat' dir='ltr'><strong>confugit,</strong></span> <span class='ocrx_word' id='word_1_39' title='bbox 930 987 1053 1052; x_wconf 84' lang='lat' dir='ltr'><strong>perque</strong></span> <span class='ocrx_word' id='word_1_40' title='bbox 1080 966 1210 1052; x_wconf 84' lang='lat' dir='ltr'><strong>legatos</strong></span> <span class='ocrx_word' id='word_1_41' title='bbox 1236 965 1433 1028; x_wconf 79' lang='lat' dir='ltr'><strong>sciscitatus</strong></span> <span class='ocrx_word' id='word_1_42' title='bbox 1464 976 1527 1025; x_wconf 77' lang='lat' dir='ltr'><strong>cst</strong></span> 
     </span>
     <span class='ocr_line' id='line_1_6' title="bbox 282 1070 1553 1160; baseline -0.006 -22"><span class='ocrx_word' id='word_1_43' title='bbox 282 1096 425 1160; x_wconf 88' lang='lat' dir='ltr'><strong>quonam</strong></span> <span class='ocrx_word' id='word_1_44' title='bbox 448 1070 546 1135; x_wconf 90' lang='lat' dir='ltr'><strong>modo</strong></span> <span class='ocrx_word' id='word_1_45' title='bbox 570 1082 635 1135; x_wconf 84' lang='lat' dir='ltr'><strong>tarn</strong></span> <span class='ocrx_word' id='word_1_46' title='bbox 652 1092 753 1157; x_wconf 82' lang='lat' dir='ltr'><strong>graue</strong></span> <span class='ocrx_word' id='word_1_47' title='bbox 770 1070 848 1135; x_wconf 91' lang='lat' dir='ltr'><strong>illud</strong></span> <span class='ocrx_word' id='word_1_48' title='bbox 871 1071 990 1136; x_wconf 91' lang='lat' dir='ltr'><strong>bcllum</strong></span> <span class='ocrx_word' id='word_1_49' title='bbox 1014 1073 1131 1137; x_wconf 89' lang='lat' dir='ltr'><strong>discuti</strong></span> <span class='ocrx_word' id='word_1_50' title='bbox 1147 1082 1268 1159; x_wconf 82' lang='lat' dir='ltr'><strong>posset.</strong></span> <span class='ocrx_word' id='word_1_51' title='bbox 1314 1070 1553 1156; x_wconf 80' lang='lat' dir='ltr'><strong>Respondits</strong></span> 
     </span>
     <span class='ocr_line' id='line_1_7' title="bbox 280 1176 1526 1263; baseline -0.004 -18"><span class='ocrx_word' id='word_1_52' title='bbox 280 1182 382 1254; x_wconf 76' lang='lat' dir='ltr'><strong>Deus,</strong></span> <span class='ocrx_word' id='word_1_53' title='bbox 406 1182 452 1243; x_wconf 84' lang='lat' dir='ltr'><strong>ita</strong></span> <span class='ocrx_word' id='word_1_54' title='bbox 474 1180 571 1241; x_wconf 89' lang='lat' dir='ltr'><strong>tinem</strong></span> <span class='ocrx_word' id='word_1_55' title='bbox 595 1180 625 1241; x_wconf 91' lang='lat' dir='ltr'><strong>ei</strong></span> <span class='ocrx_word' id='word_1_56' title='bbox 648 1178 727 1253; x_wconf 78' lang='lat' dir='ltr'><strong>succ,</strong></span> <span class='ocrx_word' id='word_1_57' title='bbox 751 1180 780 1243; x_wconf 92' lang='lat' dir='ltr'><strong>si</strong></span> <span class='ocrx_word' id='word_1_58' title='bbox 802 1180 875 1263; x_wconf 87' lang='lat' dir='ltr'><strong>ipse</strong></span> <span class='ocrx_word' id='word_1_59' title='bbox 897 1178 1009 1244; x_wconf 87' lang='lat' dir='ltr'><strong>lrostili</strong></span> <span class='ocrx_word' id='word_1_60' title='bbox 1031 1202 1132 1243; x_wconf 88' lang='lat' dir='ltr'><strong>mauu</strong></span> <span class='ocrx_word' id='word_1_61' title='bbox 1158 1178 1343 1243; x_wconf 87' lang='lat' dir='ltr'><strong>occidisset.</strong></span> <span class='ocrx_word' id='word_1_62' title='bbox 1402 1176 1526 1257; x_wconf 81' lang='lat' dir='ltr'><strong>Quod</strong></span> 
     </span>
     <span class='ocr_line' id='line_1_8' title="bbox 282 1284 1522 1373; baseline -0.002 -23"><span class='ocrx_word' id='word_1_63' title='bbox 282 1287 412 1373; x_wconf 87' lang='lat' dir='ltr'><strong>quidem</strong></span> <span class='ocrx_word' id='word_1_64' title='bbox 437 1308 503 1349; x_wconf 92' lang='lat' dir='ltr'><strong>non</strong></span> <span class='ocrx_word' id='word_1_65' title='bbox 526 1286 632 1351; x_wconf 89' lang='lat' dir='ltr'><strong>solum</strong></span> <span class='ocrx_word' id='word_1_66' title='bbox 655 1287 730 1349; x_wconf 89' lang='lat' dir='ltr'><strong>totis</strong></span> <span class='ocrx_word' id='word_1_67' title='bbox 755 1284 909 1361; x_wconf 79' lang='lat' dir='ltr'><strong>Athenis,</strong></span> <span class='ocrx_word' id='word_1_68' title='bbox 933 1286 1050 1351; x_wconf 90' lang='lat' dir='ltr'><strong>sedin</strong></span> <span class='ocrx_word' id='word_1_69' title='bbox 1073 1286 1189 1351; x_wconf 85' lang='lat' dir='ltr'><strong>castris</strong></span> <span class='ocrx_word' id='word_1_70' title='bbox 1213 1288 1310 1349; x_wconf 88' lang='lat' dir='ltr'><strong>ctiam</strong></span> <span class='ocrx_word' id='word_1_71' title='bbox 1326 1285 1522 1349; x_wconf 70' lang='lat' dir='ltr'><strong>contrarfis</strong></span> 
     </span>
    </p>
   </div>
   <div class='ocr_carea' id='block_1_3' title="bbox 783 1404 996 1416">
    <p class='ocr_par' dir='ltr' id='par_1_3' title="bbox 783 1404 996 1416">
     <span class='ocr_line' id='line_1_9' title="bbox 783 1404 996 1416; baseline 0 -1"><span class='ocrx_word' id='word_1_72' title='bbox 783 1404 996 1416; x_wconf 47' lang='lat' dir='ltr'><strong>——ffl</strong></span> 
     </span>
    </p>
   </div>
   <div class='ocr_carea' id='block_1_4' title="bbox 256 1444 1520 4790">
    <p class='ocr_par' dir='ltr' id='par_1_4' title="bbox 256 1444 1520 4790">
     <span class='ocr_line' id='line_1_10' title="bbox 286 1444 1520 1516; baseline -0.004 -15"><span class='ocrx_word' id='word_1_73' title='bbox 286 1448 308 1501; x_wconf 91' lang='lat' dir='ltr'><strong>l.</strong></span> <span class='ocrx_word' id='word_1_74' title='bbox 327 1450 394 1499; x_wconf 83' lang='lat' dir='ltr'><strong>Sunt</strong></span> <span class='ocrx_word' id='word_1_75' title='bbox 412 1448 449 1514; x_wconf 86' lang='lat' dir='ltr'><strong>et]</strong></span> <span class='ocrx_word' id='word_1_76' title='bbox 470 1474 481 1501; x_wconf 65' lang='lat' dir='ltr'><strong>s</strong></span> <span class='ocrx_word' id='word_1_77' title='bbox 502 1446 533 1499; x_wconf 85' lang='grc' dir='ltr'><strong>Α.</strong></span> <span class='ocrx_word' id='word_1_78' title='bbox 553 1464 601 1500; x_wconf 88' lang='lat' dir='ltr'><strong>om.</strong></span> <span class='ocrx_word' id='word_1_79' title='bbox 621 1446 656 1502; x_wconf 88' lang='lat' dir='ltr'><strong>E.</strong></span> <span class='ocrx_word' id='word_1_80' title='bbox 676 1450 707 1497; x_wconf 85' lang='lat' dir='ltr'><strong>Et</strong></span> <span class='ocrx_word' id='word_1_81' title='bbox 726 1444 775 1499; x_wconf 85' lang='lat' dir='ltr'><strong>CF</strong></span> <span class='ocrx_word' id='word_1_82' title='bbox 792 1453 824 1502; x_wconf 76' lang='lat' dir='ltr'><strong>et.</strong></span> <span class='ocrx_word' id='word_1_83' title='bbox 846 1454 874 1498; x_wconf 85' lang='lat' dir='ltr'><strong>at</strong></span> <span class='ocrx_word' id='word_1_84' title='bbox 887 1446 1000 1508; x_wconf 77' lang='lat' dir='ltr'><strong>uidetur,</strong></span> <span class='ocrx_word' id='word_1_85' title='bbox 1015 1446 1101 1516; x_wconf 64' lang='lat' dir='ltr'><strong>puel.</strong></span> <span class='ocrx_word' id='word_1_86' title='bbox 1120 1449 1173 1498; x_wconf 87' lang='lat' dir='ltr'><strong>Sed</strong></span> <span class='ocrx_word' id='word_1_87' title='bbox 1184 1450 1211 1496; x_wconf 92' lang='lat' dir='ltr'><strong>nt</strong></span> <span class='ocrx_word' id='word_1_88' title='bbox 1228 1444 1296 1498; x_wconf 80' lang='grc' dir='ltr'><strong>ΒΓ.</strong></span> <span class='ocrx_word' id='word_1_89' title='bbox 1314 1447 1367 1496; x_wconf 86' lang='lat' dir='ltr'><strong>Sed</strong></span> <span class='ocrx_word' id='word_1_90' title='bbox 1382 1451 1409 1496; x_wconf 90' lang='lat' dir='ltr'><strong>et</strong></span> <span class='ocrx_word' id='word_1_91' title='bbox 1426 1444 1520 1496; x_wconf 81' lang='lat' dir='ltr'><strong>Tor-r.</strong></span> 
     </span>
     <span class='ocr_line' id='line_1_11' title="bbox 297 1516 1518 1591; baseline -0.006 -20"><span class='ocrx_word' id='word_1_92' title='bbox 297 1520 308 1591; x_wconf 79' lang='grc' dir='ltr'><strong>ΙΙ</strong></span> <span class='ocrx_word' id='word_1_93' title='bbox 323 1522 441 1571; x_wconf 88' lang='lat' dir='ltr'><strong>eiusdem</strong></span> <span class='ocrx_word' id='word_1_94' title='bbox 456 1548 490 1559; x_wconf 92' lang='lat'><em>-</em></span> <span class='ocrx_word' id='word_1_95' title='bbox 506 1520 639 1584; x_wconf 81' lang='lat' dir='ltr'><strong>exempla]</strong></span> <span class='ocrx_word' id='word_1_96' title='bbox 660 1522 788 1587; x_wconf 81' lang='lat' dir='ltr'><strong>attingam</strong></span> <span class='ocrx_word' id='word_1_97' title='bbox 809 1518 833 1570; x_wconf 89' lang='grc' dir='ltr'><strong><em>Γ</em></strong></span> <span class='ocrx_word' id='word_1_98' title='bbox 832 1558 838 1571; x_wconf 92' lang='grc'><strong>.</strong></span> <span class='ocrx_word' id='word_1_99' title='bbox 851 1519 865 1585; x_wconf 79' lang='grc' dir='ltr'>Η</span> <span class='ocrx_word' id='word_1_100' title='bbox 882 1520 1022 1585; x_wconf 65' lang='lat' dir='ltr'><strong>propositi!</strong></span> <span class='ocrx_word' id='word_1_101' title='bbox 1043 1517 1105 1570; x_wconf 87' lang='lat' dir='ltr'><strong>add.</strong></span> <span class='ocrx_word' id='word_1_102' title='bbox 1129 1521 1257 1585; x_wconf 88' lang='lat' dir='ltr'><strong>attingam</strong></span> <span class='ocrx_word' id='word_1_103' title='bbox 1276 1516 1313 1568; x_wconf 90' lang='lat' dir='ltr'><strong>D.</strong></span> <span class='ocrx_word' id='word_1_104' title='bbox 1330 1516 1343 1580; x_wconf 82' lang='grc' dir='ltr'><strong>ΙΙ</strong></span> <span class='ocrx_word' id='word_1_105' title='bbox 1359 1517 1518 1581; x_wconf 71' lang='lat' dir='ltr'><strong>exemplat</strong></span> 
     </span>
     <span class='ocr_line' id='line_1_12' title="bbox 284 1584 1517 1659; baseline -0.007 -14"><span class='ocrx_word' id='word_1_106' title='bbox 284 1590 346 1645; x_wconf 81' lang='lat' dir='ltr'><strong>add.</strong></span> <span class='ocrx_word' id='word_1_107' title='bbox 366 1594 493 1659; x_wconf 83' lang='lat' dir='ltr'><strong>attingam</strong></span> <span class='ocrx_word' id='word_1_108' title='bbox 507 1590 533 1642; x_wconf 88' lang='grc' dir='ltr'><strong><em>Ε</em></strong></span> <span class='ocrx_word' id='word_1_109' title='bbox 541 1589 618 1641; x_wconf 79' lang='lat' dir='ltr'><strong>Torr.</strong></span> <span class='ocrx_word' id='word_1_110' title='bbox 633 1591 644 1657; x_wconf 88' lang='grc' dir='ltr'><strong>ΙΙ</strong></span> <span class='ocrx_word' id='word_1_111' title='bbox 659 1588 684 1640; x_wconf 76' lang='lat'><strong>2.</strong></span> <span class='ocrx_word' id='word_1_112' title='bbox 704 1593 820 1641; x_wconf 79' lang='lat' dir='ltr'><strong>exercitu</strong></span> <span class='ocrx_word' id='word_1_113' title='bbox 840 1593 956 1640; x_wconf 85' lang='lat' dir='ltr'><strong>hostium</strong></span> <span class='ocrx_word' id='word_1_114' title='bbox 970 1589 998 1642; x_wconf 86' lang='lat' dir='ltr'><strong>F.</strong></span> <span class='ocrx_word' id='word_1_115' title='bbox 1010 1592 1024 1657; x_wconf 84' lang='grc' dir='ltr'>Η</span> <span class='ocrx_word' id='word_1_116' title='bbox 1036 1590 1132 1655; x_wconf 81' lang='lat' dir='ltr'><strong>AttIca]</strong></span> <span class='ocrx_word' id='word_1_117' title='bbox 1146 1593 1259 1640; x_wconf 81' lang='lat' dir='ltr'><strong>muirtea</strong></span> <span class='ocrx_word' id='word_1_118' title='bbox 1270 1586 1357 1638; x_wconf 74' lang='lat' dir='ltr'><strong>ACF.</strong></span> <span class='ocrx_word' id='word_1_119' title='bbox 1368 1584 1412 1654; x_wconf 73' lang='lat' dir='ltr'><strong>ild</strong></span> <span class='ocrx_word' id='word_1_120' title='bbox 1437 1590 1517 1655; x_wconf 78' lang='lat' dir='ltr'><strong>igni·</strong></span> 
     </span>
     <span class='ocr_line' id='line_1_13' title="bbox 284 1657 1516 1731; baseline -0.006 -16"><span class='ocrx_word' id='word_1_121' title='bbox 284 1664 346 1731; x_wconf 58' lang='lat' dir='ltr'><strong>tque]</strong></span> <span class='ocrx_word' id='word_1_122' title='bbox 367 1665 421 1730; x_wconf 85' lang='lat' dir='ltr'><strong>igni</strong></span> <span class='ocrx_word' id='word_1_123' title='bbox 439 1660 530 1713; x_wconf 77' lang='lat' dir='ltr'><strong>Acii.</strong></span> <span class='ocrx_word' id='word_1_124' title='bbox 550 1663 665 1729; x_wconf 81' lang='lat' dir='ltr'><strong>igneque</strong></span> <span class='ocrx_word' id='word_1_125' title='bbox 684 1659 747 1712; x_wconf 87' lang='lat' dir='ltr'><strong>DF.</strong></span> <span class='ocrx_word' id='word_1_126' title='bbox 767 1666 793 1711; x_wconf 85' lang='lat' dir='ltr'><strong>et</strong></span> <span class='ocrx_word' id='word_1_127' title='bbox 811 1664 868 1729; x_wconf 87' lang='lat' dir='ltr'><strong>igni</strong></span> <span class='ocrx_word' id='word_1_128' title='bbox 886 1661 918 1713; x_wconf 86' lang='grc' dir='ltr'><strong>Γ.</strong></span> <span class='ocrx_word' id='word_1_129' title='bbox 930 1663 943 1729; x_wconf 82' lang='grc' dir='ltr'>Η</span> <span class='ocrx_word' id='word_1_130' title='bbox 955 1660 980 1713; x_wconf 71' lang='lat' dir='ltr'><strong>i.</strong></span> <span class='ocrx_word' id='word_1_131' title='bbox 999 1664 1111 1711; x_wconf 89' lang='lat' dir='ltr'><strong>scitatus</strong></span> <span class='ocrx_word' id='word_1_132' title='bbox 1130 1658 1155 1712; x_wconf 81' lang='grc' dir='ltr'><strong><em>Γ</em></strong></span> <span class='ocrx_word' id='word_1_133' title='bbox 1154 1699 1160 1713; x_wconf 93' lang='grc'><strong>.</strong></span> <span class='ocrx_word' id='word_1_134' title='bbox 1177 1660 1190 1723; x_wconf 89' lang='grc' dir='ltr'><strong>ΙΙ</strong></span> <span class='ocrx_word' id='word_1_135' title='bbox 1207 1657 1232 1712; x_wconf 82' lang='grc'><strong>5.</strong></span> <span class='ocrx_word' id='word_1_136' title='bbox 1251 1662 1315 1710; x_wconf 90' lang='lat' dir='ltr'><strong>illud</strong></span> <span class='ocrx_word' id='word_1_137' title='bbox 1339 1663 1395 1709; x_wconf 86' lang='lat' dir='ltr'><strong>tam</strong></span> <span class='ocrx_word' id='word_1_138' title='bbox 1414 1675 1516 1726; x_wconf 80' lang='lat' dir='ltr'><strong>granc</strong></span> 
     </span>
     <span class='ocr_line' id='line_1_14' title="bbox 286 1728 1515 1799; baseline -0.005 -13"><span class='ocrx_word' id='word_1_139' title='bbox 286 1735 362 1786; x_wconf 84' lang='lat' dir='ltr'><strong>Torr.</strong></span> <span class='ocrx_word' id='word_1_140' title='bbox 374 1734 387 1797; x_wconf 81' lang='grc' dir='ltr'><strong>ΙΙ</strong></span> <span class='ocrx_word' id='word_1_141' title='bbox 401 1732 424 1784; x_wconf 85' lang='lat' dir='ltr'><strong>i.</strong></span> <span class='ocrx_word' id='word_1_142' title='bbox 443 1734 562 1789; x_wconf 79' lang='lat' dir='ltr'><strong>Athenis,</strong></span> <span class='ocrx_word' id='word_1_143' title='bbox 577 1733 636 1796; x_wconf 85' lang='lat' dir='ltr'><strong>sed]</strong></span> <span class='ocrx_word' id='word_1_144' title='bbox 651 1734 822 1783; x_wconf 80' lang='lat' dir='ltr'><strong>athenienses</strong></span> <span class='ocrx_word' id='word_1_145' title='bbox 832 1748 876 1799; x_wconf 87' lang='lat' dir='ltr'><strong>pr.</strong></span> <span class='ocrx_word' id='word_1_146' title='bbox 888 1731 919 1787; x_wconf 77' lang='lat' dir='ltr'><strong>A.</strong></span> <span class='ocrx_word' id='word_1_147' title='bbox 939 1734 1133 1783; x_wconf 74' lang='lat' dir='ltr'><strong>atheniensium</strong></span> <span class='ocrx_word' id='word_1_148' title='bbox 1145 1730 1229 1784; x_wconf 84' lang='lat' dir='ltr'><strong>CEF</strong></span> <span class='ocrx_word' id='word_1_149' title='bbox 1242 1736 1268 1781; x_wconf 85' lang='lat' dir='ltr'><strong>et</strong></span> <span class='ocrx_word' id='word_1_150' title='bbox 1285 1744 1353 1782; x_wconf 86' lang='lat' dir='ltr'><strong>corr.</strong></span> <span class='ocrx_word' id='word_1_151' title='bbox 1366 1728 1400 1784; x_wconf 82' lang='lat' dir='ltr'><strong>A.</strong></span> <span class='ocrx_word' id='word_1_152' title='bbox 1423 1728 1515 1781; x_wconf 81' lang='lat' dir='ltr'><strong>Torr.</strong></span> 
     </span>
     <span class='ocr_line' id='line_1_15' title="bbox 256 1798 964 1871; baseline 0.006 -18"><span class='ocrx_word' id='word_1_153' title='bbox 256 1803 258 1807; x_wconf 87' lang='grc'><strong>’</strong></span> <span class='ocrx_word' id='word_1_154' title='bbox 297 1804 431 1871; x_wconf 70' lang='lat' dir='ltr'><strong>{icastris}</strong></span> <span class='ocrx_word' id='word_1_155' title='bbox 452 1798 513 1853; x_wconf 86' lang='lat' dir='ltr'><strong>add.</strong></span> <span class='ocrx_word' id='word_1_156' title='bbox 533 1804 581 1853; x_wconf 84' lang='lat' dir='ltr'><strong>sed</strong></span> <span class='ocrx_word' id='word_1_157' title='bbox 602 1800 654 1855; x_wconf 82' lang='lat' dir='ltr'><strong>GE</strong></span> <span class='ocrx_word' id='word_1_158' title='bbox 661 1800 685 1854; x_wconf 84' lang='lat' dir='ltr'><em>F</em></span> <span class='ocrx_word' id='word_1_159' title='bbox 700 1808 726 1854; x_wconf 87' lang='lat' dir='ltr'><strong>et</strong></span> <span class='ocrx_word' id='word_1_160' title='bbox 742 1818 811 1855; x_wconf 86' lang='lat' dir='ltr'><strong>corr.</strong></span> <span class='ocrx_word' id='word_1_161' title='bbox 831 1802 864 1858; x_wconf 78' lang='lat' dir='ltr'><strong>A.</strong></span> <span class='ocrx_word' id='word_1_162' title='bbox 887 1802 964 1857; x_wconf 84' lang='lat' dir='ltr'><strong>Torr.</strong></span> 
     </span>
     <span class='ocr_line' id='line_1_16' title="bbox 276 1942 1512 2017; baseline -0.005 -17"><span class='ocrx_word' id='word_1_163' title='bbox 276 1950 367 2017; x_wconf 81' lang='lat' dir='ltr'><strong>ferret</strong></span> <span class='ocrx_word' id='word_1_164' title='bbox 384 1942 542 2014; x_wconf 74' lang='lat' dir='ltr'><strong>ciputsem?</strong></span> <span class='ocrx_word' id='word_1_165' title='bbox 560 1948 639 2007; x_wconf 72' lang='lat' dir='ltr'><strong>idque</strong></span> <span class='ocrx_word' id='word_1_166' title='bbox 657 1947 684 1996; x_wconf 90' lang='lat' dir='ltr'><strong>in</strong></span> <span class='ocrx_word' id='word_1_167' title='bbox 703 1948 821 1997; x_wconf 89' lang='lat' dir='ltr'><strong>oratione</strong></span> <span class='ocrx_word' id='word_1_168' title='bbox 841 1964 890 2011; x_wconf 85' lang='lat' dir='ltr'><strong>pre</strong></span> <span class='ocrx_word' id='word_1_169' title='bbox 908 1948 1007 1998; x_wconf 87' lang='lat' dir='ltr'><strong>ittitone</strong></span> <span class='ocrx_word' id='word_1_170' title='bbox 1024 1943 1074 2005; x_wconf 74' lang='grc'><strong>20,</strong></span> <span class='ocrx_word' id='word_1_171' title='bbox 1093 1944 1128 2000; x_wconf 81' lang='grc'><strong>53</strong></span> <span class='ocrx_word' id='word_1_172' title='bbox 1151 1962 1200 2013; x_wconf 83' lang='lat' dir='ltr'><strong>quo</strong></span> <span class='ocrx_word' id='word_1_173' title='bbox 1219 1946 1247 1997; x_wconf 82' lang='lat' dir='ltr'><strong>in</strong></span> <span class='ocrx_word' id='word_1_174' title='bbox 1259 1942 1348 2011; x_wconf 83' lang='lat' dir='ltr'><strong>suado</strong></span> <span class='ocrx_word' id='word_1_175' title='bbox 1366 1973 1402 1981; x_wconf 89' lang='lat'>-</span> <span class='ocrx_word' id='word_1_176' title='bbox 1412 1942 1512 2011; x_wconf 78' lang='lat' dir='ltr'><strong>facite</strong></span> 
     </span>
     <span class='ocr_line' id='line_1_17' title="bbox 284 2015 1510 2082; baseline -0.005 -9"><span class='ocrx_word' id='word_1_177' title='bbox 284 2018 353 2073; x_wconf 81' lang='lat' dir='ltr'><strong>mille</strong></span> <span class='ocrx_word' id='word_1_178' title='bbox 370 2018 497 2069; x_wconf 82' lang='lat' dir='ltr'><strong>bominum</strong></span> <span class='ocrx_word' id='word_1_179' title='bbox 515 2015 677 2077; x_wconf 74' lang='lat' dir='ltr'><strong>caecabatur,</strong></span> <span class='ocrx_word' id='word_1_180' title='bbox 698 2022 724 2068; x_wconf 91' lang='lat' dir='ltr'><strong>ct</strong></span> <span class='ocrx_word' id='word_1_181' title='bbox 742 2021 776 2067; x_wconf 90' lang='lat' dir='ltr'><strong>ab</strong></span> <span class='ocrx_word' id='word_1_182' title='bbox 796 2020 865 2076; x_wconf 89' lang='lat' dir='ltr'><strong>aliis,</strong></span> <span class='ocrx_word' id='word_1_183' title='bbox 888 2033 955 2082; x_wconf 85' lang='lat' dir='ltr'><strong>ques</strong></span> <span class='ocrx_word' id='word_1_184' title='bbox 973 2020 1063 2068; x_wconf 78' lang='lat' dir='ltr'><strong>cilenti</strong></span> <span class='ocrx_word' id='word_1_185' title='bbox 1073 2020 1173 2068; x_wconf 84' lang='lat' dir='ltr'><strong>Gellius</strong></span> <span class='ocrx_word' id='word_1_186' title='bbox 1191 2018 1211 2078; x_wconf 83' lang='grc' dir='ltr'><strong>Ι,</strong></span> <span class='ocrx_word' id='word_1_187' title='bbox 1233 2016 1274 2069; x_wconf 84' lang='lat' dir='ltr'><strong>ib.</strong></span> <span class='ocrx_word' id='word_1_188' title='bbox 1310 2017 1412 2075; x_wconf 83' lang='lat' dir='ltr'><strong>Quibus</strong></span> <span class='ocrx_word' id='word_1_189' title='bbox 1431 2019 1510 2067; x_wconf 78' lang='lat' dir='ltr'><strong>addo</strong></span> 
     </span>
     <span class='ocr_line' id='line_1_18' title="bbox 285 2086 1509 2153; baseline -0.007 -10"><span class='ocrx_word' id='word_1_190' title='bbox 285 2092 398 2143; x_wconf 86' lang='lat' dir='ltr'><strong>Cornelii</strong></span> <span class='ocrx_word' id='word_1_191' title='bbox 418 2092 462 2140; x_wconf 87' lang='lat' dir='ltr'><strong>nit.</strong></span> <span class='ocrx_word' id='word_1_192' title='bbox 481 2090 586 2141; x_wconf 83' lang='lat' dir='ltr'><strong>Datum.</strong></span> <span class='ocrx_word' id='word_1_193' title='bbox 611 2087 642 2147; x_wconf 77' lang='lat' dir='ltr'><strong>b.</strong></span> <span class='ocrx_word' id='word_1_194' title='bbox 667 2086 693 2148; x_wconf 85' lang='lat'><strong>3,</strong></span> <span class='ocrx_word' id='word_1_195' title='bbox 718 2092 761 2139; x_wconf 91' lang='lat' dir='ltr'><strong>ubi</strong></span> <span class='ocrx_word' id='word_1_196' title='bbox 786 2097 857 2139; x_wconf 90' lang='lat' dir='ltr'><strong>recte</strong></span> <span class='ocrx_word' id='word_1_197' title='bbox 881 2105 915 2139; x_wconf 78' lang='lat' dir='ltr'><strong>ex</strong></span> <span class='ocrx_word' id='word_1_198' title='bbox 939 2092 1044 2153; x_wconf 87' lang='lat' dir='ltr'><strong>optimis</strong></span> <span class='ocrx_word' id='word_1_199' title='bbox 1067 2090 1203 2139; x_wconf 77' lang='lat' dir='ltr'><strong>codicibus</strong></span> <span class='ocrx_word' id='word_1_200' title='bbox 1222 2090 1400 2152; x_wconf 81' lang='lat' dir='ltr'><strong>Nipperdeius</strong></span> <span class='ocrx_word' id='word_1_201' title='bbox 1419 2090 1509 2137; x_wconf 80' lang='lat' dir='ltr'><strong>edidit</strong></span> 
     </span>
     <span class='ocr_line' id='line_1_19' title="bbox 285 2156 1503 2229; baseline -0.005 -15"><span class='ocrx_word' id='word_1_202' title='bbox 285 2180 342 2215; x_wconf 87' lang='lat' dir='ltr'><strong>cum</strong></span> <span class='ocrx_word' id='word_1_203' title='bbox 361 2160 393 2212; x_wconf 85' lang='lat' dir='ltr'><strong>de</strong></span> <span class='ocrx_word' id='word_1_204' title='bbox 410 2159 494 2229; x_wconf 84' lang='lat' dir='ltr'><strong>ipsius</strong></span> <span class='ocrx_word' id='word_1_205' title='bbox 512 2159 625 2211; x_wconf 80' lang='lat' dir='ltr'><strong>caercitu</strong></span> <span class='ocrx_word' id='word_1_206' title='bbox 643 2176 693 2211; x_wconf 83' lang='lat' dir='ltr'><strong>nou</strong></span> <span class='ocrx_word' id='word_1_207' title='bbox 712 2158 824 2229; x_wconf 85' lang='lat' dir='ltr'><strong>amplius</strong></span> <span class='ocrx_word' id='word_1_208' title='bbox 840 2159 970 2210; x_wconf 80' lang='lat' dir='ltr'><strong>bominum</strong></span> <span class='ocrx_word' id='word_1_209' title='bbox 987 2159 1057 2210; x_wconf 83' lang='lat' dir='ltr'><strong>mitte</strong></span> <span class='ocrx_word' id='word_1_210' title='bbox 1078 2158 1231 2215; x_wconf 79' lang='lat' dir='ltr'><strong>cecidisset.</strong></span> <span class='ocrx_word' id='word_1_211' title='bbox 1256 2164 1283 2209; x_wconf 90' lang='lat' dir='ltr'><strong>et</strong></span> <span class='ocrx_word' id='word_1_212' title='bbox 1301 2160 1413 2209; x_wconf 82' lang='lat' dir='ltr'><strong>Miltiad.</strong></span> <span class='ocrx_word' id='word_1_213' title='bbox 1432 2156 1465 2213; x_wconf 83' lang='lat'><strong>5.</strong></span> <span class='ocrx_word' id='word_1_214' title='bbox 1493 2158 1503 2208; x_wconf 93' lang='grc'>1</span> 
     </span>
     <span class='ocr_line' id='line_1_20' title="bbox 284 2230 1507 2297; baseline -0.004 -13"><span class='ocrx_word' id='word_1_215' title='bbox 284 2234 330 2289; x_wconf 86' lang='lat' dir='ltr'><strong>Ee</strong></span> <span class='ocrx_word' id='word_1_216' title='bbox 348 2232 417 2283; x_wconf 79' lang='lat' dir='ltr'><strong>mille</strong></span> <span class='ocrx_word' id='word_1_217' title='bbox 435 2231 506 2282; x_wconf 83' lang='lat' dir='ltr'><strong>misit</strong></span> <span class='ocrx_word' id='word_1_218' title='bbox 523 2230 639 2282; x_wconf 84' lang='lat' dir='ltr'><strong>militum.</strong></span> <span class='ocrx_word' id='word_1_219' title='bbox 676 2235 750 2293; x_wconf 86' lang='lat' dir='ltr'><strong>Qnod</strong></span> <span class='ocrx_word' id='word_1_220' title='bbox 771 2234 893 2297; x_wconf 89' lang='lat' dir='ltr'><strong>quamuis</strong></span> <span class='ocrx_word' id='word_1_221' title='bbox 912 2233 1013 2281; x_wconf 85' lang='lat' dir='ltr'><strong>Gellius</strong></span> <span class='ocrx_word' id='word_1_222' title='bbox 1032 2234 1155 2282; x_wconf 85' lang='lat' dir='ltr'><strong>euincere</strong></span> <span class='ocrx_word' id='word_1_223' title='bbox 1174 2234 1281 2281; x_wconf 87' lang='lat' dir='ltr'><strong>studeat</strong></span> <span class='ocrx_word' id='word_1_224' title='bbox 1302 2246 1353 2279; x_wconf 86' lang='lat' dir='ltr'><strong>noa</strong></span> <span class='ocrx_word' id='word_1_225' title='bbox 1373 2233 1507 2279; x_wconf 82' lang='lat' dir='ltr'><strong>uetustati</strong></span> 
     </span>
     <span class='ocr_line' id='line_1_21' title="bbox 285 2304 1506 2367; baseline -0.003 -12"><span class='ocrx_word' id='word_1_226' title='bbox 285 2320 441 2357; x_wconf 86' lang='lat' dir='ltr'><strong>eoncessum</strong></span> <span class='ocrx_word' id='word_1_227' title='bbox 462 2318 539 2360; x_wconf 79' lang='lat' dir='ltr'><strong>csse.</strong></span> <span class='ocrx_word' id='word_1_228' title='bbox 559 2308 586 2351; x_wconf 95' lang='lat' dir='ltr'><strong>nt</strong></span> <span class='ocrx_word' id='word_1_229' title='bbox 604 2306 710 2365; x_wconf 90' lang='lat' dir='ltr'><strong>quidum</strong></span> <span class='ocrx_word' id='word_1_230' title='bbox 734 2306 897 2367; x_wconf 81' lang='lat' dir='ltr'><strong>pntuucrtnt,</strong></span> <span class='ocrx_word' id='word_1_231' title='bbox 922 2306 970 2353; x_wconf 92' lang='lat' dir='ltr'><strong>sed</strong></span> <span class='ocrx_word' id='word_1_232' title='bbox 990 2305 1118 2353; x_wconf 76' lang='lat' dir='ltr'><strong>cntionem</strong></span> <span class='ocrx_word' id='word_1_233' title='bbox 1142 2305 1179 2352; x_wconf 87' lang='lat' dir='ltr'><strong>ita</strong></span> <span class='ocrx_word' id='word_1_234' title='bbox 1201 2317 1328 2367; x_wconf 85' lang='lat' dir='ltr'><strong>poscere,</strong></span> <span class='ocrx_word' id='word_1_235' title='bbox 1351 2304 1442 2349; x_wconf 87' lang='lat' dir='ltr'><strong>tumen</strong></span> <span class='ocrx_word' id='word_1_236' title='bbox 1469 2318 1506 2351; x_wconf 73' lang='lat' dir='ltr'><strong>ex</strong></span> 
     </span>
     <span class='ocr_line' id='line_1_22' title="bbox 284 2372 1506 2443; baseline -0.004 -16"><span class='ocrx_word' id='word_1_237' title='bbox 284 2381 345 2443; x_wconf 88' lang='lat' dir='ltr'><strong>ipsa</strong></span> <span class='ocrx_word' id='word_1_238' title='bbox 363 2378 410 2426; x_wconf 84' lang='lat' dir='ltr'><strong>itta</strong></span> <span class='ocrx_word' id='word_1_239' title='bbox 428 2376 604 2438; x_wconf 88' lang='lat' dir='ltr'><strong>disputatione</strong></span> <span class='ocrx_word' id='word_1_240' title='bbox 623 2376 685 2423; x_wconf 89' lang='lat' dir='ltr'><strong>illud</strong></span> <span class='ocrx_word' id='word_1_241' title='bbox 706 2376 809 2423; x_wconf 91' lang='lat' dir='ltr'><strong>dicendi</strong></span> <span class='ocrx_word' id='word_1_242' title='bbox 831 2390 918 2441; x_wconf 82' lang='lat' dir='ltr'><strong>genus</strong></span> <span class='ocrx_word' id='word_1_243' title='bbox 937 2379 998 2423; x_wconf 88' lang='lat' dir='ltr'><strong>tunc</strong></span> <span class='ocrx_word' id='word_1_244' title='bbox 1020 2378 1148 2437; x_wconf 91' lang='lat' dir='ltr'><strong>temperis</strong></span> <span class='ocrx_word' id='word_1_245' title='bbox 1167 2376 1317 2423; x_wconf 86' lang='lat' dir='ltr'><strong>obsolctnm</strong></span> <span class='ocrx_word' id='word_1_246' title='bbox 1340 2373 1393 2420; x_wconf 91' lang='lat' dir='ltr'><strong>inm</strong></span> <span class='ocrx_word' id='word_1_247' title='bbox 1417 2372 1506 2422; x_wconf 77' lang='lat' dir='ltr'><strong>tarsse</strong></span> 
     </span>
     <span class='ocr_line' id='line_1_23' title="bbox 285 2440 1506 2509; baseline -0.006 -11"><span class='ocrx_word' id='word_1_248' title='bbox 285 2450 343 2499; x_wconf 88' lang='lat' dir='ltr'><strong>tuce</strong></span> <span class='ocrx_word' id='word_1_249' title='bbox 363 2448 461 2497; x_wconf 86' lang='lat' dir='ltr'><strong>elarius</strong></span> <span class='ocrx_word' id='word_1_250' title='bbox 480 2448 601 2509; x_wconf 83' lang='lat' dir='ltr'><strong>apparet.</strong></span> <span class='ocrx_word' id='word_1_251' title='bbox 638 2447 763 2495; x_wconf 80' lang='lat' dir='ltr'><strong>Cicerone</strong></span> <span class='ocrx_word' id='word_1_252' title='bbox 781 2447 944 2495; x_wconf 88' lang='lat' dir='ltr'><strong>recentiores</strong></span> <span class='ocrx_word' id='word_1_253' title='bbox 969 2447 1112 2509; x_wconf 81' lang='lat' dir='ltr'><strong>scriptores</strong></span> <span class='ocrx_word' id='word_1_254' title='bbox 1136 2451 1222 2500; x_wconf 83' lang='lat' dir='ltr'><strong>certe,</strong></span> <span class='ocrx_word' id='word_1_255' title='bbox 1247 2445 1332 2493; x_wconf 86' lang='lat' dir='ltr'><strong>sicubi</strong></span> <span class='ocrx_word' id='word_1_256' title='bbox 1350 2440 1421 2491; x_wconf 69' lang='lat' dir='ltr'><strong>mitte</strong></span> <span class='ocrx_word' id='word_1_257' title='bbox 1439 2446 1506 2491; x_wconf 89' lang='lat' dir='ltr'><strong>sub·</strong></span> 
     </span>
     <span class='ocr_line' id='line_1_24' title="bbox 285 2515 1506 2583; baseline -0.005 -15"><span class='ocrx_word' id='word_1_258' title='bbox 285 2521 400 2569; x_wconf 87' lang='lat' dir='ltr'><strong>stantinc</strong></span> <span class='ocrx_word' id='word_1_259' title='bbox 419 2532 478 2565; x_wconf 91' lang='lat' dir='ltr'><strong>cum</strong></span> <span class='ocrx_word' id='word_1_260' title='bbox 497 2518 613 2583; x_wconf 86' lang='lat' dir='ltr'><strong>genitino</strong></span> <span class='ocrx_word' id='word_1_261' title='bbox 633 2518 808 2566; x_wconf 87' lang='lat' dir='ltr'><strong>adhibuerunt</strong></span> <span class='ocrx_word' id='word_1_262' title='bbox 831 2518 990 2579; x_wconf 86' lang='lat' dir='ltr'><strong>pluratinum</strong></span> <span class='ocrx_word' id='word_1_263' title='bbox 1010 2518 1084 2566; x_wconf 89' lang='lat' dir='ltr'><strong>uerbi</strong></span> <span class='ocrx_word' id='word_1_264' title='bbox 1102 2532 1238 2566; x_wconf 89' lang='lat' dir='ltr'><strong>numerum</strong></span> <span class='ocrx_word' id='word_1_265' title='bbox 1258 2516 1283 2564; x_wconf 89' lang='lat' dir='ltr'><strong>ei</strong></span> <span class='ocrx_word' id='word_1_266' title='bbox 1301 2515 1506 2571; x_wconf 78' lang='lat' dir='ltr'><strong>subinnxcrunt,</strong></span> 
     </span>
     <span class='ocr_line' id='line_1_25' title="bbox 286 2584 1504 2653; baseline -0.001 -16"><span class='ocrx_word' id='word_1_267' title='bbox 286 2594 313 2638; x_wconf 92' lang='lat' dir='ltr'><strong>nt</strong></span> <span class='ocrx_word' id='word_1_268' title='bbox 332 2590 390 2639; x_wconf 79' lang='lat' dir='ltr'><strong>liu.</strong></span> <span class='ocrx_word' id='word_1_269' title='bbox 413 2588 517 2644; x_wconf 80' lang='lat' dir='ltr'><strong>xxiii,</strong></span> <span class='ocrx_word' id='word_1_270' title='bbox 541 2584 591 2639; x_wconf 78' lang='lat'><strong>45.</strong></span> <span class='ocrx_word' id='word_1_271' title='bbox 617 2584 630 2635; x_wconf 88' lang='grc'><strong>7</strong></span> <span class='ocrx_word' id='word_1_272' title='bbox 656 2586 732 2637; x_wconf 86' lang='lat' dir='ltr'><strong>Mille</strong></span> <span class='ocrx_word' id='word_1_273' title='bbox 747 2586 811 2653; x_wconf 86' lang='lat' dir='ltr'><strong>sere</strong></span> <span class='ocrx_word' id='word_1_274' title='bbox 824 2602 952 2653; x_wconf 76' lang='lat' dir='ltr'><strong>passuum</strong></span> <span class='ocrx_word' id='word_1_275' title='bbox 975 2587 1043 2638; x_wconf 83' lang='lat' dir='ltr'><strong>iuter</strong></span> <span class='ocrx_word' id='word_1_276' title='bbox 1066 2584 1156 2637; x_wconf 74' lang='lat' dir='ltr'><strong>tardem</strong></span> <span class='ocrx_word' id='word_1_277' title='bbox 1181 2591 1256 2637; x_wconf 83' lang='lat' dir='ltr'><strong>erant</strong></span> <span class='ocrx_word' id='word_1_278' title='bbox 1280 2590 1426 2652; x_wconf 80' lang='lat' dir='ltr'><strong>castraque.</strong></span> <span class='ocrx_word' id='word_1_279' title='bbox 1461 2588 1504 2636; x_wconf 74' lang='lat' dir='ltr'><strong>Cf.</strong></span> 
     </span>
     <span class='ocr_line' id='line_1_26' title="bbox 285 2655 1505 2723; baseline -0.003 -13"><span class='ocrx_word' id='word_1_280' title='bbox 285 2660 374 2710; x_wconf 84' lang='lat' dir='ltr'><strong>blada.</strong></span> <span class='ocrx_word' id='word_1_281' title='bbox 414 2673 507 2709; x_wconf 83' lang='lat' dir='ltr'><strong>mmm.</strong></span> <span class='ocrx_word' id='word_1_282' title='bbox 528 2658 552 2720; x_wconf 72' lang='lat'><strong>5.</strong></span> <span class='ocrx_word' id='word_1_283' title='bbox 573 2655 619 2716; x_wconf 76' lang='lat' dir='ltr'><strong>ie,</strong></span> <span class='ocrx_word' id='word_1_284' title='bbox 645 2676 670 2708; x_wconf 90' lang='lat' dir='ltr'><strong>a.</strong></span> <span class='ocrx_word' id='word_1_285' title='bbox 712 2661 779 2719; x_wconf 81' lang='lat' dir='ltr'><strong>Quid</strong></span> <span class='ocrx_word' id='word_1_286' title='bbox 804 2660 873 2721; x_wconf 83' lang='lat' dir='ltr'><strong>‹prod</strong></span> <span class='ocrx_word' id='word_1_287' title='bbox 899 2660 1010 2723; x_wconf 83' lang='lat' dir='ltr'><strong>pluralis</strong></span> <span class='ocrx_word' id='word_1_288' title='bbox 1032 2674 1159 2709; x_wconf 87' lang='lat' dir='ltr'><strong>mrmcrus</strong></span> <span class='ocrx_word' id='word_1_289' title='bbox 1183 2660 1262 2708; x_wconf 90' lang='lat' dir='ltr'><strong>etiam</strong></span> <span class='ocrx_word' id='word_1_290' title='bbox 1285 2672 1354 2707; x_wconf 91' lang='lat' dir='ltr'><strong>nunc</strong></span> <span class='ocrx_word' id='word_1_291' title='bbox 1377 2665 1505 2721; x_wconf 82' lang='lat' dir='ltr'><strong>superest</strong></span> 
     </span>
     <span class='ocr_line' id='line_1_27' title="bbox 285 2674 1504 2794; baseline -0.001 -15"><span class='ocrx_word' id='word_1_292' title='bbox 285 2733 310 2780; x_wconf 94' lang='lat' dir='ltr'><strong>in</strong></span> <span class='ocrx_word' id='word_1_293' title='bbox 330 2674 497 2779; x_wconf 67' lang='lat' dir='ltr'><strong>deiciantur.</strong></span> <span class='ocrx_word' id='word_1_294' title='bbox 540 2733 598 2789; x_wconf 78' lang='lat' dir='ltr'><strong>Qua</strong></span> <span class='ocrx_word' id='word_1_295' title='bbox 623 2733 655 2780; x_wconf 90' lang='lat' dir='ltr'><strong>dc</strong></span> <span class='ocrx_word' id='word_1_296' title='bbox 675 2745 759 2780; x_wconf 74' lang='lat' dir='ltr'><strong>carisa</strong></span> <span class='ocrx_word' id='word_1_297' title='bbox 777 2729 846 2780; x_wconf 83' lang='lat' dir='ltr'><strong>mille</strong></span> <span class='ocrx_word' id='word_1_298' title='bbox 864 2732 916 2780; x_wconf 91' lang='lat' dir='ltr'><strong>hoc</strong></span> <span class='ocrx_word' id='word_1_299' title='bbox 939 2732 997 2779; x_wconf 92' lang='lat' dir='ltr'><strong>loco</strong></span> <span class='ocrx_word' id='word_1_300' title='bbox 1017 2732 1146 2780; x_wconf 88' lang='lat' dir='ltr'><strong>adiectiue</strong></span> <span class='ocrx_word' id='word_1_301' title='bbox 1165 2732 1280 2794; x_wconf 84' lang='lat' dir='ltr'><strong>positrnn</strong></span> <span class='ocrx_word' id='word_1_302' title='bbox 1299 2732 1326 2779; x_wconf 85' lang='lat' dir='ltr'><strong>et</strong></span> <span class='ocrx_word' id='word_1_303' title='bbox 1344 2731 1446 2790; x_wconf 83' lang='lat' dir='ltr'><strong>reliqua</strong></span> <span class='ocrx_word' id='word_1_304' title='bbox 1464 2731 1504 2778; x_wconf 76' lang='lat' dir='ltr'><strong>ita</strong></span> 
     </span>
     <span class='ocr_line' id='line_1_28' title="bbox 286 2798 1501 2869; baseline 0.001 -20"><span class='ocrx_word' id='word_1_305' title='bbox 286 2801 501 2850; x_wconf 84' lang='lat' dir='ltr'><strong>transformanda</strong></span> <span class='ocrx_word' id='word_1_306' title='bbox 525 2801 600 2856; x_wconf 79' lang='lat' dir='ltr'><strong>duxi.</strong></span> <span class='ocrx_word' id='word_1_307' title='bbox 630 2807 691 2867; x_wconf 84' lang='lat' dir='ltr'><strong>quot</strong></span> <span class='ocrx_word' id='word_1_308' title='bbox 714 2801 799 2852; x_wconf 87' lang='lat' dir='ltr'><strong>Gallis</strong></span> <span class='ocrx_word' id='word_1_309' title='bbox 823 2831 858 2839; x_wconf 93' lang='lat'><em>-</em></span> <span class='ocrx_word' id='word_1_310' title='bbox 883 2798 1042 2851; x_wconf 82' lang='lat' dir='ltr'><strong>debebantur</strong></span> <span class='ocrx_word' id='word_1_311' title='bbox 1065 2831 1099 2839; x_wconf 90' lang='lat'>—</span> <span class='ocrx_word' id='word_1_312' title='bbox 1123 2801 1230 2869; x_wconf 82' lang='lat' dir='ltr'><strong>eepleta.</strong></span> <span class='ocrx_word' id='word_1_313' title='bbox 1274 2801 1501 2866; x_wconf 66' lang='lat' dir='ltr'><strong>frequentissimo</strong></span> 
     </span>
     <span class='ocr_line' id='line_1_29' title="bbox 286 2868 1502 2940; baseline -0.001 -19"><span class='ocrx_word' id='word_1_314' title='bbox 286 2873 369 2926; x_wconf 85' lang='lat' dir='ltr'><strong>enirn,</strong></span> <span class='ocrx_word' id='word_1_315' title='bbox 397 2885 482 2933; x_wconf 87' lang='lat' dir='ltr'><strong>paene</strong></span> <span class='ocrx_word' id='word_1_316' title='bbox 502 2873 611 2920; x_wconf 76' lang='lat' dir='ltr'><strong>dixerIm</strong></span> <span class='ocrx_word' id='word_1_317' title='bbox 631 2875 761 2921; x_wconf 88' lang='lat' dir='ltr'><strong>constanti</strong></span> <span class='ocrx_word' id='word_1_318' title='bbox 781 2875 947 2923; x_wconf 78' lang='lat' dir='ltr'><strong>librariorum</strong></span> <span class='ocrx_word' id='word_1_319' title='bbox 967 2889 1056 2923; x_wconf 90' lang='lat' dir='ltr'><strong>errore</strong></span> <span class='ocrx_word' id='word_1_320' title='bbox 1075 2879 1137 2940; x_wconf 85' lang='lat' dir='ltr'><strong>quot</strong></span> <span class='ocrx_word' id='word_1_321' title='bbox 1154 2873 1321 2922; x_wconf 82' lang='lat' dir='ltr'><strong>contunditur</strong></span> <span class='ocrx_word' id='word_1_322' title='bbox 1340 2889 1399 2921; x_wconf 89' lang='lat' dir='ltr'><strong>cnm</strong></span> <span class='ocrx_word' id='word_1_323' title='bbox 1416 2868 1502 2938; x_wconf 77' lang='lat' dir='ltr'><strong>qued,-</strong></span> 
     </span>
     <span class='ocr_line' id='line_1_30' title="bbox 286 2940 1500 3010; baseline 0 -20"><span class='ocrx_word' id='word_1_324' title='bbox 286 2959 336 3007; x_wconf 81' lang='lat' dir='ltr'><strong>quo</strong></span> <span class='ocrx_word' id='word_1_325' title='bbox 362 2942 432 2990; x_wconf 84' lang='lat' dir='ltr'><strong>sacto</strong></span> <span class='ocrx_word' id='word_1_326' title='bbox 455 2940 555 3007; x_wconf 69' lang='lat' dir='ltr'><strong>explete</strong></span> <span class='ocrx_word' id='word_1_327' title='bbox 580 2944 657 2992; x_wconf 82' lang='lat' dir='ltr'><strong>tacito</strong></span> <span class='ocrx_word' id='word_1_328' title='bbox 681 2945 705 2992; x_wconf 89' lang='lat' dir='ltr'><strong>In</strong></span> <span class='ocrx_word' id='word_1_329' title='bbox 731 2945 896 3010; x_wconf 74' lang='lat' dir='ltr'><strong>singularem</strong></span> <span class='ocrx_word' id='word_1_330' title='bbox 921 2959 1057 2993; x_wconf 79' lang='lat' dir='ltr'><strong>nunrerum</strong></span> <span class='ocrx_word' id='word_1_331' title='bbox 1082 2946 1197 2994; x_wconf 87' lang='lat' dir='ltr'><strong>transire</strong></span> <span class='ocrx_word' id='word_1_332' title='bbox 1221 2945 1311 3007; x_wconf 85' lang='lat' dir='ltr'><strong>potuit.</strong></span> <span class='ocrx_word' id='word_1_333' title='bbox 1359 2944 1413 2992; x_wconf 88' lang='lat' dir='ltr'><strong>lam</strong></span> <span class='ocrx_word' id='word_1_334' title='bbox 1436 2958 1500 2992; x_wconf 83' lang='lat' dir='ltr'><strong>uero</strong></span> 
     </span>
     <span class='ocr_line' id='line_1_31' title="bbox 286 3011 1500 3084; baseline 0 -21"><span class='ocrx_word' id='word_1_335' title='bbox 286 3015 378 3063; x_wconf 87' lang='lat' dir='ltr'><strong>eontra</strong></span> <span class='ocrx_word' id='word_1_336' title='bbox 396 3027 500 3061; x_wconf 84' lang='lat' dir='ltr'><strong>ornnem</strong></span> <span class='ocrx_word' id='word_1_337' title='bbox 520 3029 685 3063; x_wconf 88' lang='lat' dir='ltr'><strong>communem</strong></span> <span class='ocrx_word' id='word_1_338' title='bbox 705 3028 813 3064; x_wconf 90' lang='lat' dir='ltr'><strong>sensum</strong></span> <span class='ocrx_word' id='word_1_339' title='bbox 834 3017 915 3082; x_wconf 87' lang='lat' dir='ltr'><strong>untgo</strong></span> <span class='ocrx_word' id='word_1_340' title='bbox 935 3016 1062 3065; x_wconf 74' lang='lat' dir='ltr'><strong>edebatur</strong></span> <span class='ocrx_word' id='word_1_341' title='bbox 1075 3030 1128 3084; x_wconf 83' lang='lat' dir='ltr'><strong>pro</strong></span> <span class='ocrx_word' id='word_1_342' title='bbox 1148 3012 1282 3064; x_wconf 80' lang='lat' dir='ltr'><strong>obsidione</strong></span> <span class='ocrx_word' id='word_1_343' title='bbox 1298 3011 1425 3082; x_wconf 79' lang='lat' dir='ltr'><strong>Capitolii</strong></span> <span class='ocrx_word' id='word_1_344' title='bbox 1436 3029 1500 3080; x_wconf 82' lang='lat' dir='ltr'><strong>pro·</strong></span> 
     </span>
     <span class='ocr_line' id='line_1_32' title="bbox 285 3083 1499 3150; baseline -0.001 -16"><span class='ocrx_word' id='word_1_345' title='bbox 285 3083 375 3138; x_wconf 77' lang='lat' dir='ltr'><strong>misse,</strong></span> <span class='ocrx_word' id='word_1_346' title='bbox 395 3086 531 3146; x_wconf 85' lang='lat' dir='ltr'><strong>tamqnam</strong></span> <span class='ocrx_word' id='word_1_347' title='bbox 550 3085 610 3134; x_wconf 92' lang='lat' dir='ltr'><strong>ideo</strong></span> <span class='ocrx_word' id='word_1_348' title='bbox 629 3085 740 3135; x_wconf 80' lang='lat' dir='ltr'><strong>lionruni</strong></span> <span class='ocrx_word' id='word_1_349' title='bbox 759 3102 852 3136; x_wconf 78' lang='lat' dir='ltr'><strong>rutrum</strong></span> <span class='ocrx_word' id='word_1_350' title='bbox 871 3088 1071 3150; x_wconf 81' lang='lat' dir='ltr'><strong>promisissent.</strong></span> <span class='ocrx_word' id='word_1_351' title='bbox 1094 3092 1121 3135; x_wconf 90' lang='lat' dir='ltr'><strong>ut</strong></span> <span class='ocrx_word' id='word_1_352' title='bbox 1140 3088 1293 3136; x_wconf 83' lang='lat' dir='ltr'><strong>obsiderent</strong></span> <span class='ocrx_word' id='word_1_353' title='bbox 1310 3087 1379 3135; x_wconf 81' lang='lat' dir='ltr'><strong>(Iulli</strong></span> <span class='ocrx_word' id='word_1_354' title='bbox 1398 3087 1499 3149; x_wconf 76' lang='lat' dir='ltr'><strong>Capito-</strong></span> 
     </span>
     <span class='ocr_line' id='line_1_33' title="bbox 286 3155 1495 3225; baseline -0.001 -20"><span class='ocrx_word' id='word_1_355' title='bbox 286 3157 357 3206; x_wconf 88' lang='lat' dir='ltr'><strong>lium.</strong></span> <span class='ocrx_word' id='word_1_356' title='bbox 395 3156 509 3222; x_wconf 81' lang='lat' dir='ltr'><strong>Egregie</strong></span> <span class='ocrx_word' id='word_1_357' title='bbox 522 3155 601 3223; x_wconf 87' lang='lat' dir='ltr'><strong>igItnr</strong></span> <span class='ocrx_word' id='word_1_358' title='bbox 614 3157 757 3206; x_wconf 88' lang='lat' dir='ltr'><strong>&#39;I&#39;orrenins</strong></span> <span class='ocrx_word' id='word_1_359' title='bbox 777 3161 929 3208; x_wconf 85' lang='lat' dir='ltr'><strong>emendauIt</strong></span> <span class='ocrx_word' id='word_1_360' title='bbox 943 3173 995 3225; x_wconf 89' lang='lat' dir='ltr'><strong>pro</strong></span> <span class='ocrx_word' id='word_1_361' title='bbox 1013 3155 1148 3208; x_wconf 80' lang='lat' dir='ltr'><strong>obsidione</strong></span> <span class='ocrx_word' id='word_1_362' title='bbox 1162 3155 1288 3224; x_wconf 82' lang='lat' dir='ltr'><strong>Capitolii</strong></span> <span class='ocrx_word' id='word_1_363' title='bbox 1305 3156 1410 3210; x_wconf 80' lang='lat' dir='ltr'><strong>omissa.</strong></span> <span class='ocrx_word' id='word_1_364' title='bbox 1430 3159 1495 3218; x_wconf 92' lang='lat' dir='ltr'><strong>quod</strong></span> 
     </span>
     <span class='ocr_line' id='line_1_34' title="bbox 285 3224 1496 3292; baseline -0.002 -13"><span class='ocrx_word' id='word_1_365' title='bbox 285 3229 405 3291; x_wconf 77' lang='lat' dir='ltr'><strong>recibero</strong></span> <span class='ocrx_word' id='word_1_366' title='bbox 423 3242 475 3275; x_wconf 90' lang='lat' dir='ltr'><strong>non</strong></span> <span class='ocrx_word' id='word_1_367' title='bbox 495 3228 620 3276; x_wconf 84' lang='lat' dir='ltr'><strong>debltuui.</strong></span> <span class='ocrx_word' id='word_1_368' title='bbox 658 3228 764 3278; x_wconf 89' lang='lat' dir='ltr'><strong>l&#39;oterut</strong></span> <span class='ocrx_word' id='word_1_369' title='bbox 783 3231 870 3292; x_wconf 90' lang='lat' dir='ltr'><strong>ipsum</strong></span> <span class='ocrx_word' id='word_1_370' title='bbox 889 3231 1025 3280; x_wconf 82' lang='lat' dir='ltr'><strong>Valerium</strong></span> <span class='ocrx_word' id='word_1_371' title='bbox 1044 3230 1125 3280; x_wconf 88' lang='lat' dir='ltr'><strong>citare</strong></span> <span class='ocrx_word' id='word_1_372' title='bbox 1144 3230 1169 3279; x_wconf 92' lang='lat' dir='ltr'><strong>in</strong></span> <span class='ocrx_word' id='word_1_373' title='bbox 1190 3229 1245 3287; x_wconf 77' lang='lat' dir='ltr'><strong>Vll,</strong></span> <span class='ocrx_word' id='word_1_374' title='bbox 1267 3224 1293 3287; x_wconf 75' lang='grc'><strong>4,</strong></span> <span class='ocrx_word' id='word_1_375' title='bbox 1312 3225 1329 3279; x_wconf 88' lang='grc'><strong>3</strong></span> <span class='ocrx_word' id='word_1_376' title='bbox 1355 3229 1496 3278; x_wconf 88' lang='lat' dir='ltr'><strong>decadem</strong></span> 
     </span>
     <span class='ocr_line' id='line_1_35' title="bbox 286 3299 973 3364; baseline 0.003 -18"><span class='ocrx_word' id='word_1_377' title='bbox 286 3302 408 3364; x_wconf 89' lang='lat' dir='ltr'><strong>pactione</strong></span> <span class='ocrx_word' id='word_1_378' title='bbox 427 3299 595 3348; x_wconf 77' lang='lat' dir='ltr'><strong>‘omittendae</strong></span> <span class='ocrx_word' id='word_1_379' title='bbox 614 3300 769 3349; x_wconf 68' lang='lat' dir='ltr'><strong>obsidionis*</strong></span> <span class='ocrx_word' id='word_1_380' title='bbox 788 3302 973 3350; x_wconf 84' lang='lat' dir='ltr'><strong>disserentem.</strong></span> 
     </span>
     <span class='ocr_line' id='line_1_36' title="bbox 358 3367 1496 3434; baseline 0.002 -16"><span class='ocrx_word' id='word_1_381' title='bbox 358 3371 415 3420; x_wconf 84' lang='lat' dir='ltr'><strong>Ext.</strong></span> <span class='ocrx_word' id='word_1_382' title='bbox 431 3367 451 3421; x_wconf 93' lang='grc' dir='ltr'><strong>Ι.</strong></span> <span class='ocrx_word' id='word_1_383' title='bbox 471 3369 662 3422; x_wconf 79' lang='lat' dir='ltr'><strong>etcie&#39;rusc.</strong></span> <span class='ocrx_word' id='word_1_384' title='bbox 681 3371 701 3426; x_wconf 83' lang='lat' dir='ltr'><strong>i.</strong></span> <span class='ocrx_word' id='word_1_385' title='bbox 720 3367 763 3426; x_wconf 71' lang='lat' dir='ltr'><strong>ts.</strong></span> <span class='ocrx_word' id='word_1_386' title='bbox 786 3368 844 3423; x_wconf 84' lang='lat' dir='ltr'><strong>tib.</strong></span> <span class='ocrx_word' id='word_1_387' title='bbox 864 3373 960 3428; x_wconf 77' lang='lat' dir='ltr'><strong>Velit,</strong></span> <span class='ocrx_word' id='word_1_388' title='bbox 980 3369 1005 3424; x_wconf 72' lang='lat'><strong>2.</strong></span> <span class='ocrx_word' id='word_1_389' title='bbox 1023 3373 1115 3421; x_wconf 86' lang='lat' dir='ltr'><strong>lustin.</strong></span> <span class='ocrx_word' id='word_1_390' title='bbox 1125 3371 1157 3427; x_wconf 86' lang='lat' dir='ltr'><strong>II,</strong></span> <span class='ocrx_word' id='word_1_391' title='bbox 1173 3367 1198 3423; x_wconf 88' lang='grc'><strong>6.</strong></span> <span class='ocrx_word' id='word_1_392' title='bbox 1218 3371 1376 3434; x_wconf 78' lang='lat' dir='ltr'><strong>Polyaenl.</strong></span> <span class='ocrx_word' id='word_1_393' title='bbox 1398 3367 1437 3420; x_wconf 80' lang='grc'><strong>18.</strong></span> <span class='ocrx_word' id='word_1_394' title='bbox 1446 3371 1496 3420; x_wconf 84' lang='lat' dir='ltr'><strong>aiii.</strong></span> 
     </span>
     <span class='ocr_line' id='line_1_37' title="bbox 356 3439 1495 3506; baseline -0.001 -15"><span class='ocrx_word' id='word_1_395' title='bbox 356 3439 422 3491; x_wconf 86' lang='lat' dir='ltr'><strong>Sunt</strong></span> <span class='ocrx_word' id='word_1_396' title='bbox 439 3445 463 3490; x_wconf 86' lang='lat' dir='ltr'><strong>et</strong></span> <span class='ocrx_word' id='word_1_397' title='bbox 481 3445 597 3494; x_wconf 78' lang='lat' dir='ltr'><strong>ceterae)</strong></span> <span class='ocrx_word' id='word_1_398' title='bbox 616 3443 731 3491; x_wconf 91' lang='lat' dir='ltr'><strong>Verbum</strong></span> <span class='ocrx_word' id='word_1_399' title='bbox 751 3445 828 3492; x_wconf 88' lang='lat' dir='ltr'><strong>Inrius</strong></span> <span class='ocrx_word' id='word_1_400' title='bbox 849 3444 974 3492; x_wconf 83' lang='lat' dir='ltr'><strong>cnrrntiati</strong></span> <span class='ocrx_word' id='word_1_401' title='bbox 988 3445 1082 3493; x_wconf 86' lang='lat' dir='ltr'><strong>aberat</strong></span> <span class='ocrx_word' id='word_1_402' title='bbox 1098 3459 1116 3492; x_wconf 90' lang='lat' dir='ltr'><strong>a</strong></span> <span class='ocrx_word' id='word_1_403' title='bbox 1129 3443 1220 3492; x_wconf 89' lang='lat' dir='ltr'><strong>codice</strong></span> <span class='ocrx_word' id='word_1_404' title='bbox 1233 3444 1395 3506; x_wconf 77' lang='lat' dir='ltr'><strong>archetypo:</strong></span> <span class='ocrx_word' id='word_1_405' title='bbox 1415 3456 1495 3503; x_wconf 87' lang='lat' dir='ltr'><strong>neque</strong></span> 
     </span>
     <span class='ocr_line' id='line_1_38' title="bbox 286 3513 1494 3578; baseline -0.002 -16"><span class='ocrx_word' id='word_1_406' title='bbox 286 3516 376 3562; x_wconf 88' lang='lat' dir='ltr'><strong>tamon</strong></span> <span class='ocrx_word' id='word_1_407' title='bbox 396 3515 484 3576; x_wconf 89' lang='lat' dir='ltr'><strong>potest</strong></span> <span class='ocrx_word' id='word_1_408' title='bbox 503 3514 647 3563; x_wconf 88' lang='lat' dir='ltr'><strong>subaudiri.</strong></span> <span class='ocrx_word' id='word_1_409' title='bbox 693 3515 784 3578; x_wconf 82' lang='lat' dir='ltr'><strong>ltaque</strong></span> <span class='ocrx_word' id='word_1_410' title='bbox 803 3529 925 3562; x_wconf 88' lang='lat' dir='ltr'><strong>mancam</strong></span> <span class='ocrx_word' id='word_1_411' title='bbox 945 3516 1103 3564; x_wconf 89' lang='lat' dir='ltr'><strong>sententiam</strong></span> <span class='ocrx_word' id='word_1_412' title='bbox 1128 3515 1275 3563; x_wconf 79' lang='lat' dir='ltr'><strong>refecerunt</strong></span> <span class='ocrx_word' id='word_1_413' title='bbox 1294 3513 1393 3562; x_wconf 88' lang='lat' dir='ltr'><strong>librarii</strong></span> <span class='ocrx_word' id='word_1_414' title='bbox 1411 3527 1494 3562; x_wconf 87' lang='lat' dir='ltr'><strong>recen·</strong></span> 
     </span>
     <span class='ocr_line' id='line_1_39' title="bbox 286 3584 1493 3650; baseline 0 -18"><span class='ocrx_word' id='word_1_415' title='bbox 286 3587 380 3634; x_wconf 86' lang='lat' dir='ltr'><strong>tiorrnn</strong></span> <span class='ocrx_word' id='word_1_416' title='bbox 401 3586 530 3642; x_wconf 72' lang='lat' dir='ltr'><strong>codicum,</strong></span> <span class='ocrx_word' id='word_1_417' title='bbox 550 3585 705 3650; x_wconf 90' lang='lat' dir='ltr'><strong>supplentes</strong></span> <span class='ocrx_word' id='word_1_418' title='bbox 725 3587 751 3633; x_wconf 93' lang='lat' dir='ltr'><strong>in</strong></span> <span class='ocrx_word' id='word_1_419' title='bbox 771 3586 822 3634; x_wconf 86' lang='lat' dir='ltr'><strong>tine</strong></span> <span class='ocrx_word' id='word_1_420' title='bbox 841 3585 979 3650; x_wconf 76' lang='lat' dir='ltr'><strong>uttinpem.</strong></span> <span class='ocrx_word' id='word_1_421' title='bbox 1004 3586 1121 3635; x_wconf 92' lang='lat' dir='ltr'><strong>nonnulli</strong></span> <span class='ocrx_word' id='word_1_422' title='bbox 1145 3587 1254 3648; x_wconf 88' lang='lat' dir='ltr'><strong>insuper</strong></span> <span class='ocrx_word' id='word_1_423' title='bbox 1279 3588 1304 3632; x_wconf 89' lang='lat' dir='ltr'><strong>et</strong></span> <span class='ocrx_word' id='word_1_424' title='bbox 1324 3585 1454 3632; x_wconf 83' lang='lat' dir='ltr'><strong>mutantes</strong></span> <span class='ocrx_word' id='word_1_425' title='bbox 1470 3584 1493 3632; x_wconf 93' lang='lat' dir='ltr'><strong>in</strong></span> 
     </span>
     <span class='ocr_line' id='line_1_40' title="bbox 285 3651 1492 3724; baseline -0.001 -20"><span class='ocrx_word' id='word_1_426' title='bbox 285 3651 338 3704; x_wconf 85' lang='lat' dir='ltr'><strong>Sed</strong></span> <span class='ocrx_word' id='word_1_427' title='bbox 355 3659 385 3704; x_wconf 87' lang='lat' dir='ltr'><strong>ut</strong></span> <span class='ocrx_word' id='word_1_428' title='bbox 401 3656 443 3704; x_wconf 91' lang='lat' dir='ltr'><strong>nel</strong></span> <span class='ocrx_word' id='word_1_429' title='bbox 462 3652 515 3705; x_wconf 86' lang='lat' dir='ltr'><strong>Sed</strong></span> <span class='ocrx_word' id='word_1_430' title='bbox 533 3661 566 3710; x_wconf 83' lang='lat' dir='ltr'><strong>ct,</strong></span> <span class='ocrx_word' id='word_1_431' title='bbox 588 3657 656 3720; x_wconf 82' lang='lat' dir='ltr'><strong>qnod</strong></span> <span class='ocrx_word' id='word_1_432' title='bbox 676 3657 812 3720; x_wconf 83' lang='lat' dir='ltr'><strong>hucusque</strong></span> <span class='ocrx_word' id='word_1_433' title='bbox 832 3660 931 3705; x_wconf 86' lang='lat' dir='ltr'><strong>rnansit</strong></span> <span class='ocrx_word' id='word_1_434' title='bbox 949 3658 973 3705; x_wconf 92' lang='lat' dir='ltr'><strong>in</strong></span> <span class='ocrx_word' id='word_1_435' title='bbox 986 3658 1104 3724; x_wconf 85' lang='lat' dir='ltr'><strong>uolgatis</strong></span> <span class='ocrx_word' id='word_1_436' title='bbox 1118 3658 1256 3718; x_wconf 82' lang='lat' dir='ltr'><strong>exemptis.</strong></span> <span class='ocrx_word' id='word_1_437' title='bbox 1292 3654 1396 3704; x_wconf 81' lang='lat' dir='ltr'><strong>Excidit</strong></span> <span class='ocrx_word' id='word_1_438' title='bbox 1413 3658 1492 3704; x_wconf 86' lang='lat' dir='ltr'><strong>antem</strong></span> 
     </span>
     <span class='ocr_line' id='line_1_41' title="bbox 287 3725 1492 3789; baseline 0.001 -17"><span class='ocrx_word' id='word_1_439' title='bbox 287 3727 345 3773; x_wconf 81' lang='lat' dir='ltr'><strong>sine</strong></span> <span class='ocrx_word' id='word_1_440' title='bbox 365 3727 444 3774; x_wconf 89' lang='lat' dir='ltr'><strong>dnbio</strong></span> <span class='ocrx_word' id='word_1_441' title='bbox 463 3725 528 3774; x_wconf 83' lang='lat' dir='ltr'><strong>Sunt</strong></span> <span class='ocrx_word' id='word_1_442' title='bbox 546 3733 607 3776; x_wconf 85' lang='lat' dir='ltr'><strong>ante</strong></span> <span class='ocrx_word' id='word_1_443' title='bbox 626 3730 651 3775; x_wconf 85' lang='lat' dir='ltr'><strong>et</strong></span> <span class='ocrx_word' id='word_1_444' title='bbox 674 3729 781 3789; x_wconf 88' lang='lat' dir='ltr'><strong>propter</strong></span> <span class='ocrx_word' id='word_1_445' title='bbox 804 3729 1009 3789; x_wconf 85' lang='lat' dir='ltr'><strong>praecedentem</strong></span> <span class='ocrx_word' id='word_1_446' title='bbox 1033 3743 1126 3776; x_wconf 91' lang='lat' dir='ltr'><strong>uocem</strong></span> <span class='ocrx_word' id='word_1_447' title='bbox 1151 3729 1177 3776; x_wconf 91' lang='lat' dir='ltr'><strong>in</strong></span> <span class='ocrx_word' id='word_1_448' title='bbox 1201 3728 1311 3775; x_wconf 85' lang='lat' dir='ltr'><strong>casdem</strong></span> <span class='ocrx_word' id='word_1_449' title='bbox 1337 3727 1436 3775; x_wconf 81' lang='lat' dir='ltr'><strong>litteras</strong></span> <span class='ocrx_word' id='word_1_450' title='bbox 1453 3741 1492 3775; x_wconf 77' lang='lat' dir='ltr'><strong>ex·</strong></span> 
     </span>
     <span class='ocr_line' id='line_1_42' title="bbox 287 3792 1491 3862; baseline 0.002 -18"><span class='ocrx_word' id='word_1_451' title='bbox 287 3797 401 3844; x_wconf 86' lang='lat' dir='ltr'><strong>euntem.</strong></span> <span class='ocrx_word' id='word_1_452' title='bbox 440 3796 538 3844; x_wconf 86' lang='lat' dir='ltr'><strong>Eodem</strong></span> <span class='ocrx_word' id='word_1_453' title='bbox 558 3799 636 3846; x_wconf 91' lang='lat' dir='ltr'><strong>modo</strong></span> <span class='ocrx_word' id='word_1_454' title='bbox 657 3797 779 3846; x_wconf 87' lang='lat' dir='ltr'><strong>Valerius</strong></span> <span class='ocrx_word' id='word_1_455' title='bbox 799 3799 910 3847; x_wconf 77' lang='lat' dir='ltr'><strong>externa</strong></span> <span class='ocrx_word' id='word_1_456' title='bbox 928 3800 1052 3862; x_wconf 79' lang='lat' dir='ltr'><strong>exempla</strong></span> <span class='ocrx_word' id='word_1_457' title='bbox 1077 3798 1230 3848; x_wconf 69' lang='lat' dir='ltr'><strong>domesticis}</strong></span> <span class='ocrx_word' id='word_1_458' title='bbox 1249 3797 1365 3846; x_wconf 87' lang='lat' dir='ltr'><strong>annectit</strong></span> <span class='ocrx_word' id='word_1_459' title='bbox 1383 3797 1432 3854; x_wconf 78' lang='lat' dir='ltr'><strong>IX.</strong></span> <span class='ocrx_word' id='word_1_460' title='bbox 1456 3792 1491 3852; x_wconf 69' lang='grc'><strong>12,</strong></span> 
     </span>
     <span class='ocr_line' id='line_1_43' title="bbox 288 3863 1492 3931; baseline 0.003 -19"><span class='ocrx_word' id='word_1_461' title='bbox 288 3864 340 3912; x_wconf 76' lang='lat' dir='ltr'><strong>est.</strong></span> <span class='ocrx_word' id='word_1_462' title='bbox 362 3863 384 3919; x_wconf 85' lang='grc'><strong>1.</strong></span> <span class='ocrx_word' id='word_1_463' title='bbox 403 3863 469 3914; x_wconf 83' lang='lat' dir='ltr'><strong>Sunt</strong></span> <span class='ocrx_word' id='word_1_464' title='bbox 487 3869 512 3914; x_wconf 87' lang='lat' dir='ltr'><strong>et</strong></span> <span class='ocrx_word' id='word_1_465' title='bbox 529 3871 649 3916; x_wconf 70' lang='lat' dir='ltr'><strong>externae</strong></span> <span class='ocrx_word' id='word_1_466' title='bbox 666 3872 762 3917; x_wconf 87' lang='lat' dir='ltr'><strong>mortes</strong></span> <span class='ocrx_word' id='word_1_467' title='bbox 780 3865 874 3931; x_wconf 72' lang='lat' dir='ltr'><strong>dipnee</strong></span> <span class='ocrx_word' id='word_1_468' title='bbox 898 3865 1031 3920; x_wconf 82' lang='lat' dir='ltr'><strong>adnotate.</strong></span> <span class='ocrx_word' id='word_1_469' title='bbox 1056 3870 1116 3924; x_wconf 82' lang='lat'>1111,</span> <span class='ocrx_word' id='word_1_470' title='bbox 1135 3865 1166 3924; x_wconf 82' lang='lat' dir='ltr'><strong>o.</strong></span> <span class='ocrx_word' id='word_1_471' title='bbox 1193 3870 1245 3918; x_wconf 78' lang='lat' dir='ltr'><strong>ext.</strong></span> <span class='ocrx_word' id='word_1_472' title='bbox 1268 3865 1290 3919; x_wconf 93' lang='lat' dir='ltr'><strong>l.</strong></span> <span class='ocrx_word' id='word_1_473' title='bbox 1314 3866 1420 3917; x_wconf 79' lang='lat' dir='ltr'><strong>Scatrt</strong></span> <span class='ocrx_word' id='word_1_474' title='bbox 1437 3865 1492 3916; x_wconf 84' lang='lat' dir='ltr'><strong>alie·</strong></span> 
     </span>
     <span class='ocr_line' id='line_1_44' title="bbox 286 3931 1493 4002; baseline 0.003 -20"><span class='ocrx_word' id='word_1_475' title='bbox 286 3931 373 3998; x_wconf 77' lang='lat' dir='ltr'><strong>aiycni</strong></span> <span class='ocrx_word' id='word_1_476' title='bbox 391 3949 493 3984; x_wconf 85' lang='lat' dir='ltr'><strong>umores</strong></span> <span class='ocrx_word' id='word_1_477' title='bbox 510 3933 581 3994; x_wconf 76' lang='lat' dir='ltr'><strong>iusti,</strong></span> <span class='ocrx_word' id='word_1_478' title='bbox 600 3935 758 3988; x_wconf 82' lang='lat' dir='ltr'><strong>obscuritate</strong></span> <span class='ocrx_word' id='word_1_479' title='bbox 776 3936 940 4002; x_wconf 77' lang='lat' dir='ltr'><strong>ipnoruntiue</strong></span> <span class='ocrx_word' id='word_1_480' title='bbox 962 3952 1013 3986; x_wconf 84' lang='lat' dir='ltr'><strong>non</strong></span> <span class='ocrx_word' id='word_1_481' title='bbox 1035 3937 1131 3989; x_wconf 82' lang='lat' dir='ltr'><strong>obruti.</strong></span> <span class='ocrx_word' id='word_1_482' title='bbox 1154 3940 1192 3990; x_wconf 84' lang='lat' dir='ltr'><strong>CI.</strong></span> <span class='ocrx_word' id='word_1_483' title='bbox 1212 3939 1249 3996; x_wconf 83' lang='grc' dir='ltr'><strong>ΙΙ,</strong></span> <span class='ocrx_word' id='word_1_484' title='bbox 1272 3935 1310 3995; x_wconf 76' lang='lat' dir='ltr'><strong>lt),</strong></span> <span class='ocrx_word' id='word_1_485' title='bbox 1330 3940 1385 3990; x_wconf 91' lang='lat' dir='ltr'><strong>init.</strong></span> <span class='ocrx_word' id='word_1_486' title='bbox 1409 3935 1456 3990; x_wconf 79' lang='lat' dir='ltr'><strong>Eu</strong></span> <span class='ocrx_word' id='word_1_487' title='bbox 1471 3942 1493 3986; x_wconf 83' lang='lat' dir='ltr'><strong>et</strong></span> 
     </span>
     <span class='ocr_line' id='line_1_45' title="bbox 287 4001 1492 4069; baseline 0.003 -15"><span class='ocrx_word' id='word_1_488' title='bbox 287 4001 334 4054; x_wconf 74' lang='lat' dir='ltr'><strong>itta</strong></span> <span class='ocrx_word' id='word_1_489' title='bbox 357 4003 433 4069; x_wconf 85' lang='lat' dir='ltr'><strong>quusi</strong></span> <span class='ocrx_word' id='word_1_490' title='bbox 453 4003 562 4068; x_wconf 71' lang='lat' dir='ltr'><strong>priuata</strong></span> <span class='ocrx_word' id='word_1_491' title='bbox 587 4022 711 4060; x_wconf 82' lang='lat' dir='ltr'><strong>censure.</strong></span> <span class='ocrx_word' id='word_1_492' title='bbox 738 4007 863 4058; x_wconf 81' lang='lat' dir='ltr'><strong>maiestas</strong></span> <span class='ocrx_word' id='word_1_493' title='bbox 885 4007 1015 4058; x_wconf 83' lang='lat' dir='ltr'><strong>clarorum</strong></span> <span class='ocrx_word' id='word_1_494' title='bbox 1036 4008 1163 4060; x_wconf 84' lang='lat' dir='ltr'><strong>uirorum.</strong></span> <span class='ocrx_word' id='word_1_495' title='bbox 1206 4011 1342 4059; x_wconf 82' lang='lat' dir='ltr'><strong>consentit</strong></span> <span class='ocrx_word' id='word_1_496' title='bbox 1364 4011 1492 4059; x_wconf 88' lang='lat' dir='ltr'><strong>nobiscnm</strong></span> 
     </span>
     <span class='ocr_line' id='line_1_46' title="bbox 287 4073 1491 4152; baseline 0.004 -28"><span class='ocrx_word' id='word_1_497' title='bbox 287 4075 371 4124; x_wconf 84' lang='lat' dir='ltr'><strong>codex</strong></span> <span class='ocrx_word' id='word_1_498' title='bbox 391 4073 531 4124; x_wconf 78' lang='lat' dir='ltr'><strong>Leidensis</strong></span> <span class='ocrx_word' id='word_1_499' title='bbox 551 4079 655 4137; x_wconf 81' lang='lat' dir='ltr'><strong>quirites</strong></span> <span class='ocrx_word' id='word_1_500' title='bbox 676 4080 795 4143; x_wconf 84' lang='lat' dir='ltr'><strong>alterque</strong></span> <span class='ocrx_word' id='word_1_501' title='bbox 816 4081 1002 4128; x_wconf 79' lang='lat' dir='ltr'><strong>I&#39;Itreicctinus</strong></span> <span class='ocrx_word' id='word_1_502' title='bbox 1020 4081 1088 4152; x_wconf 78' lang='lat' dir='ltr'><strong>iptcr</strong></span> <span class='ocrx_word' id='word_1_503' title='bbox 1106 4081 1287 4130; x_wconf 83' lang='lat' dir='ltr'><strong>&#39;Torrenianos</strong></span> <span class='ocrx_word' id='word_1_504' title='bbox 1305 4084 1332 4130; x_wconf 91' lang='lat' dir='ltr'><strong>et</strong></span> <span class='ocrx_word' id='word_1_505' title='bbox 1350 4081 1428 4130; x_wconf 85' lang='lat' dir='ltr'><strong>editio</strong></span> <span class='ocrx_word' id='word_1_506' title='bbox 1442 4081 1491 4129; x_wconf 75' lang='lat' dir='ltr'><strong>blo·</strong></span> 
     </span>
     <span class='ocr_line' id='line_1_47' title="bbox 286 4145 1491 4215; baseline 0.005 -21"><span class='ocrx_word' id='word_1_507' title='bbox 286 4147 405 4215; x_wconf 80' lang='lat' dir='ltr'><strong>grintina.</strong></span> <span class='ocrx_word' id='word_1_508' title='bbox 447 4146 508 4208; x_wconf 90' lang='lat' dir='ltr'><strong>Ipse</strong></span> <span class='ocrx_word' id='word_1_509' title='bbox 532 4145 675 4196; x_wconf 87' lang='lat' dir='ltr'><strong>&#39;l&#39;orrenins</strong></span> <span class='ocrx_word' id='word_1_510' title='bbox 706 4151 776 4198; x_wconf 89' lang='lat' dir='ltr'><strong>male</strong></span> <span class='ocrx_word' id='word_1_511' title='bbox 802 4151 892 4200; x_wconf 89' lang='lat' dir='ltr'><strong>codice</strong></span> <span class='ocrx_word' id='word_1_512' title='bbox 920 4151 1048 4214; x_wconf 90' lang='lat' dir='ltr'><strong>deceptus</strong></span> <span class='ocrx_word' id='word_1_513' title='bbox 1072 4153 1222 4201; x_wconf 87' lang='lat' dir='ltr'><strong>coniecerat</strong></span> <span class='ocrx_word' id='word_1_514' title='bbox 1247 4152 1414 4201; x_wconf 88' lang='lat' dir='ltr'><strong>scribendum</strong></span> <span class='ocrx_word' id='word_1_515' title='bbox 1436 4165 1491 4201; x_wconf 86' lang='lat' dir='ltr'><strong>csse</strong></span> 
     </span>
     <span class='ocr_line' id='line_1_48' title="bbox 286 4217 1491 4287; baseline 0.002 -19"><span class='ocrx_word' id='word_1_516' title='bbox 286 4217 341 4284; x_wconf 74' lang='lat' dir='ltr'><strong>Ape</strong></span> <span class='ocrx_word' id='word_1_517' title='bbox 359 4220 418 4267; x_wconf 84' lang='lat' dir='ltr'><strong>suut</strong></span> <span class='ocrx_word' id='word_1_518' title='bbox 436 4222 460 4266; x_wconf 86' lang='lat' dir='ltr'><strong>et</strong></span> <span class='ocrx_word' id='word_1_519' title='bbox 478 4221 592 4268; x_wconf 80' lang='lat' dir='ltr'><strong>caterae.</strong></span> <span class='ocrx_word' id='word_1_520' title='bbox 636 4221 668 4266; x_wconf 81' lang='lat' dir='ltr'><strong>nt</strong></span> <span class='ocrx_word' id='word_1_521' title='bbox 692 4225 799 4270; x_wconf 85' lang='lat' dir='ltr'><strong>ueteres</strong></span> <span class='ocrx_word' id='word_1_522' title='bbox 823 4221 868 4270; x_wconf 91' lang='lat' dir='ltr'><strong>illo</strong></span> <span class='ocrx_word' id='word_1_523' title='bbox 888 4236 935 4286; x_wconf 74' lang='lat' dir='ltr'><strong>epe</strong></span> <span class='ocrx_word' id='word_1_524' title='bbox 954 4225 995 4272; x_wconf 89' lang='lat' dir='ltr'><strong>usi</strong></span> <span class='ocrx_word' id='word_1_525' title='bbox 1019 4237 1071 4272; x_wconf 88' lang='lat' dir='ltr'><strong>non</strong></span> <span class='ocrx_word' id='word_1_526' title='bbox 1090 4226 1152 4271; x_wconf 88' lang='lat' dir='ltr'><strong>sunt</strong></span> <span class='ocrx_word' id='word_1_527' title='bbox 1169 4222 1220 4272; x_wconf 86' lang='lat' dir='ltr'><strong>nisi</strong></span> <span class='ocrx_word' id='word_1_528' title='bbox 1239 4224 1264 4272; x_wconf 90' lang='lat' dir='ltr'><strong>in</strong></span> <span class='ocrx_word' id='word_1_529' title='bbox 1283 4223 1436 4287; x_wconf 87' lang='lat' dir='ltr'><strong>imperando</strong></span> <span class='ocrx_word' id='word_1_530' title='bbox 1452 4228 1491 4271; x_wconf 87' lang='lat' dir='ltr'><strong>aut</strong></span> 
     </span>
     <span class='ocr_line' id='line_1_49' title="bbox 286 4291 1510 4356; baseline -0.001 -17"><span class='ocrx_word' id='word_1_531' title='bbox 286 4292 312 4339; x_wconf 90' lang='lat' dir='ltr'><strong>In</strong></span> <span class='ocrx_word' id='word_1_532' title='bbox 333 4291 528 4356; x_wconf 77' lang='lat' dir='ltr'><strong>interrogando.</strong></span> <span class='ocrx_word' id='word_1_533' title='bbox 1049 4313 1054 4322; x_wconf 89' lang='lat'><strong>·</strong></span> <span class='ocrx_word' id='word_1_534' title='bbox 1499 4300 1510 4322; x_wconf 57' lang='lat'><strong>⁸</strong></span> 
     </span>
     <span class='ocr_line' id='line_1_50' title="bbox 357 4357 1490 4426; baseline 0.004 -16"><span class='ocrx_word' id='word_1_535' title='bbox 357 4375 409 4410; x_wconf 81' lang='lat' dir='ltr'><strong>noa</strong></span> <span class='ocrx_word' id='word_1_536' title='bbox 426 4358 507 4410; x_wconf 84' lang='lat' dir='ltr'><strong>sotum</strong></span> <span class='ocrx_word' id='word_1_537' title='bbox 526 4358 586 4410; x_wconf 86' lang='lat' dir='ltr'><strong>totis</strong></span> <span class='ocrx_word' id='word_1_538' title='bbox 604 4357 720 4415; x_wconf 77' lang='lat' dir='ltr'><strong>Alienis.</strong></span> <span class='ocrx_word' id='word_1_539' title='bbox 741 4361 789 4414; x_wconf 85' lang='lat' dir='ltr'><strong>sed</strong></span> <span class='ocrx_word' id='word_1_540' title='bbox 807 4362 834 4413; x_wconf 84' lang='lat' dir='ltr'><strong>in</strong></span> <span class='ocrx_word' id='word_1_541' title='bbox 852 4363 949 4414; x_wconf 82' lang='lat' dir='ltr'><strong>castris</strong></span> <span class='ocrx_word' id='word_1_542' title='bbox 967 4363 1045 4415; x_wconf 86' lang='lat' dir='ltr'><strong>etiam</strong></span> <span class='ocrx_word' id='word_1_543' title='bbox 1063 4362 1217 4426; x_wconf 81' lang='lat' dir='ltr'><strong>contrariis)</strong></span> <span class='ocrx_word' id='word_1_544' title='bbox 1234 4365 1364 4416; x_wconf 77' lang='lat' dir='ltr'><strong>Diaei-sae</strong></span> <span class='ocrx_word' id='word_1_545' title='bbox 1384 4366 1490 4414; x_wconf 85' lang='lat' dir='ltr'><strong>codicum</strong></span> 
     </span>
     <span class='ocr_line' id='line_1_51' title="bbox 288 4433 1490 4500; baseline 0.004 -19"><span class='ocrx_word' id='word_1_546' title='bbox 288 4433 404 4482; x_wconf 82' lang='lat' dir='ltr'><strong>familiae</strong></span> <span class='ocrx_word' id='word_1_547' title='bbox 424 4433 503 4500; x_wconf 85' lang='lat' dir='ltr'><strong>Iunge</strong></span> <span class='ocrx_word' id='word_1_548' title='bbox 523 4434 705 4500; x_wconf 80' lang='lat' dir='ltr'><strong>digrediuntur</strong></span> <span class='ocrx_word' id='word_1_549' title='bbox 723 4435 748 4483; x_wconf 92' lang='lat' dir='ltr'><strong>in</strong></span> <span class='ocrx_word' id='word_1_550' title='bbox 769 4437 936 4484; x_wconf 81' lang='lat' dir='ltr'><strong>emendanda</strong></span> <span class='ocrx_word' id='word_1_551' title='bbox 953 4438 1052 4486; x_wconf 82' lang='lat' dir='ltr'><strong>tradita</strong></span> <span class='ocrx_word' id='word_1_552' title='bbox 1068 4437 1201 4498; x_wconf 85' lang='lat' dir='ltr'><strong>scriptura</strong></span> <span class='ocrx_word' id='word_1_553' title='bbox 1219 4434 1281 4484; x_wconf 83' lang='lat' dir='ltr'><strong>totis</strong></span> <span class='ocrx_word' id='word_1_554' title='bbox 1299 4433 1490 4486; x_wconf 75' lang='lat' dir='ltr'><strong>atienimcsin</strong></span> 
     </span>
     <span class='ocr_line' id='line_1_52' title="bbox 288 4501 1491 4566; baseline 0.004 -16"><span class='ocrx_word' id='word_1_555' title='bbox 288 4503 383 4554; x_wconf 84' lang='lat' dir='ltr'><strong>eastris</strong></span> <span class='ocrx_word' id='word_1_556' title='bbox 401 4501 478 4553; x_wconf 83' lang='lat' dir='ltr'><strong>etiem</strong></span> <span class='ocrx_word' id='word_1_557' title='bbox 497 4502 644 4554; x_wconf 85' lang='lat' dir='ltr'><strong>contrariis.</strong></span> <span class='ocrx_word' id='word_1_558' title='bbox 682 4506 796 4555; x_wconf 82' lang='lat' dir='ltr'><strong>Alterius</strong></span> <span class='ocrx_word' id='word_1_559' title='bbox 816 4508 1002 4566; x_wconf 83' lang='lat' dir='ltr'><strong>coniecturam,</strong></span> <span class='ocrx_word' id='word_1_560' title='bbox 1021 4507 1083 4558; x_wconf 88' lang='lat' dir='ltr'><strong>totis</strong></span> <span class='ocrx_word' id='word_1_561' title='bbox 1094 4503 1286 4556; x_wconf 74' lang='lat' dir='ltr'><strong>Atimiensium</strong></span> <span class='ocrx_word' id='word_1_562' title='bbox 1305 4504 1333 4555; x_wconf 78' lang='lat' dir='ltr'><strong>in</strong></span> <span class='ocrx_word' id='word_1_563' title='bbox 1351 4505 1491 4558; x_wconf 73' lang='lat' dir='ltr'><strong>castrisue</strong></span> 
     </span>
     <span class='ocr_line' id='line_1_53' title="bbox 288 4573 1489 4642; baseline 0.003 -20"><span class='ocrx_word' id='word_1_564' title='bbox 288 4573 365 4624; x_wconf 85' lang='lat' dir='ltr'><strong>etiem</strong></span> <span class='ocrx_word' id='word_1_565' title='bbox 383 4574 534 4627; x_wconf 82' lang='lat' dir='ltr'><strong>contrariis.</strong></span> <span class='ocrx_word' id='word_1_566' title='bbox 555 4579 647 4638; x_wconf 88' lang='lat' dir='ltr'><strong>aperte</strong></span> <span class='ocrx_word' id='word_1_567' title='bbox 667 4578 779 4634; x_wconf 84' lang='lat' dir='ltr'><strong>salsum,</strong></span> <span class='ocrx_word' id='word_1_568' title='bbox 805 4591 863 4626; x_wconf 91' lang='lat' dir='ltr'><strong>cum</strong></span> <span class='ocrx_word' id='word_1_569' title='bbox 888 4580 1001 4641; x_wconf 84' lang='lat' dir='ltr'><strong>repetita</strong></span> <span class='ocrx_word' id='word_1_570' title='bbox 1025 4580 1121 4628; x_wconf 85' lang='lat' dir='ltr'><strong>saltem</strong></span> <span class='ocrx_word' id='word_1_571' title='bbox 1145 4578 1342 4642; x_wconf 85' lang='lat' dir='ltr'><strong>praepositione</strong></span> <span class='ocrx_word' id='word_1_572' title='bbox 1364 4579 1489 4627; x_wconf 87' lang='lat' dir='ltr'><strong>dicendum</strong></span> 
     </span>
     <span class='ocr_line' id='line_1_54' title="bbox 289 4642 1489 4716; baseline 0.006 -25"><span class='ocrx_word' id='word_1_573' title='bbox 289 4645 384 4692; x_wconf 81' lang='lat' dir='ltr'><strong>fuisset</strong></span> <span class='ocrx_word' id='word_1_574' title='bbox 400 4642 448 4693; x_wconf 81' lang='lat' dir='ltr'><strong>sed</strong></span> <span class='ocrx_word' id='word_1_575' title='bbox 465 4644 542 4694; x_wconf 84' lang='lat' dir='ltr'><strong>etiem</strong></span> <span class='ocrx_word' id='word_1_576' title='bbox 561 4646 588 4696; x_wconf 84' lang='lat' dir='ltr'><strong>ia</strong></span> <span class='ocrx_word' id='word_1_577' title='bbox 607 4647 756 4708; x_wconf 81' lang='lat' dir='ltr'><strong>contrariis,</strong></span> <span class='ocrx_word' id='word_1_578' title='bbox 775 4654 931 4712; x_wconf 84' lang='lat' dir='ltr'><strong>receperant</strong></span> <span class='ocrx_word' id='word_1_579' title='bbox 947 4651 1062 4700; x_wconf 83' lang='lat' dir='ltr'><strong>editores</strong></span> <span class='ocrx_word' id='word_1_580' title='bbox 1081 4651 1142 4698; x_wconf 90' lang='lat' dir='ltr'><strong>ante</strong></span> <span class='ocrx_word' id='word_1_581' title='bbox 1155 4649 1278 4716; x_wconf 86' lang='lat' dir='ltr'><strong>Ptgbinm</strong></span> <span class='ocrx_word' id='word_1_582' title='bbox 1297 4651 1324 4698; x_wconf 89' lang='lat' dir='ltr'><strong>et</strong></span> <span class='ocrx_word' id='word_1_583' title='bbox 1341 4651 1489 4699; x_wconf 84' lang='lat' dir='ltr'><strong>recentiores</strong></span> 
     </span>
     <span class='ocr_line' id='line_1_55' title="bbox 287 4715 1488 4790; baseline 0.009 -30"><span class='ocrx_word' id='word_1_584' title='bbox 287 4715 348 4762; x_wconf 86' lang='lat' dir='ltr'><strong>inde</strong></span> <span class='ocrx_word' id='word_1_585' title='bbox 368 4731 385 4761; x_wconf 88' lang='lat' dir='ltr'><strong>a</strong></span> <span class='ocrx_word' id='word_1_586' title='bbox 402 4715 518 4776; x_wconf 85' lang='lat' dir='ltr'><strong>Vorstio,</strong></span> <span class='ocrx_word' id='word_1_587' title='bbox 536 4718 635 4767; x_wconf 85' lang='lat' dir='ltr'><strong>reiecta</strong></span> <span class='ocrx_word' id='word_1_588' title='bbox 653 4720 784 4790; x_wconf 80' lang='lat' dir='ltr'><strong>l&#39;iglriana</strong></span> <span class='ocrx_word' id='word_1_589' title='bbox 804 4721 935 4786; x_wconf 87' lang='lat' dir='ltr'><strong>scripture</strong></span> <span class='ocrx_word' id='word_1_590' title='bbox 958 4717 1019 4772; x_wconf 78' lang='lat' dir='ltr'><strong>totis</strong></span> <span class='ocrx_word' id='word_1_591' title='bbox 1039 4717 1160 4773; x_wconf 73' lang='lat' dir='ltr'><strong>Attente.</strong></span> <span class='ocrx_word' id='word_1_592' title='bbox 1184 4716 1233 4772; x_wconf 77' lang='lat' dir='ltr'><strong>sed</strong></span> <span class='ocrx_word' id='word_1_593' title='bbox 1255 4717 1283 4769; x_wconf 74' lang='lat' dir='ltr'><strong>in</strong></span> <span class='ocrx_word' id='word_1_594' title='bbox 1305 4718 1403 4771; x_wconf 74' lang='lat' dir='ltr'><strong>cestris</strong></span> <span class='ocrx_word' id='word_1_595' title='bbox 1423 4717 1488 4771; x_wconf 74' lang='lat' dir='ltr'><strong>etim</strong></span> 
     </span>
    </p>
   </div>
   <div class='ocr_carea' id='block_1_5' title="bbox 0 0 1710 5400">
    <p class='ocr_par' dir='ltr' id='par_1_5' title="bbox 0 0 1710 5400">
     <span class='ocr_line' id='line_1_56' title="bbox 0 0 1710 5400; baseline 0 0"><span class='ocrx_word' id='word_1_596' title='bbox 0 0 1710 5400; x_wconf 95' lang='lat' dir='ltr'><strong> </strong></span> 
     </span>
    </p>
   </div>
  </div>
 </body>
</html>
