3409 5400
607 516 689 587 nie.
713 516 769 597 111,
793 518 887 599 cfr.
910 530 940 599 ς.
964 523 994 590 e.
1022 526 1073 593 10.
1219 509 1223 515 ’
1384 528 1451 598 aee

222 680 316 743 cuius
340 679 481 745 tribunal
504 686 634 767 propter
653 682 787 747 nimiam
812 685 1021 749 seueritatem
1038 686 1194 771 scopulus
1213 707 1344 753 reorum
1360 687 1450 754 dice·

221 786 326 860 batur,
350 809 422 851 cum
441 787 475 851 id
491 789 594 851 uitare
610 787 769 853 beneficio
786 789 872 877 legis
890 789 1066 856 Memmiae
1083 792 1204 868 liceret,
1223 814 1308 879 quae
1325 815 1450 872 eorum,

223 896 280 979 qui
302 894 515 979 reipublicae
540 916 641 959 causa
658 896 822 971 abessent,
846 900 949 984 recipi
961 900 1094 962 nomina
1110 898 1253 973 uetabat,
1276 899 1311 963 in
1334 900 1448 967 urbem

223 1012 331 1065 tamen
359 1002 504 1068 recurrit.
558 1000 632 1082 Quo
661 1014 726 1066 tam
762 1003 859 1089 pleno
895 1004 1034 1069 fiduciae
1069 1005 1176 1069 bonae
1208 1005 1345 1070 consilio
1373 1027 1449 1073 eum

193 1107 462 1174 sahsolutionem
503 1108 642 1173 celerem
682 1120 749 1175 tum
790 1110 1026 1195 profectionem
1066 1110 1289 1177 honestiorem
1330 1133 1448 1179 conse·

222 1226 315 1281 cutus
340 1226 397 1280 est.

309 1322 393 1386 Sunt
416 1332 447 1384 et
470 1322 526 1385 illa
548 1323 721 1407 speciosae
742 1324 881 1389 fiduciae
905 1325 1036 1410 publica
1058 1327 1216 1413 exempla.
1261 1326 1349 1392 Nam
1371 1348 1447 1393 cum
1458 1325 1510 1393 10.

221 1451 260 1493 eo
295 1428 395 1502 bello,
431 1428 520 1514 quod
555 1428 717 1493 aduersus
753 1430 892 1515 Pyrrum
927 1432 1116 1518 gerebatur,
1149 1432 1445 1515 Karthaginienses

220 1548 348 1600 eentum
363 1558 400 1599 ac
419 1536 549 1621 triginta
566 1536 697 1599 nauium
714 1536 856 1601 classem
872 1539 905 1601 in
922 1538 1124 1623 praesidium
1139 1537 1301 1603 Romanis
1314 1539 1445 1605 Ostiam

178 1642 302 1713 roultro
324 1643 502 1715 misissent,
526 1644 656 1706 senatui
679 1642 801 1727 placuit
822 1645 950 1730 legatos
975 1644 1151 1709 addacem
1171 1666 1284 1709 eorum
1306 1646 1365 1720 ire,
1388 1648 1446 1733 qui

219 1750 363 1813 dicerent
396 1748 550 1834 populum
577 1749 765 1814 Romanum
796 1748 882 1814 bella
913 1753 1079 1837 suscipere
1108 1750 1231 1825 solere,
1267 1774 1351 1838 quae
1380 1774 1444 1817 suo

218 1855 317 1921 milite
341 1876 454 1942 gerere
482 1866 611 1942 posset,
640 1856 777 1941 proinde
809 1856 951 1921 classem
974 1857 1213 1946 Karthaginem
1239 1856 1442 1924 reducerent.

306 1960 397 2025 Idem
428 1972 503 2047 post
525 1962 648 2049 aliquot
672 1984 777 2028 annos
803 1962 970 2029 Cannensi
994 1964 1086 2030 clade
1110 1963 1277 2030 exhaustis
1300 1964 1443 2031 Romani

217 2069 345 2153 imperii
380 2068 504 2133 uiribus
540 2068 802 2155 supplementum
835 2071 870 2134 in
904 2067 1100 2156 Hispaniam
1139 2073 1283 2136 exercitu
1314 2072 1442 2137 mittere

176 2202 206 2247 15
217 2196 330 2250 ausus,
353 2176 429 2251 fecit
453 2195 493 2237 ne
515 2173 608 2239 locus
632 2174 799 2239 hostilium
815 2188 1006 2251 castrorum,
1031 2189 1096 2241 tum
1114 2180 1256 2243 maxime
1273 2179 1442 2265 Capenam

216 2294 344 2369 portam
368 2283 468 2347 armis
484 2281 667 2347 Hannibale
683 2282 843 2369 pulsante,
868 2284 1004 2349 minoris
1029 2284 1155 2347 ueniret
1178 2306 1277 2370 quam
1300 2286 1331 2349 si
1350 2284 1441 2350 illurn
1466 2285 1471 2293 '

215 2390 321 2455 Poeni
349 2411 415 2455 non
445 2390 637 2454 obtinerent.
690 2387 740 2453 Ita
774 2412 811 2453 se
847 2411 964 2476 gerere
994 2390 1028 2453 in
1052 2388 1204 2453 aduersis
1231 2389 1330 2453 rebus
1361 2388 1441 2475 quid

215 2549 241 2603 2.
259 2546 375 2603 neemiae
392 2548 424 2602 A.
444 2552 554 2601 inermie
572 2547 605 2603 B.
626 2550 736 2617 ‚minime
755 2548 782 2600 in
800 2562 898 2601 rasere
917 2547 943 2601 C.
962 2550 1049 2600 menie
1067 2545 1099 2600 F.
1118 2548 1130 2617 ΙΙ
1149 2545 1175 2600 t.
1200 2555 1257 2611 Quo
1278 2547 1346 2614 tam]
1371 2564 1440 2616 quae

215 2626 280 2673 uota
300 2620 329 2681 C,
347 2621 376 2673 ia
393 2636 490 2673 rantra
507 2620 545 2679 Β,
566 2638 611 2689 pr.
629 2620 661 2673 Α.
689 2637 741 2687 quo
759 2618 788 2672 D
807 2626 832 2671 et
849 2636 918 2672 corr.
937 2619 968 2673 A.
993 2622 1037 2685 qui
1056 2623 1118 2673 uoto
1136 2620 1169 2673 Γ.
1188 2624 1200 2686 ΙΙ
1219 2623 1308 2671 bonae
1326 2621 1440 2673 fiduciae

215 2695 295 2758 pleno
313 2691 344 2747 Ρ.
364 2693 377 2761 Η
394 2692 465 2759 curn]
486 2695 540 2744 tum
558 2690 685 2746 DEFI'.
707 2692 720 2762 ΙΙ
741 2686 766 2745 5.
786 2694 900 2744 celerem
918 2699 974 2743 tum
992 2692 1182 2756 protectionem
1203 2706 1252 2744 om.
1266 2705 1312 2758 pr.
1332 2687 1359 2745 C.
1379 2690 1393 2760 ΙΙ
1414 2687 1439 2745 7.

214 2765 334 2816 Sunt-
353 2765 420 2814 Nam
441 2781 498 2815 com
519 2765 563 2831 eo]
583 2779 632 2818 om.
652 2763 682 2816 Γ.
695 2761 707 2828 ΙΙ
726 2767 852 2828 speciosa
870 2765 982 2813 fiduciae
1006 2763 1129 2827 publicae
1148 2761 1261 2813 coniecit
1277 2761 1439 2816 remonte.

213 2833 267 2888 sed
285 2835 320 2902 cs.
334 2833 425 2903 praei.
442 2851 469 2903 p.
488 2831 530 2886 3⁷.
546 2837 557 2902 Η
571 2832 597 2886 8.
617 2837 760 2886 ariuersum
779 2833 814 2886 Ε.
827 2835 839 2899 Η
852 2832 877 2887 9.
896 2839 1001 2884 centum
1019 2850 1052 2882 ae
1072 2851 1110 2884 xx
1127 2832 1159 2887 F.
1183 2832 1229 2885 &a
1248 2831 1327 2884 etiem
1344 2830 1439 2887 rusa

213 2903 321 2960 XVIII,
341 2905 366 2958 2.
386 2903 417 2956 cti
435 2923 451 2956 a
470 2911 568 2958 cxxxta
580 2904 613 2957 Β.
626 2907 639 2973 ΙΙ
652 2909 769 2956 classem
782 2906 808 2954 in
820 2920 870 2956 om.
885 2903 913 2957 O.
925 2905 939 2972 ΙΙ
950 2906 1066 2955 hostiam
1078 2903 1197 2958 Acus
1203 2902 1228 2956 F
1232 2901 1257 2955 Γ
1257 2939 1263 2952 .
1276 2903 1289 2973 ΙΙ
1303 2900 1343 2956 10.
1356 2905 1437 2972 ultro]

214 2993 273 3028 cum
292 2975 322 3030 Γ.
338 2978 349 3042 ΙΙ
368 2975 408 3028 12.
425 2971 623 3044 kartagindsem
644 2975 678 3028 Ε.
693 2976 705 3040 ΙΙ
725 2971 762 3028 13.
775 2977 943 3042 idem—(p.
957 2971 1018 3031 294,
1034 2970 1072 3040 2.)
1091 2977 1246 3026 conuertere
1258 2989 1308 3026 om.
1320 2971 1352 3027 Γ.
1364 2975 1378 3044 ΙΙ
1390 2976 1439 3026 ali-

213 3063 281 3114 quos
292 3045 326 3101 E.
338 3045 351 3113 ΙΙ
367 3043 406 3100 ll.
426 3050 569 3098 exercitum
588 3045 679 3099 ΑΒΘ.
698 3047 860 3099 exercituum
879 3044 917 3097 D.
936 3047 1063 3098 exercitui
1081 3044 1112 3098 F.
1131 3048 1264 3100 exercitus
1277 3043 1314 3100 Ε.
1334 3051 1360 3097 et
1378 3051 1439 3098 ante

212 3121 248 3241 11ιὸ
260 3119 416 3183 Hispaniam
437 3116 512 3240 Tops.
526 3118 539 3188 ii
553 3114 593 3171 15.
612 3118 758 3186 hostilium]
779 3122 838 3168 arte
855 3119 931 3168 locus
952 3114 1029 3170 Torr.
1049 3119 1164 3169 hostium
1182 3114 1215 3170 Β.
1227 3116 1242 3184 ΙΙ
1259 3132 1318 3168 cnm
1339 3113 1400 3171 ΒΟ.
1412 3115 1426 3184 ΙΙ

249 3229 256 3243 .
276 3191 356 3242 Poeni
374 3191 447 3240 iilum
490 3204 545 3241 err.
1317 3203 1320 3205 ’

212 3333 382 3384 Drumannus
402 3332 446 3391 II,
471 3350 497 3396 p.
523 3327 582 3383 115.
626 3334 751 3382 Deiectus
776 3335 835 3383 erat
860 3334 996 3398 quaesitor
1020 3331 1248 3380 extraordinariae
1272 3327 1434 3390 quaestioni:

213 3417 326 3469 quocum
346 3403 498 3465 praetorem
517 3419 534 3451 a
554 3405 660 3452 Valerio
680 3405 819 3453 confusum
839 3417 902 3453 esse
922 3405 1016 3461 credo,
1040 3401 1103 3466 quia
1120 3402 1277 3464 plerumque
1295 3400 1436 3461 praetores

213 3491 261 3526 eas
282 3474 444 3523 exercebant
464 3476 646 3538 quaestiones.

283 3543 348 3610 lepis
359 3539 508 3598 Memmiae)
527 3543 600 3594 lianc
613 3545 700 3612 legem
713 3547 802 3595 uultus
815 3547 935 3596 ueterum
948 3544 1106 3607 scriptorum
1120 3539 1346 3597 commemorauit,
1366 3537 1437 3603 quod

212 3617 335 3680 equidem
354 3615 446 3666 sciam.
491 3615 558 3664 Nam
582 3617 643 3676 quid
671 3617 803 3680 Kappium
829 3617 960 3665 induxerit
983 3617 1011 3664 ut
1034 3613 1123 3682 legem
1141 3611 1289 3660 Remmiam
1313 3610 1435 3678 intellegi

211 3689 325 3754 putaret,
346 3689 378 3736 de
398 3703 452 3747 quu
470 3685 571 3736 Tullius
590 3685 705 3748 loquitur
729 3702 776 3748 pro
795 3687 876 3739 Rosc,
895 3686 984 3738 Amor.
1006 3680 1052 3741 11),
1078 3679 1128 3741 55,
1147 3697 1201 3732 non
1218 3681 1350 3745 percipio,
1375 3696 1435 3731 cum

211 3774 245 3810 ne
265 3759 297 3809 de
317 3774 350 3808 ea
369 3757 475 3819 quidem
494 3757 633 3822 quicquam
653 3759 757 3806 constet
775 3772 856 3820 quam
880 3759 964 3806 latam
989 3770 1053 3806 esse
1078 3756 1113 3804 ad
1137 3753 1341 3804 rescindendam
1362 3753 1434 3802 calu·

212 3831 370 3880 mniatorum
389 3829 530 3881 licentiam.
556 3827 593 3879 Cf.
614 3828 666 3896 dig.
686 3827 796 3878 XLVIII
814 3828 851 3878 tit.
875 3823 914 3885 iti,
934 3827 959 3890 s.
978 3824 1003 3879 2.

284 3898 497 3966 Quotampleao)
516 3901 591 3960 Quod
611 3901 775 3963 archetypus
794 3901 948 3954 exhibebat,
968 3912 1034 3964 qaae
1051 3901 1113 3947 eota
1133 3891 1222 3962 pleae,
1242 3896 1335 3957 procui
1354 3895 1433 3945 dubio

211 3973 272 4022 inde
285 3976 372 4022 ortum
391 3975 440 4030 est,
461 3972 540 4033 qrrod,
561 3986 619 4020 cum
631 3971 753 4021 librarius
767 3986 815 4033 pro
828 3983 877 4036 quo
891 3970 1034 4020 exorasset
1052 3981 1125 4034 qaae,
1140 3966 1329 4015 animaduerso
1343 3966 1433 4015 statim

212 4057 311 4098 errore,
331 4043 424 4092 litteris
443 4057 493 4093 eae
510 4043 614 4106 punctis
633 4043 731 4091 notatis
750 4042 824 4090 iuxta
842 4041 954 4103 poneret
970 4055 1014 4092 eo,
1038 4053 1108 4103 quae
1125 4040 1181 4087 turn
1200 4037 1355 4087 coaluerunt
1373 4052 1441 4092 cum,

210 4115 331 4178 proximo
351 4114 482 4163 uocabulo
501 4118 561 4164 tam.
598 4113 717 4163 Eandem
735 4112 824 4162 mendi
843 4126 955 4160 caeream
974 4111 1062 4160 deteri
1080 4111 1112 4168 V,
1131 4104 1161 4167 4,
1184 4112 1237 4160 ext.
1256 4102 1288 4166 5,
1308 4108 1354 4157 ubi
1371 4107 1433 4156 uide

211 4201 280 4248 quae
300 4186 425 4234 adnotari
444 4187 478 4234 ad
498 4200 541 4235 uu.
560 4182 676 4234 ultimam
693 4181 746 4232 iam
764 4179 915 4232 intimatae
933 4186 960 4232 et
978 4182 1039 4238 Vll,
1061 4175 1094 4240 3,
1118 4180 1171 4230 ext.
1195 4171 1213 4228 3
1236 4180 1265 4228 in
1287 4195 1329 4228 uu.
1354 4175 1434 4228 «111113

211 4254 292 4308 animi
309 4253 441 4320 cogitatio.
478 4254 603 4306 Similiter
622 4255 724 4304 locutus
744 4255 787 4304 cst
805 4253 928 4303 Valerius
947 4254 973 4302 in
992 4253 1071 4302 huius
1090 4250 1185 4315 capitis
1205 4250 1230 4313 5.
1252 4245 1282 4308 1,
1303 4247 1361 4309 Quo
1380 4253 1433 4298 tam

207 4325 284 4396 pleno
295 4324 415 4393 fiduciae
432 4324 537 4392 spiritu.

284 4395 325 4449 10.
345 4398 383 4450 Cf.
401 4397 492 4446 lustIn.
511 4397 607 4454 XVIII,
625 4391 652 4448 2.

281 4465 353 4519 Idem
367 4473 429 4534 post
447 4465 554 4533 aliquot)
573 4468 611 4519 Cf.
630 4468 689 4519 Liu.
709 4467 806 4525 XXVI,
828 4465 869 4520 11.

282 4538 397 4590 exercita
414 4537 525 4599 mittere)
549 4539 613 4588 cum
639 4540 729 4601 optimi
748 4540 844 4604 quique
867 4539 926 4590 iibri
950 4537 1107 4588 tradiderint
1130 4528 1286 4586 amcitiam.
1312 4531 1431 4581 nltimam

210 4615 323 4662 litteram
344 4625 378 4660 ex
397 4611 547 4674 insequenti
566 4610 696 4658 uocabulo
715 4611 890 4668 adhaesisse,
908 4611 1098 4671 Valeriumque
1117 4607 1198 4656 dandi
1215 4618 1310 4654 casam
1328 4616 1362 4652 ea
1378 4605 1432 4653 ter·

210 4685 354 4734 minatione
378 4681 505 4745 posuisse
531 4681 665 4743 suspicor,
697 4697 775 4746 quam
800 4684 828 4734 C.
853 4684 956 4733 Caesar
977 4683 1003 4730 in
1032 4680 1107 4730 libris
1131 4676 1281 4743 analogicis
1303 4674 1374 4725 teste
1398 4674 1429 4728 Α.

211 4755 295 4806 Gellio
315 4751 372 4810 1111,
394 4747 426 4803 lti
444 4754 523 4804 unice
541 4755 642 4803 rectam
661 4754 771 4804 censuit.
812 4754 880 4804 Eam
897 4755 958 4819 ipse
978 4753 1023 4802 hic
1041 4749 1155 4814 scriptor
1173 4747 1292 4800 adhibuit
1307 4746 1335 4798 in
1352 4761 1430 4811 prae·
