3409 5400
286 482 351 549 tua
741 480 799 545 DE
822 476 1055 560 PVDICITIA.

287 644 376 729 regis
400 640 533 729 superbi
556 639 621 705 lilio
645 662 703 725 per
718 642 785 705 uim
802 652 950 726 stuprum
967 641 1034 727 pati
1051 650 1176 715 coacta,
1199 662 1273 712 cum
1297 640 1512 729 grauissimis

287 736 396 813 uerbis
412 748 563 812 iniuriam
580 769 674 811 sunm
692 748 724 811 lu
742 746 881 811 concilio
902 749 1166 812 necessariorum
1183 747 1399 832 deplorasset,
1422 748 1511 809 ferro

287 844 335 931 sc,
359 855 446 942 qnod
469 866 561 918 ueste
586 864 702 918 tectum
728 853 899 928 adtulerat,
922 855 1099 929 interemit,
1123 875 1324 939 causamque
1349 864 1413 917 tam
1438 855 1511 917 ani·

286 986 380 1027 moso
405 961 533 1025 interitu
556 962 726 1046 imperium
752 961 927 1025 consulare
958 983 1017 1047 pro
1042 963 1134 1047 regio
1157 961 1362 1048 permutandi
1386 960 1510 1045 populo

286 1070 438 1134 Romano
462 1068 620 1155 praebuit.
910 1098 914 1103 ’
1520 1083 1535 1125 o

244 1172 275 1239 2.
333 1186 335 1193 ’
375 1176 481 1261 Atque
505 1172 587 1237 baec
611 1172 745 1237 inlatam
769 1174 921 1237 iniuriam
949 1195 1016 1237 non
1046 1174 1124 1241 tulit.
1179 1173 1375 1260 Verginius,
1403 1172 1511 1260 plebei

287 1283 428 1369 generis,
452 1280 512 1344 sed
529 1280 654 1366 patricii
672 1280 720 1343 uIr
736 1281 881 1365 spiritus,
905 1302 945 1342 nc
962 1281 1081 1366 probro
1098 1284 1373 1345 contaminaretur
1390 1282 1510 1345 domus

287 1411 357 1463 sua,
382 1390 512 1475 proprio
536 1388 689 1473 sanguini
718 1408 783 1451 non
809 1387 963 1473 pepercit.
1017 1386 1101 1451 Nam
1132 1410 1207 1451 cum
1236 1388 1320 1475 App.
1350 1386 1509 1451 Claudius

287 1497 450 1565 dceenmIr
483 1495 567 1558 filiae
598 1494 668 1557 cius
701 1493 838 1579 uirginis
874 1504 1019 1578 stuprum
1051 1496 1221 1578 potestatis
1254 1494 1375 1559 uiribus
1405 1494 1510 1556 fretus

287 1603 682 1691 pertinaciusexpeterct,
708 1600 879 1663 deductam
904 1602 938 1665 in
961 1601 1068 1665 farrum
1092 1600 1233 1686 puellam
1260 1601 1388 1675 occidit,
1412 1599 1548 1686 padi-ro

288 1704 411 1797 raeque
435 1711 646 1793 interemptor
670 1727 766 1792 quam
792 1720 963 1793 corruptae
987 1720 1079 1793 pater
1103 1730 1178 1771 esse
1202 1705 1325 1771 maluit.

246 1815 276 1880 ll.
376 1815 444 1880 Nec
473 1816 535 1880 alio
571 1814 689 1878 robore
719 1814 819 1885 anImi
849 1814 1015 1899 praeditus
1052 1812 1113 1879 suit
1145 1813 1280 1877 Pontius
1311 1812 1508 1877 Aufidianus

286 1945 387 2010 eques
411 1922 599 1995 Romanus,
625 1920 679 2006 qui
704 1934 879 2007 postquam
902 1921 1048 2007 conperit
1076 1921 1161 1985 filiae
1185 1944 1266 1985 suae
1289 1921 1508 2007 uirginitatem

286 2028 525 2117 upaedagogo
551 2027 710 2113 proditam
736 2026 861 2091 Fannio
886 2028 1079 2101 Saturnino,
1115 2050 1181 2092 non
1211 2040 1380 2092 contentus
1404 2025 1508 2089 scele-

285 2148 389 2200 ratum
413 2157 545 2200 seruum
571 2134 734 2211 adfecisse
759 2133 931 2219 supplicio,
954 2135 1052 2199 etiam
1076 2136 1185 2219 ipsam
1208 2134 1348 2219 puellam
1365 2134 1546 2198 necaritrs

284 2240 396 2309 Itane
421 2254 531 2329 turpes
556 2242 626 2305 eius
651 2243 779 2326 nuptias
804 2239 991 2314 celebraret,
1020 2240 1158 2307 acerbas
1183 2242 1338 2327 exequias
1362 2240 1461 2304 duxit.

243 2348 275 2413 4.
375 2348 461 2430 Quid
486 2350 523 2415 P.
547 2346 709 2421 Maenius,
733 2368 831 2435 quam
856 2370 1007 2413 seuerum
1033 2348 1208 2433 pudicitiae
1231 2348 1401 2414 custodem
1425 2346 1508 2434 egit!

284 2456 493 2523 Inlibertum
522 2476 665 2541 namque
695 2464 824 2540 gratum
854 2454 1032 2519 admodum
1065 2454 1129 2519 eibi
1157 2454 1401 2527 animaduertit,
1429 2454 1508 2539 quia

285 2570 358 2629 oum
383 2562 503 2627 nubilis
524 2562 591 2627 iam
616 2561 731 2627 aetatis
756 2560 842 2625 tiliae
866 2582 948 2625 suae
972 2562 1120 2627 osculum
1137 2561 1269 2627 dedisse
1293 2572 1507 2648 cognouerat,

284 2680 359 2748 enta
383 2669 575 2756 praesertim
600 2689 666 2734 non
694 2668 845 2744 libidine,
874 2668 934 2734 sed
964 2690 1074 2734 errore
1101 2670 1217 2756 lapsus
1247 2667 1351 2734 uideri
1382 2679 1545 2754 possetne

285 2778 434 2842 Ceterum
470 2775 685 2839 amaritudine
726 2796 852 2861 poenae
893 2778 1011 2841 teneris
1047 2776 1156 2842 adhuc
1191 2775 1317 2862 puellae
1351 2775 1506 2840 sensibus

285 2883 442 2947 castitatis
473 2881 678 2966 discipliuam
707 2883 894 2969 ingenerari
928 2885 1042 2968 magni
1077 2885 1281 2958 aestimauit,
1315 2885 1410 2969 eique
1439 2894 1506 2946 tam

284 2991 365 3053 tristi
397 2989 544 3073 exemplo
578 2989 743 3075 praecepit
772 3001 806 3052 ut
840 3011 906 3054 non
938 2989 1045 3054 solum
1077 2991 1298 3078 uirginitatem
1325 2988 1505 3061 inlibatam,

285 3095 342 3172 scd
369 3096 464 3160 etiam
489 3093 603 3160 oscula
626 3096 670 3161 ad
693 3097 797 3160 uirum
822 3097 953 3161 sincera
969 3098 1141 3183 perferret.

286 3307 309 3365 l.
328 3312 435 3376 superbi
454 3311 528 3378 regIs
547 3307 577 3362 F.
590 3310 603 3377 ΙΙ
614 3326 663 3375 prr
674 3310 739 3378 uim}
758 3313 869 3376 periode
881 3309 917 3364 E.
929 3308 979 3380 112.
992 3313 1104 3366 consitio
1119 3308 1287 3365 CDFTorr.
1311 3308 1346 3362 Vt
1362 3325 1410 3361 aar
1427 3307 1504 3360 etiam

283 3383 346 3436 Par.
358 3382 371 3450 ΙΙ
382 3379 407 3434 3.
427 3383 557 3434 detulerat
575 3380 606 3434 F.
619 3381 632 3450 Η
649 3397 812 3448 causamque
830 3409 866 3425 -
883 3380 933 3444 15.)
956 3385 1081 3447 praebuit
1097 3398 1146 3435 om.
1164 3381 1227 3452 1⁸.ss
1244 3381 1268 3436 ti.
1289 3385 1375 3449 Atque
1395 3409 1428 3419 -
1445 3381 1505 3430 tulit

284 3469 332 3505 om.
351 3451 382 3508 Γ.
396 3453 410 3521 ΙΙ
421 3453 501 3519 baec]
522 3467 571 3503 om.
587 3467 630 3521 pr.
651 3449 685 3505 D.
705 3453 774 3503 banc
794 3467 863 3505 corr.
874 3449 911 3506 D.
924 3452 937 3520 Η
951 3455 1085 3524 Virginius
1099 3451 1210 3506 DTorr.
1222 3453 1236 3522 ΙΙ
1248 3453 1272 3506 I.
1293 3455 1402 3520 spiritns
1422 3454 1460 3502 nir
1470 3448 1503 3502 F.

294 3526 308 3594 ΙΙ
320 3527 363 3592 ne]
384 3526 427 3590 qui
446 3540 479 3574 ne
498 3521 525 3574 ia
543 3539 638 3575 rasura
656 3521 692 3575 D.
712 3521 725 3594 Η
746 3523 828 3590 probo
856 3522 959 3590 0118.
983 3525 1100 3590 proprio]
1126 3521 1217 3576 adime
1239 3523 1289 3578 tiu.
1311 3524 1340 3576 ia
1358 3537 1454 3575 rasura
1471 3519 1504 3574 A.

284 3599 392 3662 propria
410 3601 456 3646 aut
473 3597 597 3662 propriae
617 3597 655 3660 (t)
668 3611 714 3662 pr.
734 3595 765 3647 A.
780 3589 792 3663 11
807 3612 866 3644 cnm
885 3609 934 3649 era.
947 3612 995 3663 pr.
1014 3595 1075 3661 13.ss
1087 3597 1189 3645 clodius
1202 3612 1249 3664 pr.
1261 3594 1293 3648 A.
1308 3595 1320 3664 ΙΙ
1335 3591 1360 3645 9.
1380 3591 1502 3662 utrgtntsl

284 3682 332 3720 om.
352 3665 383 3720 F.
403 3667 497 3734 uirgini
518 3664 572 3719 OD
591 3671 615 3716 et
628 3680 673 3734 pr.
692 3665 727 3717 Ε.
747 3667 851 3736 nIrgInii
873 3681 943 3720 corr.
962 3665 997 3720 Ε.
1009 3667 1023 3735 Η
1040 3670 1124 3718 fretus
1143 3668 1244 3717 uiribus
1262 3665 1294 3720 F.
1311 3667 1325 3733 11
1347 3663 1387 3717 10.
1407 3679 1502 3729 expec-

283 3743 353 3788 taret
369 3736 405 3790 Ε.
424 3741 527 3802 peteret
544 3734 574 3788 Γ.
587 3733 600 3805 ΙΙ
616 3735 654 3790 ld.
673 3737 783 3788 Nec-
802 3739 849 3787 t‘uit
870 3751 919 3787 om.
937 3735 969 3790 Γ.
981 3736 995 3805 ΙΙ
1013 3739 1153 3790 oufldanus
1171 3735 1206 3792 E.
1223 3737 1238 3806 Η
1256 3734 1295 3791 13.
1315 3751 1417 3800 aequos
1436 3733 1466 3786 A.
1478 3733 1493 3800 ll

285 3811 327 3874 qut
346 3824 394 3860 om.
414 3807 445 3860 I'.
461 3805 473 3874 ΙΙ
490 3805 530 3868 15.
549 3810 636 3872 ipsam
655 3809 735 3858 ctiam
755 3804 872 3878 04116.
891 3811 980 3876 itaque
999 3825 1032 3860 ue
1045 3807 1073 3860 D
1093 3813 1118 3858 et
1132 3823 1201 3864 corr.
1213 3809 1245 3864 A.
1266 3807 1342 3860 Terr.
1353 3807 1368 3874 ll
1381 3807 1422 3859 tr.
1435 3806 1501 3868 Quid

282 3908 317 3920 -
337 3875 402 3944 (18.)
422 3879 548 3946 namque]
568 3880 597 3932 P.
617 3894 721 3946 quoque
740 3881 844 3930 menius
863 3880 889 3928 in
909 3881 1029 3930 libertum
1041 3877 1074 3932 Γ.
1088 3877 1101 3946 ΙΙ
1115 3883 1219 3930 meatus
1232 3879 1266 3932 Ε.
1277 3877 1292 3946 ΙΙ
1307 3878 1345 3930 18.
1360 3880 1502 3928 admodum

283 3951 334 4000 sibi
352 3954 457 4019 gratum
476 3948 536 4004 Fr.
548 3949 562 4018 ΙΙ
576 3945 617 4002 19.
635 3952 731 4002 nobilis
753 3965 796 4018 pr.
814 3947 846 4002 A.
862 3946 876 4015 ΙΙ
893 3954 1023 4019 cognorat
1040 3949 1106 4004 Dr.
1121 3946 1133 4019 ΙΙ
1153 3948 1196 4004 20.
1221 3951 1378 4017 pracsertim
1398 3964 1456 4000 cum
1475 3947 1503 3998 ia

282 4035 379 4074 rasura
397 4019 427 4074 A.
441 4017 509 4090 1122.
528 4023 616 4090 magle
633 4020 700 4076 DF.
715 4017 784 4088 1124.
803 4023 935 4086 proterret
952 4019 981 4076 F.

327 4213 379 4342 ἐξ.
398 4219 436 4270 Cf.
454 4217 513 4269 Ltu.
531 4218 576 4278 ru,
594 4213 638 4272 47.
656 4220 710 4272 Cic.
723 4221 757 4272 de
774 4219 819 4274 fln.
837 4220 870 4282 tt,
888 4216 932 4280 20,
951 4215 995 4272 (ib.
1012 4219 1091 4270 Dion.
1104 4219 1165 4272 liat.
1178 4219 1226 4282 XI,
1244 4215 1290 4272 20.
1307 4215 1384 4270 duct.
1402 4218 1435 4268 de
1453 4214 1503 4270 alr.

279 4292 316 4345 itt.
371 4326 378 4342 .

353 4358 489 4414 deductura
507 4359 535 4412 ie
545 4358 640 4427 sorum
654 4359 779 4429 puellam)
801 4363 925 4428 Lipsius,
950 4362 1020 4428 quod
1038 4364 1090 4414 iam
1115 4363 1144 4413 iu
1168 4363 1225 4414 toro
1244 4363 1341 4414 luisset
1358 4363 1449 4426 puella
1466 4361 1502 4412 ed

281 4433 359 4498 Appii
384 4434 512 4492 tribunal,
537 4433 681 4501 legendum
706 4436 810 4486 censuit
832 4431 966 4486 reductam
989 4433 1017 4484 ia
1033 4433 1110 4500 soro.
1151 4435 1194 4485 Ita
1218 4436 1286 4486 euim
1311 4450 1366 4486 rem
1390 4451 1408 4483 a
1427 4433 1501 4482 Liuio

281 4506 395 4570 altisque
414 4505 520 4564 reterri,
543 4507 588 4567 qui
607 4506 746 4558 seductam
764 4505 901 4570 paulutum
925 4523 942 4556 a
963 4509 1041 4570 petre
1061 4506 1177 4569 puellam
1202 4509 1228 4556 ct
1251 4510 1312 4557 tune
1336 4506 1501 4556 interfectam

282 4577 354 4625 ctare
372 4577 526 4628 seriberent.
572 4577 674 4643 Estque
698 4591 765 4628 seue
788 4575 817 4628 ia
832 4575 900 4642 soro
918 4577 946 4626 iu
965 4577 1121 4640 compendio
1140 4577 1253 4630 Paridis.
1299 4577 1392 4643 Neque
1412 4580 1503 4626 tamen

282 4645 422 4718 quiequam
438 4649 600 4699 mutandum.
637 4647 759 4698 Reddidit
778 4647 901 4698 Valerius
919 4648 957 4698 ru
974 4648 1043 4700 Liuii
1061 4650 1146 4698 uerba
1163 4647 1220 4714 (111,
1239 4644 1282 4712 II,
1303 4645 1338 4715 l),
1361 4639 1503 4712 Veryuta

282 4709 533 4784 correcturarum
549 4731 622 4770 ruem
641 4714 757 4771 obsoleta
774 4719 845 4769 reste
862 4743 897 4758 -
915 4714 944 4770 a·
959 4715 1049 4778 serora
1066 4715 1181 4774 deducit.
