3409 5400
320 492 385 561 iss
581 490 829 561 SAPIENTER
849 491 982 562 DICTA
1004 492 1096 562 AVT
1117 494 1268 565 FACTA.

318 656 406 721 ferro
422 664 565 743 aguntur
579 654 801 721 administrari
815 666 965 741 oportere
978 656 1203 724 arbitrabatur.
1242 658 1586 727 samaraticum

317 761 568 827 inemendabilis
592 771 643 827 est
665 761 753 826 enim
777 782 878 840 error,
902 765 958 851 qui
981 764 1155 829 uiolentiae
1178 764 1293 830 Martis
1318 766 1580 831 committitur.

213 876 219 884 '
318 866 409 933 Idem
431 869 576 957 negabat
591 868 690 958 'aliter
712 890 787 933 cum
808 868 905 935 hoste
929 870 1107 958 confligere
1131 870 1265 947 debere,
1295 894 1400 959 quam
1435 884 1516 936 aut
1546 873 1578 935 si

319 976 452 1042 occasio
475 975 666 1040 obuenisset
688 986 743 1040 aut
766 978 949 1043 necessitas
972 977 1153 1045 incidisset.
1205 977 1319 1066 Aeque
1342 976 1572 1064 prudenter:

318 1103 396 1146 nam
425 1094 456 1145 et
478 1103 636 1167 prospere
659 1083 826 1169 gerendae
850 1085 900 1147 rei
922 1084 1109 1150 facultatem
1140 1086 1284 1150 omittere
1311 1085 1483 1150 maxima
1511 1084 1591 1147 ‹ie-s

318 1188 441 1252 mentia
462 1198 513 1251 est
535 1190 623 1255 etin
646 1190 820 1277 angustias
843 1191 954 1277 utique
970 1191 1140 1278 pugnandi
1155 1190 1349 1278 conpulsum
1371 1196 1569 1259 abstinere

319 1316 356 1357 se
379 1294 503 1383 proelio
526 1296 701 1381 pestiferae
724 1298 879 1384 ignauiae
903 1295 1009 1361 adfert
1023 1298 1154 1373 exitum,
1179 1320 1367 1385 eorumque,
1396 1301 1468 1388 qui
1498 1302 1569 1365 ista

319 1400 528 1477 comittunt,
566 1402 647 1467 alter
674 1402 834 1469 beneficio
864 1402 1012 1467 fortunae
1047 1404 1108 1479 uti,
1145 1403 1225 1469 alter
1258 1406 1400 1469 iniuriae
1439 1408 1566 1470 nescir

317 1507 480 1574 resistere.

277 1603 308 1671 3·
407 1614 520 1697 Quinti
543 1636 671 1703 quoque
694 1615 815 1680 Metelli
837 1637 912 1681 cum
936 1616 1050 1704 grauis
1068 1616 1257 1681 tumetium
1281 1615 1346 1681 alta
1369 1618 1408 1683 in
1427 1630 1592 1685 senatur

319 1725 489 1798 sententia,
513 1724 569 1810 qui
591 1722 721 1788 deuicta
734 1721 939 1809 Karthagine
963 1724 1092 1787 nescire
1116 1743 1152 1789 se
1175 1722 1232 1788 illa
1254 1724 1395 1788 uictoria
1421 1725 1561 1790 bonine

317 1827 392 1913 plus
422 1849 466 1892 an
492 1828 572 1892 mali
602 1830 650 1893 rei
683 1829 833 1915 publicae
861 1827 1034 1894 adtulisset
1067 1829 1291 1905 adsederant,
1320 1833 1498 1916 quoniam
1525 1844 1560 1896 ut

317 2025 344 2082 2·
362 2030 432 2081 cuim
451 2032 494 2081 esi
516 2028 542 2085 F
558 2029 635 2087 Torr.
664 2030 724 2087 th.
743 2032 780 2085 cd
795 2032 853 2095 ΙΙΙ,
872 2032 899 2095 2,
917 2032 1061 2103 21111ᾳυί11
1074 2032 1168 2101 Rus.
1187 2034 1291 2103 confligi
1306 2030 1466 2103 Torr-Hsil
1491 2042 1555 2088 nte

319 2102 365 2150 aut
374 2098 433 2152 DF
447 2100 511 2156 Pur.
532 2102 608 2158 Torr.
627 2120 676 2158 ons.
695 2102 727 2159 F.
741 2104 753 2177 ΙΙ
768 2104 793 2157 l.
806 2109 963 2158 aduenisset
974 2104 1009 2159 Ε.
1022 2106 1035 2175 Η
1047 2103 1073 2159 5.
1089 2120 1237 2171 prosperae
1251 2119 1296 2173 pr.
1308 2102 1339 2156 Α.
1352 2102 1365 2170 ΙΙ
1376 2121 1551 2170 prosperam

320 2168 415 2225 CEF.
430 2170 442 2243 ΙΙ
457 2170 482 2225 l.
500 2177 629 2239 pestifere
646 2175 779 2231 dcun
789 2176 819 2231 F.
844 2179 999 2243 pestiferum
1021 2176 1097 2229 Torr.
1117 2176 1128 2245 ΙΙ
1148 2178 1217 2227 eiert
1234 2174 1269 2228 E.
1285 2174 1299 2239 11
1319 2173 1359 2229 10.
1379 2180 1478 2239 Quinti
1499 2195 1549 2231 οι

318 2238 346 2295 F.
359 2243 372 2311 ΙΙ
384 2245 454 2311 eum]
472 2248 527 2296 tum
546 2244 605 2301 lit*
621 2252 648 2299 et
664 2262 733 2302 corr.
753 2247 780 2302 C.
800 2265 880 2316 quam
898 2246 951 2316 Ι).Ι
973 2248 1039 2315 tum]
1059 2264 1139 2314 quam
1156 2245 1193 2300 D.
1215 2245 1228 2315 ΙΙ
1250 2248 1331 2297 otiam
1349 2262 1399 2299 ors.
1421 2246 1457 2302 F.
1468 2247 1486 2317 Η
1506 2249 1548 2302 11.

318 2316 466 2388 Kartagiue
482 2314 514 2370 A.
526 2318 540 2387 ΙΙ
551 2318 621 2370 scire
635 2333 680 2387 pr.
697 2317 754 2386 21.ss
767 2322 864 2371 boniue
882 2321 913 2371 D.
925 2320 939 2390 Η
968 2316 993 2372 2.
1013 2321 1136 2370 attulisse
1156 2316 1187 2371 F.

317 2586 340 2635 n
387 2512 460 2637 liin
477 2513 695 2582 nepotatuliter)
721 2516 759 2568 ci.
778 2514 917 2580 sempron.
941 2515 1041 2567 Asellio
1060 2532 1103 2580 ap.
1128 2514 1158 2568 Α.
1179 2516 1245 2566 Geli
1264 2514 1340 2571 Xlll.
1359 2508 1390 2571 3.
1413 2510 1441 2567 11.
1471 2515 1540 2581 App.

342 2587 392 2650 lsp.
447 2624 454 2637 .

388 2654 525 2723 corpiipere
543 2653 646 2712 debere)
667 2658 709 2708 lta
727 2659 849 2710 Valerius
875 2658 1003 2712 interdum
1023 2658 1122 2724 infinito
1142 2659 1168 2710 et
1188 2658 1308 2728 generali
1327 2657 1450 2708 subiecto
1475 2660 1537 2708 sirn-

317 2726 413 2791 pticem
430 2729 600 2788 influitiuum‚
623 2744 702 2794 quem
720 2733 830 2794 passius
849 2732 937 2782 efferri
962 2733 1133 2794 expectares.
1159 2732 1247 2780 actius
1269 2731 1373 2794 posuit.
1398 2733 1535 2794 tamquam
1612 2751 1613 2782 3

318 2798 482 2861 supplendus
501 2799 537 2848 sit
549 2800 720 2850 accusatione
729 2803 891 2865 pronominis
905 2803 1042 2852 cuiusdam
1055 2801 1190 2850 indefiniti.
1218 2802 1318 2852 Eodem
1331 2813 1447 2867 prorsus,
1457 2804 1534 2850 modo
1612 2795 1613 2808 ¹

318 2868 345 2918 in
368 2869 446 2917 buius
470 2869 564 2932 capitis
588 2872 711 2933 exempto
735 2874 902 2923 externorum
928 2873 1041 2938 septimo
1065 2872 1172 2934 scripsit
1200 2887 1251 2922 non
1275 2875 1397 2936 oportere
1419 2868 1449 2920 iri
1470 2868 1533 2921 arie

317 2935 419 2987 nutrire
436 2935 540 2990 leonens.
577 2940 617 2989 lta
635 2942 705 2990 enim
725 2944 839 3006 optimus
859 2944 972 2993 omnium
993 2943 1077 2992 codex
1096 2943 1253 2999 tiernensis,
1278 2943 1347 3003 quod
1372 2941 1398 2990 in
1424 2943 1531 2991 atterius

318 3008 435 3058 familiae
454 3009 530 3059 tibris
549 3012 576 3059 et
593 3011 619 3060 in
639 3011 798 3062 editionibus
817 3015 935 3082 uolgatis
954 3017 1082 3064 mutatum
1102 3017 1161 3063 erat
1178 3014 1205 3062 in
1222 3010 1329 3064 nutriri.
1371 3011 1427 3062 Nec
1451 3014 1530 3062 multo

318 3079 397 3129 aliter
414 3079 445 3137 11,
465 3075 492 3140 o,
511 3076 526 3129 1
544 3078 745 3140 (Momiiierrees)
762 3086 816 3133 tres
833 3082 862 3134 in
881 3081 969 3136 eodem
982 3081 1195 3134 manumissiones
1206 3079 1357 3134 rescindere
1371 3081 1528 3148 penitam

318 3151 363 3200 nbi
387 3151 478 3200 inuitis
502 3153 624 3202 omnibus
643 3153 779 3202 codicibus
804 3156 933 3206 edebatur
961 3157 1100 3216 bucusque
1128 3150 1251 3205 rescindi.
1298 3156 1527 3216 erspropternon

318 3223 436 3271 dubitaui
454 3224 506 3272 hoc
524 3237 630 3286 qnoque
647 3224 706 3273 loco
724 3226 865 3291 archetypi
883 3227 1039 3290 scripturam
1058 3240 1195 3284 reuocare,
1218 3225 1376 3288 praesertim
1394 3239 1453 3272 cum
1471 3239 1527 3274 eam

318 3294 456 3344 confirmet
474 3294 577 3344 Paridis
596 3297 787 3358 compendium.

388 3378 464 3431 quant
483 3367 530 3415 aut
545 3363 571 3414 si
587 3363 691 3416 occasio
709 3363 866 3422 obumbret)
891 3365 1036 3433 Archetypi
1055 3367 1154 3417 codicis
1176 3368 1321 3430 scriptura.
1346 3381 1425 3431 quarn
1449 3365 1524 3415 reddi·

318 3435 413 3493 dimus,
433 3436 491 3487 eine
510 3435 590 3486 dubio
607 3437 646 3486 ita
663 3437 831 3488 defendenda
848 3441 904 3495 eet,
929 3442 957 3488 ut
976 3439 1109 3489 Valerium
1131 3439 1318 3506 neglegentius
1343 3438 1455 3502 priorem
1478 3437 1524 3486 dis·

317 3507 458 3557 iunctionis
477 3510 580 3570 partem
599 3508 651 3557 hoc
669 3510 748 3557 modo
771 3509 906 3573 incepisse
931 3513 1108 3560 concedemus
1128 3524 1160 3558 ac
1180 3510 1203 3558 si
1225 3523 1339 3576 pergere
1360 3507 1484 3557 uoluisset
1501 3507 1523 3555 tn

317 3578 404 3628 altera
422 3582 469 3627 sut
484 3576 510 3629 si
527 3577 669 3630 necessitas
685 3575 829 3630 incidisset.
866 3581 941 3641 Quod
952 3584 1041 3630 tamon
1060 3595 1112 3628 non
1126 3580 1194 3638 iecit,
1214 3581 1247 3628 ad
1261 3577 1446 3642 simpliciorem
1459 3579 1524 3627 illam

317 3649 518 3700 disiunctionem
536 3649 572 3708 (si
589 3654 635 3700 cut
652 3678 687 3687 -
705 3653 761 3711 unt)
778 3663 934 3700 conuersus.
980 3651 1086 3700 Miscuit
1109 3650 1190 3718 igitur
1212 3651 1240 3698 et
1264 3649 1380 3699 contudit
1404 3649 1469 3698 duas
1490 3649 1523 3696 di·

318 3732 413 3768 uersas
432 3721 551 3770 eiusdem
571 3723 719 3771 sententiae
740 3721 850 3788 ligurus.
887 3721 972 3786 Atque
997 3722 1125 3771 interdum
1149 3735 1216 3770 sane
1240 3719 1284 3770 uri
1307 3719 1523 3786 castigatissimae

317 3793 442 3837 auctores
465 3791 492 3839 in
516 3790 615 3841 talibus
639 3809 657 3842 a
679 3793 772 3843 stricta
796 3793 823 3842 et
846 3793 942 3842 exacta
966 3793 1068 3842 dicendi
1091 3807 1186 3841 norma
1210 3791 1362 3842 declinasse
1392 3791 1521 3844 cernimus.

318 3859 476 3920 pracsertim
496 3861 522 3910 in
546 3863 683 3912 sententiis
708 3863 934 3914 condicionalibus
959 3865 987 3913 ct
1009 3863 1133 3913 finalibus
1158 3877 1219 3910 cum
1244 3862 1396 3912 dilemmate
1418 3875 1522 3924 pronun-

318 3927 426 3977 tiandis.
467 3928 508 3977 lta
530 3931 556 3980 in
580 3934 712 3983 contrario
735 3949 836 4002 genere
860 3948 947 3995 aeque
970 3934 1145 4000 neglegenter
1163 3933 1254 3984 Cicero
1280 3934 1312 3982 de
1331 3933 1375 3982 tin.
1392 3931 1423 3988 11.
1441 3928 1466 3988 5,
1485 3927 1520 3986 15,

319 4011 379 4047 cum
397 3998 576 4050 condicionem
596 4004 632 4051 ita
649 4003 804 4067 incepisset.
823 4003 849 4055 si
867 4009 914 4056 unt
931 4001 963 4056 de
981 4001 1112 4055 industria
1126 4001 1236 4068 socias,
1262 4005 1288 4053 at
1306 4002 1382 4068 sequi
1399 4005 1521 4065 oporteret

319 4071 366 4118 out
381 4080 469 4117 reram
486 4066 634 4122 obscuritas
643 4072 731 4139 facit,
757 4078 820 4138 post
843 4077 955 4126 alierum
980 4079 1026 4126 out
1043 4075 1154 4124 inseruit
1175 4074 1334 4138 particulam
1352 4085 1437 4140 paon.
1461 4079 1519 4121 tsn-

318 4153 397 4207 quam
415 4141 603 4202 praemisisset
621 4147 667 4192 cut
682 4142 708 4195 ei
725 4140 758 4195 de
775 4143 1026 4212 iudustrinsuciue.
1051 4147 1121 4207 quod
1140 4148 1227 4209 ipsum
1247 4145 1394 4194 Lambinus
1411 4145 1518 4206 transpo-

318 4212 377 4264 sitis
395 4211 438 4260 bis
457 4211 547 4260 uerbis
565 4213 660 4265 effecit.
697 4214 753 4264 Nec
772 4217 853 4284 longe
879 4221 913 4266 ab
937 4219 980 4268 iris
999 4219 1102 4268 remota
1125 4219 1169 4266 ost
1190 4216 1237 4264 illu
1258 4214 1456 4275 inconcinnitas.
1472 4227 1518 4277 qus

317 4283 447 4336 interdum
466 4283 529 4346 post
545 4288 574 4335 ut
592 4287 638 4333 out
655 4283 731 4334 alteri
749 4290 796 4335 aut
812 4288 940 4339 subicitur
956 4293 992 4342 ut.
1022 4289 1059 4338 Gi.
1080 4287 1165 4338 llund.
1188 4285 1268 4336 Ture.
1288 4285 1324 4344 it,
1348 4300 1373 4348 p.
1392 4279 1445 4334 55⁴.
1472 4284 1517 4334 cte.

318 4357 386 4408 orat.
404 4349 448 4412 ll.
468 4348 527 4405 lte.
564 4355 594 4404 ln
613 4354 720 4404 ‘Paridis
744 4357 849 4419 quidem
874 4360 1029 4423 compendio
1055 4359 1082 4408 et
1103 4359 1130 4408 iu
1152 4357 1287 4407 codicibus
1307 4357 1340 4405 ad
1366 4354 1467 4404 alterius
1483 4355 1516 4402 is·

318 4427 408 4478 miliae
425 4425 539 4475 alteram
557 4428 660 4490 partem
679 4426 870 4488 pertinentibus
894 4428 919 4479 ai
942 4435 987 4480 out
1008 4431 1117 4497 legitur.
1142 4429 1190 4477 sed
1216 4428 1284 4476 baec
1307 4425 1478 4490 epitomatoris
1493 4427 1516 4474 et

318 4498 420 4550 librarii
437 4497 574 4547 cuiusdam
593 4497 743 4548 coniectura
761 4499 811 4548 cst.
848 4499 959 4550 Constat
976 4501 1046 4551 enim
1065 4500 1187 4549 Paridem
1204 4498 1293 4562 ipsum
1311 4496 1440 4554 nonnulla,
1456 4509 1516 4561 ques

320 4570 407 4620 minus
425 4570 497 4620 recte
515 4585 532 4618 a
551 4568 657 4619 Valerio
672 4568 747 4616 dicta
767 4569 999 4627 animaduerteret,
1018 4572 1189 4622 emendasse.

390 4633 417 4690 ³.
437 4636 529 4696 Quieti
544 4653 644 4708 puopue
659 4634 771 4701 Metelli)
793 4644 825 4702 Q.
844 4641 945 4693 Metelli
963 4640 1128 4692 Macedonici
1150 4640 1229 4705 pater
1252 4640 1295 4690 bio
1320 4639 1378 4690 ersi
1395 4637 1477 4688 consul
1491 4652 1513 4690 a.

208 4772 211 4776 ⁴
313 4729 339 4762 n·
358 4723 381 4760 c.
399 4704 462 4760 548.
484 4709 523 4762 Cf.
542 4711 601 4762 Liu.
619 4709 708 4770 xxii,
726 4706 770 4764 27.
789 4711 890 4770 xxiii.
908 4707 934 4763 4.
