<?xml version="1.0" encoding="UTF-8"?>
<!DOCTYPE html PUBLIC "-//W3C//DTD XHTML 1.0 Transitional//EN"
    "http://www.w3.org/TR/xhtml1/DTD/xhtml1-transitional.dtd">
<html xmlns="http://www.w3.org/1999/xhtml" xml:lang="en" lang="en">
 <head>
  <title>
</title>
<meta http-equiv="Content-Type" content="text/html;charset=utf-8" />
  <meta name='ocr-system' content='tesseract 3.04.00' />
  <meta name='ocr-capabilities' content='ocr_page ocr_carea ocr_par ocr_line ocrx_word'/>
</head>
<body>
  <div class='ocr_page' id='page_1' title='image "./valerimaximifac00parigoog_0080.png"; bbox 0 0 3409 5400; ppageno 0'>
   <div class='ocr_carea' id='block_1_1' title="bbox 1404 549 1448 616">
    <p class='ocr_par' dir='ltr' id='par_1_1' title="bbox 1404 549 1448 616">
     <span class='ocr_line' id='line_1_1' title="bbox 1404 549 1448 616; baseline 0.045 -2"><span class='ocrx_word' id='word_1_1' title='bbox 1404 549 1448 616; x_wconf 79' lang='grc'>69</span> 
     </span>
    </p>
   </div>
   <div class='ocr_carea' id='block_1_2' title="bbox 214 702 1532 4551">
    <p class='ocr_par' dir='ltr' id='par_1_2' title="bbox 215 702 1448 1436">
     <span class='ocr_line' id='line_1_2' title="bbox 219 702 1447 794; baseline 0.004 -24"><span class='ocrx_word' id='word_1_2' title='bbox 219 704 386 792; x_wconf 85' lang='lat' dir='ltr'>quasdam</span> <span class='ocrx_word' id='word_1_3' title='bbox 409 702 534 770; x_wconf 86' lang='lat' dir='ltr'>Valerii</span> <span class='ocrx_word' id='word_1_4' title='bbox 557 708 688 781; x_wconf 89' lang='lat' dir='ltr'>retinet,</span> <span class='ocrx_word' id='word_1_5' title='bbox 713 727 796 794; x_wconf 88' lang='lat' dir='ltr'>quas</span> <span class='ocrx_word' id='word_1_6' title='bbox 821 728 842 771; x_wconf 92' lang='lat' dir='ltr'>a</span> <span class='ocrx_word' id='word_1_7' title='bbox 865 705 985 770; x_wconf 88' lang='lat' dir='ltr'>Paride</span> <span class='ocrx_word' id='word_1_8' title='bbox 1009 706 1154 772; x_wconf 86' lang='lat' dir='ltr'>omissas</span> <span class='ocrx_word' id='word_1_9' title='bbox 1177 705 1335 773; x_wconf 83' lang='lat' dir='ltr'>haetenus</span> <span class='ocrx_word' id='word_1_10' title='bbox 1360 710 1447 775; x_wconf 91' lang='lat' dir='ltr'>desi-</span> 
     </span>
     <span class='ocr_line' id='line_1_3' title="bbox 219 811 1447 900; baseline 0.007 -24"><span class='ocrx_word' id='word_1_11' title='bbox 219 811 437 887; x_wconf 86' lang='lat' dir='ltr'>derabamus,</span> <span class='ocrx_word' id='word_1_12' title='bbox 478 813 531 877; x_wconf 90' lang='lat' dir='ltr'>uel</span> <span class='ocrx_word' id='word_1_13' title='bbox 573 835 656 900; x_wconf 89' lang='lat' dir='ltr'>quas</span> <span class='ocrx_word' id='word_1_14' title='bbox 692 812 788 877; x_wconf 87' lang='lat' dir='ltr'>Paris</span> <span class='ocrx_word' id='word_1_15' title='bbox 825 813 1043 888; x_wconf 87' lang='lat' dir='ltr'>breuiauerat,</span> <span class='ocrx_word' id='word_1_16' title='bbox 1079 814 1152 899; x_wconf 88' lang='lat' dir='ltr'>ipse</span> <span class='ocrx_word' id='word_1_17' title='bbox 1191 815 1260 879; x_wconf 86' lang='lat' dir='ltr'>fere</span> <span class='ocrx_word' id='word_1_18' title='bbox 1293 817 1447 884; x_wconf 72' lang='lat' dir='ltr'>inlibatus</span> 
     </span>
     <span class='ocr_line' id='line_1_4' title="bbox 218 919 1448 1007; baseline 0.007 -25"><span class='ocrx_word' id='word_1_19' title='bbox 218 920 429 1006; x_wconf 80' lang='lat' dir='ltr'>excerpsisse</span> <span class='ocrx_word' id='word_1_20' title='bbox 453 921 589 986; x_wconf 89' lang='lat' dir='ltr'>uidetur.</span> <span class='ocrx_word' id='word_1_21' title='bbox 636 919 749 1007; x_wconf 90' lang='lat' dir='ltr'>ltaque</span> <span class='ocrx_word' id='word_1_22' title='bbox 773 920 934 984; x_wconf 86' lang='lat' dir='ltr'>facturum</span> <span class='ocrx_word' id='word_1_23' title='bbox 957 941 1011 984; x_wconf 91' lang='lat' dir='ltr'>me</span> <span class='ocrx_word' id='word_1_24' title='bbox 1034 941 1154 1006; x_wconf 80' lang='lat' dir='ltr'>operae</span> <span class='ocrx_word' id='word_1_25' title='bbox 1177 923 1316 1007; x_wconf 90' lang='lat' dir='ltr'>pretium</span> <span class='ocrx_word' id='word_1_26' title='bbox 1339 925 1448 990; x_wconf 88' lang='lat' dir='ltr'>existi·</span> 
     </span>
     <span class='ocr_line' id='line_1_5' title="bbox 216 1025 1447 1114; baseline 0.002 -20"><span class='ocrx_word' id='word_1_27' title='bbox 216 1029 329 1103; x_wconf 88' lang='lat' dir='ltr'>maui,</span> <span class='ocrx_word' id='word_1_28' title='bbox 358 1029 388 1092; x_wconf 90' lang='lat' dir='ltr'>si</span> <span class='ocrx_word' id='word_1_29' title='bbox 415 1027 618 1114; x_wconf 81' lang='lat' dir='ltr'><strong>deperditam</strong></span> <span class='ocrx_word' id='word_1_30' title='bbox 649 1026 735 1092; x_wconf 85' lang='lat' dir='ltr'>hanc</span> <span class='ocrx_word' id='word_1_31' title='bbox 763 1025 890 1093; x_wconf 89' lang='lat' dir='ltr'>Valerii</span> <span class='ocrx_word' id='word_1_32' title='bbox 926 1029 1131 1114; x_wconf 76' lang='lat' dir='ltr'><strong>particulam,</strong></span> <span class='ocrx_word' id='word_1_33' title='bbox 1165 1053 1183 1094; x_wconf 91' lang='lat' dir='ltr'>e</span> <span class='ocrx_word' id='word_1_34' title='bbox 1212 1030 1285 1095; x_wconf 88' lang='lat' dir='ltr'>sola</span> <span class='ocrx_word' id='word_1_35' title='bbox 1316 1029 1447 1096; x_wconf 90' lang='lat' dir='ltr'>Paridis</span> 
     </span>
     <span class='ocr_line' id='line_1_6' title="bbox 215 1128 1448 1222; baseline 0.002 -22"><span class='ocrx_word' id='word_1_36' title='bbox 215 1136 383 1222; x_wconf 79' lang='lat' dir='ltr'>epitoma,</span> <span class='ocrx_word' id='word_1_37' title='bbox 411 1147 578 1222; x_wconf 81' lang='lat' dir='ltr'><strong>tamquam</strong></span> <span class='ocrx_word' id='word_1_38' title='bbox 606 1135 794 1221; x_wconf 88' lang='lat' dir='ltr'>incorrupta</span> <span class='ocrx_word' id='word_1_39' title='bbox 823 1156 865 1200; x_wconf 90' lang='lat' dir='ltr'>ea</span> <span class='ocrx_word' id='word_1_40' title='bbox 891 1135 994 1201; x_wconf 90' lang='lat' dir='ltr'>uerba</span> <span class='ocrx_word' id='word_1_41' title='bbox 1024 1128 1151 1213; x_wconf 84' lang='lat' dir='ltr'>essent,</span> <span class='ocrx_word' id='word_1_42' title='bbox 1187 1139 1222 1202; x_wconf 93' lang='lat' dir='ltr'>in</span> <span class='ocrx_word' id='word_1_43' title='bbox 1249 1140 1448 1203; x_wconf 73' lang='lat' dir='ltr'>recentiores</span> 
     </span>
     <span class='ocr_line' id='line_1_7' title="bbox 217 1242 1447 1332; baseline 0.002 -26"><span class='ocrx_word' id='word_1_44' title='bbox 217 1243 355 1306; x_wconf 90' lang='lat' dir='ltr'>codices</span> <span class='ocrx_word' id='word_1_45' title='bbox 375 1253 405 1306; x_wconf 91' lang='lat' dir='ltr'>et</span> <span class='ocrx_word' id='word_1_46' title='bbox 428 1243 504 1307; x_wconf 92' lang='lat' dir='ltr'>inde</span> <span class='ocrx_word' id='word_1_47' title='bbox 528 1243 561 1306; x_wconf 93' lang='lat' dir='ltr'>in</span> <span class='ocrx_word' id='word_1_48' title='bbox 578 1242 737 1307; x_wconf 81' lang='lat' dir='ltr'>editiones</span> <span class='ocrx_word' id='word_1_49' title='bbox 763 1242 965 1316; x_wconf 88' lang='lat' dir='ltr'>translatam,</span> <span class='ocrx_word' id='word_1_50' title='bbox 989 1265 1029 1306; x_wconf 84' lang='lat' dir='ltr'>ex</span> <span class='ocrx_word' id='word_1_51' title='bbox 1051 1255 1187 1332; x_wconf 92' lang='lat' dir='ltr'>utroque</span> <span class='ocrx_word' id='word_1_52' title='bbox 1211 1245 1447 1321; x_wconf 88' lang='lat' dir='ltr'>abbreuiatore,</span> 
     </span>
     <span class='ocr_line' id='line_1_8' title="bbox 217 1348 946 1436; baseline 0 -22"><span class='ocrx_word' id='word_1_53' title='bbox 217 1352 253 1414; x_wconf 90' lang='lat' dir='ltr'>in</span> <span class='ocrx_word' id='word_1_54' title='bbox 280 1361 436 1436; x_wconf 91' lang='lat' dir='ltr'>quantum</span> <span class='ocrx_word' id='word_1_55' title='bbox 460 1351 530 1413; x_wconf 84' lang='lat' dir='ltr'>lieri</span> <span class='ocrx_word' id='word_1_56' title='bbox 555 1351 724 1436; x_wconf 88' lang='lat' dir='ltr'>potuisset,</span> <span class='ocrx_word' id='word_1_57' title='bbox 749 1348 946 1436; x_wconf 82' lang='lat' dir='ltr'>supplerem.</span> 
     </span>
    </p>

    <p class='ocr_par' dir='ltr' id='par_1_3' title="bbox 214 1455 1449 3477">
     <span class='ocr_line' id='line_1_9' title="bbox 312 1455 1446 1547; baseline 0.004 -26"><span class='ocrx_word' id='word_1_58' title='bbox 312 1456 410 1537; x_wconf 88' lang='lat' dir='ltr'>Quod</span> <span class='ocrx_word' id='word_1_59' title='bbox 433 1455 596 1544; x_wconf 84' lang='lat' dir='ltr'>Bergldus</span> <span class='ocrx_word' id='word_1_60' title='bbox 620 1455 808 1521; x_wconf 83' lang='lat' dir='ltr'>Ianuarium</span> <span class='ocrx_word' id='word_1_61' title='bbox 831 1455 1050 1543; x_wconf 81' lang='lat' dir='ltr'>Nepotianum</span> <span class='ocrx_word' id='word_1_62' title='bbox 1074 1457 1215 1523; x_wconf 91' lang='lat' dir='ltr'>cundem</span> <span class='ocrx_word' id='word_1_63' title='bbox 1239 1481 1314 1524; x_wconf 85' lang='lat' dir='ltr'>esse</span> <span class='ocrx_word' id='word_1_64' title='bbox 1338 1463 1446 1547; x_wconf 87' lang='lat' dir='ltr'>suspi-</span> 
     </span>
     <span class='ocr_line' id='line_1_10' title="bbox 217 1563 1446 1651; baseline 0.002 -21"><span class='ocrx_word' id='word_1_65' title='bbox 217 1575 313 1630; x_wconf 87' lang='lat' dir='ltr'>catur</span> <span class='ocrx_word' id='word_1_66' title='bbox 344 1575 442 1651; x_wconf 88' lang='lat' dir='ltr'>atque</span> <span class='ocrx_word' id='word_1_67' title='bbox 470 1564 690 1651; x_wconf 87' lang='lat' dir='ltr'>Nepotianum</span> <span class='ocrx_word' id='word_1_68' title='bbox 722 1563 828 1638; x_wconf 88' lang='lat' dir='ltr'>illum,</span> <span class='ocrx_word' id='word_1_69' title='bbox 862 1586 958 1650; x_wconf 84' lang='lat' dir='ltr'>quern</span> <span class='ocrx_word' id='word_1_70' title='bbox 987 1564 1156 1628; x_wconf 89' lang='lat' dir='ltr'>Ausonius</span> <span class='ocrx_word' id='word_1_71' title='bbox 1183 1567 1218 1628; x_wconf 92' lang='lat' dir='ltr'>iu</span> <span class='ocrx_word' id='word_1_72' title='bbox 1248 1587 1446 1633; x_wconf 89' lang='lat' dir='ltr'>commemo·</span> 
     </span>
     <span class='ocr_line' id='line_1_11' title="bbox 216 1669 1449 1758; baseline 0.002 -23"><span class='ocrx_word' id='word_1_73' title='bbox 216 1673 348 1736; x_wconf 89' lang='lat' dir='ltr'>ratione</span> <span class='ocrx_word' id='word_1_74' title='bbox 376 1673 602 1757; x_wconf 81' lang='lat' dir='ltr'>professorum</span> <span class='ocrx_word' id='word_1_75' title='bbox 624 1669 914 1756; x_wconf 86' lang='lat' dir='ltr'>Burdigalensium</span> <span class='ocrx_word' id='word_1_76' title='bbox 943 1673 1185 1758; x_wconf 90' lang='lat' dir='ltr'>praedicauerit</span> <span class='ocrx_word' id='word_1_77' title='bbox 1214 1695 1315 1739; x_wconf 86' lang='lat' dir='ltr'>carm.</span> <span class='ocrx_word' id='word_1_78' title='bbox 1341 1675 1392 1750; x_wconf 83' lang='lat'>15,</span> <span class='ocrx_word' id='word_1_79' title='bbox 1417 1687 1449 1738; x_wconf 90' lang='lat' dir='ltr'>et</span> 
     </span>
     <span class='ocr_line' id='line_1_12' title="bbox 218 1777 1446 1869; baseline 0.006 -29"><span class='ocrx_word' id='word_1_80' title='bbox 218 1777 409 1852; x_wconf 84' lang='lat' dir='ltr'>Victorem,</span> <span class='ocrx_word' id='word_1_81' title='bbox 438 1777 481 1842; x_wconf 81' lang='lat' dir='ltr'>sd</span> <span class='ocrx_word' id='word_1_82' title='bbox 505 1799 603 1865; x_wconf 92' lang='lat' dir='ltr'>quem</span> <span class='ocrx_word' id='word_1_83' title='bbox 627 1778 705 1843; x_wconf 87' lang='lat' dir='ltr'>data</span> <span class='ocrx_word' id='word_1_84' title='bbox 736 1790 786 1842; x_wconf 87' lang='lat' dir='ltr'>est</span> <span class='ocrx_word' id='word_1_85' title='bbox 809 1777 988 1864; x_wconf 90' lang='lat' dir='ltr'>Nepotiani</span> <span class='ocrx_word' id='word_1_86' title='bbox 1011 1781 1161 1866; x_wconf 81' lang='lat' dir='ltr'>epistula,</span> <span class='ocrx_word' id='word_1_87' title='bbox 1185 1781 1327 1846; x_wconf 86' lang='lat' dir='ltr'>eundem</span> <span class='ocrx_word' id='word_1_88' title='bbox 1350 1793 1446 1869; x_wconf 87' lang='lat' dir='ltr'>atque</span> 
     </span>
     <span class='ocr_line' id='line_1_13' title="bbox 219 1883 1448 1976; baseline 0.002 -26"><span class='ocrx_word' id='word_1_89' title='bbox 219 1885 258 1950; x_wconf 86' lang='lat' dir='ltr'>O.</span> <span class='ocrx_word' id='word_1_90' title='bbox 289 1883 407 1950; x_wconf 91' lang='lat' dir='ltr'>lulium</span> <span class='ocrx_word' id='word_1_91' title='bbox 436 1883 620 1960; x_wconf 87' lang='lat' dir='ltr'>Victorem,</span> <span class='ocrx_word' id='word_1_92' title='bbox 658 1898 824 1951; x_wconf 87' lang='lat' dir='ltr'>auctorem</span> <span class='ocrx_word' id='word_1_93' title='bbox 861 1888 940 1949; x_wconf 86' lang='lat' dir='ltr'>artis</span> <span class='ocrx_word' id='word_1_94' title='bbox 976 1886 1175 1962; x_wconf 84' lang='lat' dir='ltr'>rhetoricae,</span> <span class='ocrx_word' id='word_1_95' title='bbox 1217 1909 1315 1976; x_wconf 84' lang='lat' dir='ltr'>quam</span> <span class='ocrx_word' id='word_1_96' title='bbox 1346 1889 1448 1956; x_wconf 89' lang='lat' dir='ltr'>edidit</span> 
     </span>
     <span class='ocr_line' id='line_1_14' title="bbox 218 1991 1446 2080; baseline 0.004 -24"><span class='ocrx_word' id='word_1_97' title='bbox 218 1993 308 2080; x_wconf 81' lang='lat' dir='ltr'>Aug.</span> <span class='ocrx_word' id='word_1_98' title='bbox 332 1991 443 2057; x_wconf 86' lang='lat' dir='ltr'>Maius</span> <span class='ocrx_word' id='word_1_99' title='bbox 475 1995 611 2079; x_wconf 76' lang='lat' dir='ltr'>(scripit.</span> <span class='ocrx_word' id='word_1_100' title='bbox 635 2005 711 2059; x_wconf 89' lang='lat' dir='ltr'>uett.</span> <span class='ocrx_word' id='word_1_101' title='bbox 736 2013 812 2057; x_wconf 91' lang='lat' dir='ltr'>nou.</span> <span class='ocrx_word' id='word_1_102' title='bbox 837 1993 910 2058; x_wconf 91' lang='lat' dir='ltr'>coll.</span> <span class='ocrx_word' id='word_1_103' title='bbox 935 1992 970 2056; x_wconf 89' lang='lat' dir='ltr'>T.</span> <span class='ocrx_word' id='word_1_104' title='bbox 993 1993 1019 2068; x_wconf 93' lang='lat' dir='ltr'>l,</span> <span class='ocrx_word' id='word_1_105' title='bbox 1041 1993 1080 2058; x_wconf 91' lang='lat' dir='ltr'>P.</span> <span class='ocrx_word' id='word_1_106' title='bbox 1104 1996 1150 2076; x_wconf 88' lang='grc'>4.)</span> <span class='ocrx_word' id='word_1_107' title='bbox 1173 2007 1205 2059; x_wconf 91' lang='lat' dir='ltr'>et</span> <span class='ocrx_word' id='word_1_108' title='bbox 1228 2017 1267 2058; x_wconf 85' lang='lat' dir='ltr'>ex</span> <span class='ocrx_word' id='word_1_109' title='bbox 1290 2017 1328 2060; x_wconf 90' lang='lat' dir='ltr'>eo</span> <span class='ocrx_word' id='word_1_110' title='bbox 1354 1996 1446 2061; x_wconf 90' lang='lat' dir='ltr'>Orel-</span> 
     </span>
     <span class='ocr_line' id='line_1_15' title="bbox 217 2097 1446 2174; baseline 0.004 -10"><span class='ocrx_word' id='word_1_111' title='bbox 217 2101 283 2164; x_wconf 88' lang='lat' dir='ltr'>lius</span> <span class='ocrx_word' id='word_1_112' title='bbox 306 2101 390 2164; x_wconf 89' lang='lat' dir='ltr'>inter</span> <span class='ocrx_word' id='word_1_113' title='bbox 414 2097 613 2166; x_wconf 83' lang='lat' dir='ltr'>scholiastae</span> <span class='ocrx_word' id='word_1_114' title='bbox 637 2101 824 2174; x_wconf 81' lang='lat' dir='ltr'>Ciceronis,</span> <span class='ocrx_word' id='word_1_115' title='bbox 848 2103 1055 2166; x_wconf 89' lang='lat' dir='ltr'>coniecturae</span> <span class='ocrx_word' id='word_1_116' title='bbox 1076 2114 1152 2166; x_wconf 91' lang='lat' dir='ltr'>sunt</span> <span class='ocrx_word' id='word_1_117' title='bbox 1180 2102 1252 2167; x_wconf 89' lang='lat' dir='ltr'>solo</span> <span class='ocrx_word' id='word_1_118' title='bbox 1285 2125 1324 2168; x_wconf 89' lang='lat' dir='ltr'>ae</span> <span class='ocrx_word' id='word_1_119' title='bbox 1346 2105 1446 2169; x_wconf 84' lang='lat' dir='ltr'>nimis</span> 
     </span>
     <span class='ocr_line' id='line_1_16' title="bbox 217 2207 1446 2299; baseline 0.003 -27"><span class='ocrx_word' id='word_1_120' title='bbox 217 2210 344 2272; x_wconf 91' lang='lat' dir='ltr'>incerto</span> <span class='ocrx_word' id='word_1_121' title='bbox 368 2207 589 2294; x_wconf 84' lang='lat' dir='ltr'>c&#39;onspirantis</span> <span class='ocrx_word' id='word_1_122' title='bbox 602 2209 698 2272; x_wconf 88' lang='lat' dir='ltr'>unius</span> <span class='ocrx_word' id='word_1_123' title='bbox 711 2209 921 2295; x_wconf 83' lang='lat' dir='ltr'>cognominis</span> <span class='ocrx_word' id='word_1_124' title='bbox 937 2208 1149 2273; x_wconf 82' lang='lat' dir='ltr'>fundamento</span> <span class='ocrx_word' id='word_1_125' title='bbox 1162 2221 1336 2287; x_wconf 86' lang='lat' dir='ltr'>extructae,</span> <span class='ocrx_word' id='word_1_126' title='bbox 1360 2233 1446 2299; x_wconf 90' lang='lat' dir='ltr'>quae</span> 
     </span>
     <span class='ocr_line' id='line_1_17' title="bbox 217 2313 1448 2403; baseline 0.002 -24"><span class='ocrx_word' id='word_1_127' title='bbox 217 2316 292 2402; x_wconf 90' lang='lat' dir='ltr'>ipse</span> <span class='ocrx_word' id='word_1_128' title='bbox 318 2336 417 2401; x_wconf 86' lang='lat' dir='ltr'>quam</span> <span class='ocrx_word' id='word_1_129' title='bbox 447 2313 583 2378; x_wconf 87' lang='lat' dir='ltr'>fallaces</span> <span class='ocrx_word' id='word_1_130' title='bbox 613 2315 678 2380; x_wconf 88' lang='lat' dir='ltr'>siut</span> <span class='ocrx_word' id='word_1_131' title='bbox 700 2315 839 2378; x_wconf 88' lang='lat' dir='ltr'>Rusticii</span> <span class='ocrx_word' id='word_1_132' title='bbox 862 2313 1005 2400; x_wconf 92' lang='lat' dir='ltr'>Helpidii</span> <span class='ocrx_word' id='word_1_133' title='bbox 1026 2314 1183 2379; x_wconf 91' lang='lat' dir='ltr'>Domnuli</span> <span class='ocrx_word' id='word_1_134' title='bbox 1213 2328 1365 2403; x_wconf 86' lang='lat' dir='ltr'>expertus</span> <span class='ocrx_word' id='word_1_135' title='bbox 1396 2330 1448 2382; x_wconf 85' lang='lat' dir='ltr'>est</span> 
     </span>
     <span class='ocr_line' id='line_1_18' title="bbox 219 2419 1445 2508; baseline 0.002 -23"><span class='ocrx_word' id='word_1_136' title='bbox 219 2421 379 2507; x_wconf 88' lang='lat' dir='ltr'>exemplo.</span> <span class='ocrx_word' id='word_1_137' title='bbox 427 2419 564 2485; x_wconf 82' lang='lat' dir='ltr'>Accedit</span> <span class='ocrx_word' id='word_1_138' title='bbox 588 2422 675 2508; x_wconf 94' lang='lat' dir='ltr'>quod</span> <span class='ocrx_word' id='word_1_139' title='bbox 699 2423 923 2508; x_wconf 87' lang='lat' dir='ltr'>epitomatoris</span> <span class='ocrx_word' id='word_1_140' title='bbox 953 2443 1063 2486; x_wconf 89' lang='lat' dir='ltr'>sermo</span> <span class='ocrx_word' id='word_1_141' title='bbox 1091 2433 1261 2508; x_wconf 87' lang='lat' dir='ltr'>corruptus</span> <span class='ocrx_word' id='word_1_142' title='bbox 1293 2435 1325 2486; x_wconf 89' lang='lat' dir='ltr'>et</span> <span class='ocrx_word' id='word_1_143' title='bbox 1346 2426 1445 2488; x_wconf 87' lang='lat' dir='ltr'>inter·</span> 
     </span>
     <span class='ocr_line' id='line_1_19' title="bbox 218 2528 1447 2617; baseline 0.002 -23"><span class='ocrx_word' id='word_1_144' title='bbox 218 2529 298 2594; x_wconf 92' lang='lat' dir='ltr'>dum</span> <span class='ocrx_word' id='word_1_145' title='bbox 322 2530 390 2592; x_wconf 87' lang='lat' dir='ltr'>fere</span> <span class='ocrx_word' id='word_1_146' title='bbox 413 2528 573 2595; x_wconf 86' lang='lat' dir='ltr'>barbarus</span> <span class='ocrx_word' id='word_1_147' title='bbox 586 2529 780 2615; x_wconf 89' lang='lat' dir='ltr'>dicendique</span> <span class='ocrx_word' id='word_1_148' title='bbox 805 2551 912 2616; x_wconf 85' lang='lat' dir='ltr'>genus</span> <span class='ocrx_word' id='word_1_149' title='bbox 926 2529 1008 2593; x_wconf 91' lang='lat' dir='ltr'>rude</span> <span class='ocrx_word' id='word_1_150' title='bbox 1020 2551 1155 2615; x_wconf 86' lang='lat' dir='ltr'>prorsus</span> <span class='ocrx_word' id='word_1_151' title='bbox 1172 2540 1268 2617; x_wconf 89' lang='lat' dir='ltr'>atque</span> <span class='ocrx_word' id='word_1_152' title='bbox 1290 2530 1447 2598; x_wconf 87' lang='lat' dir='ltr'>incultum</span> 
     </span>
     <span class='ocr_line' id='line_1_20' title="bbox 218 2625 1445 2727; baseline 0.002 -25"><span class='ocrx_word' id='word_1_153' title='bbox 218 2649 347 2703; x_wconf 85' lang='lat' dir='ltr'>sextum</span> <span class='ocrx_word' id='word_1_154' title='bbox 383 2637 598 2723; x_wconf 84' lang='lat' dir='ltr'>septimumue</span> <span class='ocrx_word' id='word_1_155' title='bbox 636 2625 881 2725; x_wconf 81' lang='lat' dir='ltr'>potiusquam</span> <span class='ocrx_word' id='word_1_156' title='bbox 917 2647 1067 2725; x_wconf 89' lang='lat' dir='ltr'>quartum</span> <span class='ocrx_word' id='word_1_157' title='bbox 1106 2637 1275 2703; x_wconf 87' lang='lat' dir='ltr'>saeculum</span> <span class='ocrx_word' id='word_1_158' title='bbox 1306 2640 1445 2727; x_wconf 89' lang='lat' dir='ltr'>prodere</span> 
     </span>
     <span class='ocr_line' id='line_1_21' title="bbox 217 2742 1447 2833; baseline 0.002 -22"><span class='ocrx_word' id='word_1_159' title='bbox 217 2746 357 2819; x_wconf 91' lang='lat' dir='ltr'>uidetur,</span> <span class='ocrx_word' id='word_1_160' title='bbox 381 2756 412 2808; x_wconf 90' lang='lat' dir='ltr'>et</span> <span class='ocrx_word' id='word_1_161' title='bbox 437 2744 599 2831; x_wconf 88' lang='lat' dir='ltr'>querellae</span> <span class='ocrx_word' id='word_1_162' title='bbox 625 2766 764 2833; x_wconf 90' lang='lat' dir='ltr'>quoque,</span> <span class='ocrx_word' id='word_1_163' title='bbox 789 2766 874 2831; x_wconf 87' lang='lat' dir='ltr'>quae</span> <span class='ocrx_word' id='word_1_164' title='bbox 897 2747 931 2809; x_wconf 91' lang='lat' dir='ltr'>in</span> <span class='ocrx_word' id='word_1_165' title='bbox 948 2742 1089 2831; x_wconf 89' lang='lat' dir='ltr'>epistula</span> <span class='ocrx_word' id='word_1_166' title='bbox 1100 2746 1261 2811; x_wconf 88' lang='lat' dir='ltr'>iactantur</span> <span class='ocrx_word' id='word_1_167' title='bbox 1272 2747 1313 2811; x_wconf 88' lang='lat' dir='ltr'>de</span> <span class='ocrx_word' id='word_1_168' title='bbox 1329 2748 1447 2813; x_wconf 86' lang='lat' dir='ltr'>inertia</span> 
     </span>
     <span class='ocr_line' id='line_1_22' title="bbox 217 2850 1444 2942; baseline 0.002 -26"><span class='ocrx_word' id='word_1_169' title='bbox 217 2852 401 2927; x_wconf 92' lang='lat' dir='ltr'>hominum,</span> <span class='ocrx_word' id='word_1_170' title='bbox 425 2852 629 2941; x_wconf 90' lang='lat' dir='ltr'>eloquentiae</span> <span class='ocrx_word' id='word_1_171' title='bbox 654 2874 693 2916; x_wconf 88' lang='lat' dir='ltr'>ae</span> <span class='ocrx_word' id='word_1_172' title='bbox 717 2850 896 2916; x_wconf 88' lang='lat' dir='ltr'>litterarum</span> <span class='ocrx_word' id='word_1_173' title='bbox 907 2852 1051 2916; x_wconf 84' lang='lat' dir='ltr'>studium</span> <span class='ocrx_word' id='word_1_174' title='bbox 1074 2852 1171 2919; x_wconf 80' lang='lat' dir='ltr'>foede</span> <span class='ocrx_word' id='word_1_175' title='bbox 1190 2855 1444 2942; x_wconf 85' lang='lat' dir='ltr'>neglegentium,</span> 
     </span>
     <span class='ocr_line' id='line_1_23' title="bbox 217 2958 1445 3046; baseline 0.002 -23"><span class='ocrx_word' id='word_1_176' title='bbox 217 2972 249 3023; x_wconf 94' lang='lat' dir='ltr'>et</span> <span class='ocrx_word' id='word_1_177' title='bbox 273 2960 314 3023; x_wconf 91' lang='lat' dir='ltr'>de</span> <span class='ocrx_word' id='word_1_178' title='bbox 338 2958 465 3025; x_wconf 78' lang='lat' dir='ltr'>Valerii</span> <span class='ocrx_word' id='word_1_179' title='bbox 488 2959 641 3046; x_wconf 87' lang='lat' dir='ltr'>operibus</span> <span class='ocrx_word' id='word_1_180' title='bbox 666 2969 789 3025; x_wconf 90' lang='lat' dir='ltr'>tantum</span> <span class='ocrx_word' id='word_1_181' title='bbox 815 2981 880 3023; x_wconf 92' lang='lat' dir='ltr'>non</span> <span class='ocrx_word' id='word_1_182' title='bbox 909 2958 1067 3024; x_wconf 89' lang='lat' dir='ltr'>obliuioni</span> <span class='ocrx_word' id='word_1_183' title='bbox 1090 2959 1228 3035; x_wconf 85' lang='lat' dir='ltr'>traditis,</span> <span class='ocrx_word' id='word_1_184' title='bbox 1251 2961 1368 3027; x_wconf 89' lang='lat' dir='ltr'>melius</span> <span class='ocrx_word' id='word_1_185' title='bbox 1391 2960 1445 3025; x_wconf 85' lang='lat' dir='ltr'>his</span> 
     </span>
     <span class='ocr_line' id='line_1_24' title="bbox 214 3065 1444 3155; baseline 0.002 -24"><span class='ocrx_word' id='word_1_186' title='bbox 214 3068 453 3132; x_wconf 88' lang='lat' dir='ltr'>recentioribus</span> <span class='ocrx_word' id='word_1_187' title='bbox 482 3088 579 3153; x_wconf 85' lang='lat' dir='ltr'>quam</span> <span class='ocrx_word' id='word_1_188' title='bbox 608 3065 762 3141; x_wconf 87' lang='lat' dir='ltr'>Ausonii,</span> <span class='ocrx_word' id='word_1_189' title='bbox 799 3066 1007 3154; x_wconf 84' lang='lat' dir='ltr'>Symmachi,</span> <span class='ocrx_word' id='word_1_190' title='bbox 1042 3065 1211 3132; x_wconf 87' lang='lat' dir='ltr'>Ammiani</span> <span class='ocrx_word' id='word_1_191' title='bbox 1242 3068 1444 3155; x_wconf 89' lang='lat' dir='ltr'>aequalium·</span> 
     </span>
     <span class='ocr_line' id='line_1_25' title="bbox 217 3173 1444 3264; baseline 0.002 -25"><span class='ocrx_word' id='word_1_192' title='bbox 217 3196 282 3263; x_wconf 89' lang='lat' dir='ltr'>que</span> <span class='ocrx_word' id='word_1_193' title='bbox 318 3173 516 3261; x_wconf 86' lang='lat' dir='ltr'>temporibus</span> <span class='ocrx_word' id='word_1_194' title='bbox 558 3176 764 3242; x_wconf 90' lang='lat' dir='ltr'>conueniunt.</span> <span class='ocrx_word' id='word_1_195' title='bbox 839 3175 1045 3263; x_wconf 87' lang='lat' dir='ltr'>Quapropter</span> <span class='ocrx_word' id='word_1_196' title='bbox 1084 3180 1120 3243; x_wconf 94' lang='lat' dir='ltr'>in</span> <span class='ocrx_word' id='word_1_197' title='bbox 1153 3189 1244 3243; x_wconf 86' lang='lat' dir='ltr'>tanta</span> <span class='ocrx_word' id='word_1_198' title='bbox 1277 3178 1444 3264; x_wconf 89' lang='lat' dir='ltr'>utriusque</span> 
     </span>
     <span class='ocr_line' id='line_1_26' title="bbox 217 3282 1447 3371; baseline -0.001 -24"><span class='ocrx_word' id='word_1_199' title='bbox 217 3282 364 3347; x_wconf 89' lang='lat' dir='ltr'>nominis</span> <span class='ocrx_word' id='word_1_200' title='bbox 386 3282 588 3368; x_wconf 83' lang='lat' dir='ltr'>frequentia,</span> <span class='ocrx_word' id='word_1_201' title='bbox 617 3304 694 3347; x_wconf 91' lang='lat' dir='ltr'>nam</span> <span class='ocrx_word' id='word_1_202' title='bbox 725 3292 755 3345; x_wconf 94' lang='lat' dir='ltr'>et</span> <span class='ocrx_word' id='word_1_203' title='bbox 783 3282 959 3371; x_wconf 90' lang='lat' dir='ltr'>Nepotiani</span> <span class='ocrx_word' id='word_1_204' title='bbox 989 3298 1041 3350; x_wconf 89' lang='lat' dir='ltr'>sat</span> <span class='ocrx_word' id='word_1_205' title='bbox 1067 3286 1159 3350; x_wconf 91' lang='lat' dir='ltr'>multi</span> <span class='ocrx_word' id='word_1_206' title='bbox 1181 3285 1392 3365; x_wconf 82' lang='lat' dir='ltr'>nominantur</span> <span class='ocrx_word' id='word_1_207' title='bbox 1415 3292 1447 3347; x_wconf 90' lang='lat' dir='ltr'>et</span> 
     </span>
     <span class='ocr_line' id='line_1_27' title="bbox 218 3388 1280 3477; baseline 0.002 -25"><span class='ocrx_word' id='word_1_208' title='bbox 218 3388 389 3463; x_wconf 86' lang='lat' dir='ltr'>Victores,</span> <span class='ocrx_word' id='word_1_209' title='bbox 413 3410 475 3454; x_wconf 86' lang='lat' dir='ltr'>nos</span> <span class='ocrx_word' id='word_1_210' title='bbox 500 3388 633 3476; x_wconf 89' lang='lat' dir='ltr'>quidem</span> <span class='ocrx_word' id='word_1_211' title='bbox 656 3388 773 3454; x_wconf 88' lang='lat' dir='ltr'>talibus</span> <span class='ocrx_word' id='word_1_212' title='bbox 798 3393 1041 3477; x_wconf 89' lang='lat' dir='ltr'>suspicionibus</span> <span class='ocrx_word' id='word_1_213' title='bbox 1066 3390 1280 3457; x_wconf 87' lang='lat' dir='ltr'>abstinemus.</span> 
     </span>
    </p>

    <p class='ocr_par' dir='ltr' id='par_1_4' title="bbox 216 3496 1532 4551">
     <span class='ocr_line' id='line_1_28' title="bbox 309 3496 1445 3585; baseline 0 -26"><span class='ocrx_word' id='word_1_214' title='bbox 309 3496 421 3562; x_wconf 88' lang='lat' dir='ltr'>Media</span> <span class='ocrx_word' id='word_1_215' title='bbox 445 3508 553 3561; x_wconf 90' lang='lat' dir='ltr'>autem</span> <span class='ocrx_word' id='word_1_216' title='bbox 569 3509 675 3561; x_wconf 88' lang='lat' dir='ltr'>aetate</span> <span class='ocrx_word' id='word_1_217' title='bbox 692 3519 764 3562; x_wconf 89' lang='lat' dir='ltr'>cum</span> <span class='ocrx_word' id='word_1_218' title='bbox 784 3520 849 3562; x_wconf 92' lang='lat' dir='ltr'>uno</span> <span class='ocrx_word' id='word_1_219' title='bbox 868 3499 977 3585; x_wconf 89' lang='lat' dir='ltr'>aliquo</span> <span class='ocrx_word' id='word_1_220' title='bbox 994 3499 1153 3584; x_wconf 78' lang='lat' dir='ltr'>exemplo.</span> <span class='ocrx_word' id='word_1_221' title='bbox 1177 3497 1355 3584; x_wconf 90' lang='lat' dir='ltr'>quodiam</span> <span class='ocrx_word' id='word_1_222' title='bbox 1379 3516 1445 3559; x_wconf 93' lang='lat' dir='ltr'>non</span> 
     </span>
     <span class='ocr_line' id='line_1_29' title="bbox 217 3602 1445 3692; baseline -0.002 -23"><span class='ocrx_word' id='word_1_223' title='bbox 217 3616 317 3679; x_wconf 86' lang='lat' dir='ltr'>extat,</span> <span class='ocrx_word' id='word_1_224' title='bbox 341 3606 463 3669; x_wconf 86' lang='lat' dir='ltr'>seruati</span> <span class='ocrx_word' id='word_1_225' title='bbox 485 3603 612 3669; x_wconf 88' lang='lat' dir='ltr'>Valerii</span> <span class='ocrx_word' id='word_1_226' title='bbox 633 3603 706 3668; x_wconf 91' lang='lat' dir='ltr'>libri</span> <span class='ocrx_word' id='word_1_227' title='bbox 729 3604 949 3691; x_wconf 87' lang='lat' dir='ltr'>multiplicatis</span> <span class='ocrx_word' id='word_1_228' title='bbox 976 3606 1130 3692; x_wconf 90' lang='lat' dir='ltr'>paulatim</span> <span class='ocrx_word' id='word_1_229' title='bbox 1156 3602 1324 3667; x_wconf 88' lang='lat' dir='ltr'>codicibus</span> <span class='ocrx_word' id='word_1_230' title='bbox 1347 3602 1445 3667; x_wconf 88' lang='lat' dir='ltr'>latius</span> 
     </span>
     <span class='ocr_line' id='line_1_30' title="bbox 217 3710 1445 3798; baseline -0.002 -21"><span class='ocrx_word' id='word_1_231' title='bbox 217 3710 381 3798; x_wconf 86' lang='lat' dir='ltr'>diuulgati</span> <span class='ocrx_word' id='word_1_232' title='bbox 409 3722 537 3787; x_wconf 89' lang='lat' dir='ltr'>essent,</span> <span class='ocrx_word' id='word_1_233' title='bbox 572 3710 680 3777; x_wconf 90' lang='lat' dir='ltr'>denuo</span> <span class='ocrx_word' id='word_1_234' title='bbox 711 3710 834 3775; x_wconf 88' lang='lat' dir='ltr'>librarii</span> <span class='ocrx_word' id='word_1_235' title='bbox 869 3714 1029 3797; x_wconf 89' lang='lat' dir='ltr'>epitomas</span> <span class='ocrx_word' id='word_1_236' title='bbox 1066 3712 1227 3775; x_wconf 85' lang='lat' dir='ltr'>conficere</span> <span class='ocrx_word' id='word_1_237' title='bbox 1258 3720 1445 3796; x_wconf 87' lang='lat' dir='ltr'>coeperunt,</span> 
     </span>
     <span class='ocr_line' id='line_1_31' title="bbox 216 3808 1447 3907; baseline -0.004 -22"><span class='ocrx_word' id='word_1_238' title='bbox 216 3840 357 3907; x_wconf 86' lang='lat' dir='ltr'>quarum</span> <span class='ocrx_word' id='word_1_239' title='bbox 384 3817 475 3883; x_wconf 89' lang='lat' dir='ltr'>haud</span> <span class='ocrx_word' id='word_1_240' title='bbox 497 3808 619 3905; x_wconf 82' lang='lat' dir='ltr'>paruus</span> <span class='ocrx_word' id='word_1_241' title='bbox 644 3840 798 3883; x_wconf 88' lang='lat' dir='ltr'>numerus</span> <span class='ocrx_word' id='word_1_242' title='bbox 823 3817 987 3905; x_wconf 91' lang='lat' dir='ltr'>hodieque</span> <span class='ocrx_word' id='word_1_243' title='bbox 1010 3821 1045 3883; x_wconf 92' lang='lat' dir='ltr'>in</span> <span class='ocrx_word' id='word_1_244' title='bbox 1074 3817 1279 3882; x_wconf 90' lang='lat' dir='ltr'>bibliothecis</span> <span class='ocrx_word' id='word_1_245' title='bbox 1308 3815 1386 3882; x_wconf 84' lang='lat' dir='ltr'>latet</span> <span class='ocrx_word' id='word_1_246' title='bbox 1415 3827 1447 3880; x_wconf 91' lang='lat' dir='ltr'>et</span> 
     </span>
     <span class='ocr_line' id='line_1_32' title="bbox 218 3925 1445 4012; baseline 0 -21"><span class='ocrx_word' id='word_1_247' title='bbox 218 3946 362 4012; x_wconf 86' lang='lat' dir='ltr'>semper,</span> <span class='ocrx_word' id='word_1_248' title='bbox 386 3927 416 3989; x_wconf 90' lang='lat' dir='ltr'>si</span> <span class='ocrx_word' id='word_1_249' title='bbox 437 3946 563 4011; x_wconf 85' lang='lat' dir='ltr'>paucas</span> <span class='ocrx_word' id='word_1_250' title='bbox 588 3926 765 4011; x_wconf 86' lang='lat' dir='ltr'>exceperis,</span> <span class='ocrx_word' id='word_1_251' title='bbox 794 3927 866 3990; x_wconf 89' lang='lat' dir='ltr'>sine</span> <span class='ocrx_word' id='word_1_252' title='bbox 895 3925 958 3991; x_wconf 90' lang='lat' dir='ltr'>ullo</span> <span class='ocrx_word' id='word_1_253' title='bbox 981 3926 1158 3992; x_wconf 88' lang='lat' dir='ltr'>litterarum</span> <span class='ocrx_word' id='word_1_254' title='bbox 1182 3925 1374 3989; x_wconf 88' lang='lat' dir='ltr'>detrimento</span> <span class='ocrx_word' id='word_1_255' title='bbox 1397 3925 1445 3991; x_wconf 89' lang='lat' dir='ltr'>la-</span> 
     </span>
     <span class='ocr_line' id='line_1_33' title="bbox 219 4030 1446 4120; baseline 0 -23"><span class='ocrx_word' id='word_1_256' title='bbox 219 4034 307 4097; x_wconf 88' lang='lat' dir='ltr'>tehit.</span> <span class='ocrx_word' id='word_1_257' title='bbox 359 4030 516 4097; x_wconf 77' lang='lat' dir='ltr'>Fortasse</span> <span class='ocrx_word' id='word_1_258' title='bbox 545 4034 579 4097; x_wconf 93' lang='lat' dir='ltr'>in</span> <span class='ocrx_word' id='word_1_259' title='bbox 611 4054 721 4098; x_wconf 91' lang='lat' dir='ltr'>earum</span> <span class='ocrx_word' id='word_1_260' title='bbox 757 4056 840 4119; x_wconf 89' lang='lat' dir='ltr'>quas</span> <span class='ocrx_word' id='word_1_261' title='bbox 870 4032 1080 4120; x_wconf 87' lang='lat' dir='ltr'>excipiendas</span> <span class='ocrx_word' id='word_1_262' title='bbox 1110 4056 1186 4098; x_wconf 92' lang='lat' dir='ltr'>esse</span> <span class='ocrx_word' id='word_1_263' title='bbox 1215 4032 1282 4097; x_wconf 83' lang='lat' dir='ltr'>dixi</span> <span class='ocrx_word' id='word_1_264' title='bbox 1309 4054 1446 4109; x_wconf 71' lang='lat' dir='ltr'>numero</span> 
     </span>
     <span class='ocr_line' id='line_1_34' title="bbox 216 4140 1532 4228; baseline 0 -23"><span class='ocrx_word' id='word_1_265' title='bbox 216 4140 427 4205; x_wconf 86' lang='lat' dir='ltr'>referendum</span> <span class='ocrx_word' id='word_1_266' title='bbox 452 4141 511 4204; x_wconf 90' lang='lat' dir='ltr'>erit</span> <span class='ocrx_word' id='word_1_267' title='bbox 523 4140 753 4225; x_wconf 89' lang='lat' dir='ltr'>compendium</span> <span class='ocrx_word' id='word_1_268' title='bbox 778 4140 954 4228; x_wconf 87' lang='lat' dir='ltr'>quoddam,</span> <span class='ocrx_word' id='word_1_269' title='bbox 978 4141 1019 4204; x_wconf 92' lang='lat' dir='ltr'>de</span> <span class='ocrx_word' id='word_1_270' title='bbox 1033 4163 1097 4228; x_wconf 90' lang='lat' dir='ltr'>quo</span> <span class='ocrx_word' id='word_1_271' title='bbox 1116 4152 1248 4205; x_wconf 85' lang='lat' dir='ltr'>semato</span> <span class='ocrx_word' id='word_1_272' title='bbox 1264 4140 1299 4203; x_wconf 92' lang='lat' dir='ltr'>in</span> <span class='ocrx_word' id='word_1_273' title='bbox 1317 4140 1445 4205; x_wconf 85' lang='lat' dir='ltr'>duobus</span> <span class='ocrx_word' id='word_1_274' title='bbox 1525 4204 1532 4217; x_wconf 75' lang='grc'><strong>,</strong></span> 
     </span>
     <span class='ocr_line' id='line_1_35' title="bbox 217 4246 1447 4333; baseline -0.005 -18"><span class='ocrx_word' id='word_1_275' title='bbox 217 4248 407 4323; x_wconf 77' lang='lat' dir='ltr'>codicibuS,</span> <span class='ocrx_word' id='word_1_276' title='bbox 437 4246 594 4313; x_wconf 89' lang='lat' dir='ltr'>Thuaneo</span> <span class='ocrx_word' id='word_1_277' title='bbox 618 4247 731 4333; x_wconf 85' lang='lat' dir='ltr'>regiae</span> <span class='ocrx_word' id='word_1_278' title='bbox 759 4247 976 4314; x_wconf 87' lang='lat' dir='ltr'>bibliothecae</span> <span class='ocrx_word' id='word_1_279' title='bbox 1004 4246 1205 4313; x_wconf 86' lang='lat' dir='ltr'>Parisiensis</span> <span class='ocrx_word' id='word_1_280' title='bbox 1237 4269 1269 4314; x_wconf 93' lang='lat' dir='ltr'>n.</span> <span class='ocrx_word' id='word_1_281' title='bbox 1298 4246 1387 4313; x_wconf 82' lang='lat'>4952</span> <span class='ocrx_word' id='word_1_282' title='bbox 1415 4256 1447 4310; x_wconf 91' lang='lat' dir='ltr'>et</span> 
     </span>
     <span class='ocr_line' id='line_1_36' title="bbox 217 4354 1516 4443; baseline -0.002 -24"><span class='ocrx_word' id='word_1_283' title='bbox 217 4356 385 4421; x_wconf 82' lang='lat' dir='ltr'>Vaticano</span> <span class='ocrx_word' id='word_1_284' title='bbox 397 4378 430 4421; x_wconf 90' lang='lat' dir='ltr'>n.</span> <span class='ocrx_word' id='word_1_285' title='bbox 443 4356 540 4431; x_wconf 81' lang='lat'><strong>3307,</strong></span> <span class='ocrx_word' id='word_1_286' title='bbox 565 4374 639 4419; x_wconf 88' lang='lat' dir='ltr'>cum</span> <span class='ocrx_word' id='word_1_287' title='bbox 651 4374 704 4417; x_wconf 92' lang='lat' dir='ltr'>me</span> <span class='ocrx_word' id='word_1_288' title='bbox 720 4356 834 4419; x_wconf 90' lang='lat' dir='ltr'>notitia</span> <span class='ocrx_word' id='word_1_289' title='bbox 845 4356 1029 4443; x_wconf 85' lang='lat' dir='ltr'>effugisset,</span> <span class='ocrx_word' id='word_1_290' title='bbox 1053 4356 1098 4419; x_wconf 88' lang='grc' dir='ltr'>Μ.</span> <span class='ocrx_word' id='word_1_291' title='bbox 1111 4354 1261 4420; x_wconf 88' lang='lat' dir='ltr'>llertzius</span> <span class='ocrx_word' id='word_1_292' title='bbox 1274 4356 1447 4418; x_wconf 84' lang='lat' dir='ltr'>certiorem</span> <span class='ocrx_word' id='word_1_293' title='bbox 1513 4374 1516 4380; x_wconf 92' lang='grc'><em>·</em></span> 
     </span>
     <span class='ocr_line' id='line_1_37' title="bbox 216 4458 1445 4551; baseline -0.008 -20"><span class='ocrx_word' id='word_1_294' title='bbox 216 4486 271 4531; x_wconf 90' lang='lat' dir='ltr'>me</span> <span class='ocrx_word' id='word_1_295' title='bbox 295 4462 419 4545; x_wconf 85' lang='lat' dir='ltr'>fecit¹).</span> <span class='ocrx_word' id='word_1_296' title='bbox 471 4462 634 4531; x_wconf 84' lang='lat' dir='ltr'>Exhibent</span> <span class='ocrx_word' id='word_1_297' title='bbox 665 4472 772 4527; x_wconf 89' lang='lat' dir='ltr'>autem</span> <span class='ocrx_word' id='word_1_298' title='bbox 800 4460 835 4525; x_wconf 90' lang='lat' dir='ltr'>hi</span> <span class='ocrx_word' id='word_1_299' title='bbox 864 4462 995 4529; x_wconf 87' lang='lat' dir='ltr'>codices</span> <span class='ocrx_word' id='word_1_300' title='bbox 1020 4460 1244 4551; x_wconf 82' lang='lat' dir='ltr'>anthologiam</span> <span class='ocrx_word' id='word_1_301' title='bbox 1279 4458 1445 4549; x_wconf 87' lang='lat' dir='ltr'>quandam</span> 
     </span>
    </p>
   </div>
   <div class='ocr_carea' id='block_1_3' title="bbox 216 4654 1448 4872">
    <p class='ocr_par' dir='ltr' id='par_1_5' title="bbox 216 4654 1448 4872">
     <span class='ocr_line' id='line_1_38' title="bbox 289 4654 1446 4727; baseline -0.008 -13"><span class='ocrx_word' id='word_1_302' title='bbox 289 4662 311 4727; x_wconf 76' lang='lat'>¹)</span> <span class='ocrx_word' id='word_1_303' title='bbox 331 4664 396 4715; x_wconf 80' lang='lat' dir='ltr'>Cod.</span> <span class='ocrx_word' id='word_1_304' title='bbox 414 4663 459 4713; x_wconf 84' lang='lat' dir='ltr'>ille</span> <span class='ocrx_word' id='word_1_305' title='bbox 477 4661 623 4713; x_wconf 81' lang='lat' dir='ltr'>Thcsneus</span> <span class='ocrx_word' id='word_1_306' title='bbox 641 4678 666 4715; x_wconf 92' lang='lat' dir='ltr'>n.</span> <span class='ocrx_word' id='word_1_307' title='bbox 686 4657 764 4721; x_wconf 75' lang='lat' dir='ltr'>taos,</span> <span class='ocrx_word' id='word_1_308' title='bbox 784 4663 847 4713; x_wconf 85' lang='lat' dir='ltr'>oiim</span> <span class='ocrx_word' id='word_1_309' title='bbox 866 4663 1033 4713; x_wconf 79' lang='lat' dir='ltr'>colbertinus</span> <span class='ocrx_word' id='word_1_310' title='bbox 1052 4654 1130 4718; x_wconf 80' lang='lat' dir='ltr'>titt,</span> <span class='ocrx_word' id='word_1_311' title='bbox 1150 4672 1222 4710; x_wconf 78' lang='lat' dir='ltr'>esee.</span> <span class='ocrx_word' id='word_1_312' title='bbox 1242 4656 1300 4713; x_wconf 85' lang='lat' dir='ltr'>XII,</span> <span class='ocrx_word' id='word_1_313' title='bbox 1312 4654 1446 4705; x_wconf 76' lang='lat' dir='ltr'>membra·</span> 
     </span>
     <span class='ocr_line' id='line_1_39' title="bbox 216 4728 1448 4800; baseline -0.007 -13"><span class='ocrx_word' id='word_1_314' title='bbox 216 4749 322 4787; x_wconf 78' lang='lat' dir='ltr'>necess</span> <span class='ocrx_word' id='word_1_315' title='bbox 341 4735 428 4785; x_wconf 77' lang='lat' dir='ltr'>forme</span> <span class='ocrx_word' id='word_1_316' title='bbox 446 4737 624 4800; x_wconf 80' lang='lat' dir='ltr'>quaternaria,</span> <span class='ocrx_word' id='word_1_317' title='bbox 645 4734 760 4785; x_wconf 87' lang='lat' dir='ltr'>continet</span> <span class='ocrx_word' id='word_1_318' title='bbox 776 4735 871 4785; x_wconf 87' lang='lat' dir='ltr'>iustini</span> <span class='ocrx_word' id='word_1_319' title='bbox 889 4735 1032 4792; x_wconf 77' lang='lat' dir='ltr'>hlstories,</span> <span class='ocrx_word' id='word_1_320' title='bbox 1055 4732 1112 4781; x_wconf 82' lang='lat' dir='ltr'>turn</span> <span class='ocrx_word' id='word_1_321' title='bbox 1130 4730 1260 4795; x_wconf 80' lang='lat' dir='ltr'>epistulas</span> <span class='ocrx_word' id='word_1_322' title='bbox 1279 4728 1347 4776; x_wconf 76' lang='lat' dir='ltr'>dues</span> <span class='ocrx_word' id='word_1_323' title='bbox 1364 4728 1448 4778; x_wconf 79' lang='lat' dir='ltr'>medii</span> 
     </span>
     <span class='ocr_line' id='line_1_40' title="bbox 217 4794 1448 4872; baseline -0.006 -12"><span class='ocrx_word' id='word_1_324' title='bbox 217 4810 296 4867; x_wconf 72' lang='lat' dir='ltr'>seui,</span> <span class='ocrx_word' id='word_1_325' title='bbox 323 4808 379 4857; x_wconf 87' lang='lat' dir='ltr'>tum</span> <span class='ocrx_word' id='word_1_326' title='bbox 403 4806 532 4857; x_wconf 79' lang='lat' dir='ltr'>Prisciani</span> <span class='ocrx_word' id='word_1_327' title='bbox 555 4806 831 4872; x_wconf 73' lang='lat' dir='ltr'>praeexercitamente</span> <span class='ocrx_word' id='word_1_328' title='bbox 848 4807 1011 4865; x_wconf 79' lang='lat' dir='ltr'>rhetoricae,</span> <span class='ocrx_word' id='word_1_329' title='bbox 1036 4803 1131 4855; x_wconf 79' lang='lat' dir='ltr'>deinde</span> <span class='ocrx_word' id='word_1_330' title='bbox 1149 4796 1193 4852; x_wconf 80' lang='lat' dir='ltr'>Ee</span> <span class='ocrx_word' id='word_1_331' title='bbox 1209 4795 1324 4853; x_wconf 74' lang='lat' dir='ltr'>Macimi</span> <span class='ocrx_word' id='word_1_332' title='bbox 1344 4794 1448 4852; x_wconf 73' lang='lat' dir='ltr'>Valerii</span> 
     </span>
    </p>
   </div>
   <div class='ocr_carea' id='block_1_4' title="bbox 0 0 1710 5400">
    <p class='ocr_par' dir='ltr' id='par_1_6' title="bbox 0 0 1710 5400">
     <span class='ocr_line' id='line_1_41' title="bbox 0 0 1710 5400; baseline 0 0"><span class='ocrx_word' id='word_1_333' title='bbox 0 0 1710 5400; x_wconf 95' lang='lat' dir='ltr'> </span> 
     </span>
    </p>
   </div>
  </div>
 </body>
</html>
