3409 5400
453 576 536 642 LlB.
559 577 617 654 lx,
641 577 678 642 0.
704 579 756 653 15,
778 585 808 654 i.
833 577 992 645 2—lei.
1017 589 1045 655 s.
1071 583 1101 646 1.
1327 582 1392 649 ise

257 733 359 800 Multo
381 737 498 802 fortius
521 736 584 812 ille,
608 737 664 825 qui
687 736 838 802 Cornelio
863 737 955 824 Sylla
975 759 1085 803 rerum
1108 739 1248 824 potiente
1275 740 1311 804 in
1333 741 1391 806 do·
1402 741 1433 807 5.

168 861 259 904 mum
288 841 348 906 On.
372 849 392 918 τ
414 842 604 908 Assidionis
633 845 754 929 inrupit
782 843 948 931 filiumque
977 846 1048 910 eius
1077 845 1191 932 patriis
1218 845 1391 932 penatibus

97 961 106 1002 i
169 945 300 1032 expulit,
323 949 535 1014 uociferando
559 971 625 1014 non
647 949 738 1014 illum
761 949 821 1014 sed
844 971 882 1015 se
905 950 1120 1026 idssidione
1144 971 1220 1017 esse
1239 973 1392 1038 procrea·

98 1073 103 1112 ε
170 1065 247 1119 turn.
294 1051 419 1120 Verum
442 1068 619 1144 postquam
640 1079 661 1122 a
676 1055 813 1142 Syllana
835 1055 992 1122 uiolentia
1016 1057 1220 1124 Caesariana
1242 1059 1393 1145 aequitas

98 1191 100 1222 i
139 1169 189 1236 s†
212 1159 349 1236 reduxit,
373 1161 596 1249 gubernacula
610 1163 754 1228 Romani
768 1164 897 1250 imperii
910 1165 1043 1229 iustiore
1066 1166 1212 1252 principe
1228 1164 1393 1230 obtinente

97 1289 106 1330 r
169 1266 204 1330 in
226 1266 357 1352 publica
380 1268 531 1334 custodia
554 1269 701 1353 spiritum
724 1269 843 1355 posuit.

257 1371 384 1439 Eodem
406 1373 559 1462 praeside
582 1375 631 1439 rei
645 1373 795 1460 publicae
810 1376 845 1440 in
862 1378 1025 1442 consimili
1035 1378 1210 1444 mendacio
1224 1377 1392 1447 muliebris
1400 1375 1473 1444 Eat
1495 1375 1526 1444 1.

170 1483 334 1568 temeritas
363 1480 543 1546 Mediolani
569 1501 725 1567 repressa
752 1492 812 1546 est.
865 1482 1035 1570 Siquidem
1065 1505 1140 1550 cum
1168 1508 1205 1549 se
1233 1508 1293 1572 pro
1323 1485 1391 1550 Ru-

98 1619 105 1658 i
168 1590 241 1654 bria
264 1587 438 1675 quaedam,
461 1586 597 1673 perinde
627 1609 665 1650 ac
695 1585 780 1653 falso
809 1587 933 1654 eredita
960 1600 1050 1654 esset
1077 1591 1230 1656 incendio
1252 1593 1392 1677 perisse,

98 1695 252 1762 :tunihil
280 1695 322 1760 ed
352 1716 389 1759 se
418 1693 653 1780 pertinentibus
682 1693 780 1760 bonis
806 1694 968 1759 insereret
992 1717 1099 1783 neque
1128 1699 1158 1763 ei
1187 1708 1243 1763 aut
1270 1707 1392 1763 tractus

97 1837 103 1878 2
171 1803 240 1865 eius
264 1800 426 1888 splendidi
447 1810 547 1866 testes
571 1810 625 1868 aut
648 1799 791 1866 cohortis
814 1800 958 1890 Augusti
980 1803 1074 1870 fauor
1096 1803 1238 1882 deesset,
1260 1815 1394 1893 propter

170 1907 458 1996 inexpugnabilem
475 1907 628 1974 Caesaris
646 1909 863 1974 constantiam
878 1908 975 1974 inrita
995 1910 1112 1976 nefarii
1125 1911 1288 1998 propositi
1304 1909 1391 1976 abiit.

98 2055 102 2096 l
176 2083 197 2136 1.
217 2085 322 2151 ior[tius
341 2113 375 2123 —
395 2085 450 2152 qui]
471 2082 502 2139 A.
521 2080 534 2154 ss
555 2085 654 2154 rerum]
673 2089 729 2148 Π,
747 2087 778 2141 A.
802 2103 831 2139 re
856 2088 964 2152 publica
985 2084 1047 2140 DE
1070 2094 1096 2140 et
1113 2084 1141 2141 in
1158 2104 1256 2142 rasura
1275 2085 1306 2144 C·
1320 2086 1337 2157 ΙΙ
1347 2090 1393 2141 do·

173 2153 254 2226 ndum
273 2179 306 2192 -
326 2152 376 2220 (2.)
396 2157 558 2224 Assidinlnts
576 2155 607 2208 A.
623 2153 674 2226 [12.
694 2175 721 2227 g.
732 2159 886 2228 ‘assidionis
903 2154 961 2216 (sed
979 2159 1090 2210 sidionis
1108 2158 1137 2210 in
1154 2166 1262 2220 rouro)
1281 2157 1311 2212 0.
1329 2161 1394 2228 gnei

98 2273 102 2312 i
174 2221 252 2276 blond
269 2223 306 2312 D.
330 2243 371 2278 cu.
395 2228 524 2278 nsidionis
543 2225 578 2281 E.
603 2230 649 2280 Cn.
673 2229 765 2279 Asiani
788 2230 879 2280 Bionis
902 2226 965 2281 Por.
989 2231 1035 2281 Cn.
1054 2229 1140 2280 Asinii
1161 2231 1256 2281 Dionis
1276 2226 1353 2281 Turr.
1367 2229 1382 2296 ΙΙ

172 2293 198 2348 2.
217 2299 301 2360 patris
322 2293 376 2349 cD
383 2295 418 2352 E.
431 2297 444 2365 ΙΙ
457 2295 619 2366 [penatibus]
638 2295 668 2349 A.
681 2298 694 2366 ΙΙ
705 2293 731 2350 3.
751 2295 940 2379 [uociierlando
958 2296 990 2351 A.
1008 2296 1022 2365 ΙΙ
1039 2298 1099 2368 se[d
1116 2315 1149 2350 se
1166 2298 1316 2364 Assidiolni
1335 2297 1396 2363 (sed

99 2381 103 2389 ’
173 2369 315 2490 letti?
329 2367 550 2508 diffidit-iil
567 2367 942 2509 “tiliittl'tii''i.⁸t⁶l‘
960 2366 1396 2506 tt'ht‘it'i·„¹‘it¹²ti·'..t⁸‘·

98 2491 100 2532 ⁵
173 2505 236 2561 odd.
255 2525 311 2560 rem
335 2511 469 2574 publicam
490 2457 577 2571 DE?
589 2525 658 2564 corr.
676 2508 715 2569 A,
738 2526 828 2580 scarpo
855 2509 877 2563 C
899 2516 925 2562 et
939 2455 1016 2561 ἀπὶεγ
1026 2476 1161 2562 obtinente
1182 2507 1259 2562 Turr.
1275 2509 1289 2578 ΙΙ
1306 2507 1330 2561 l.
1355 2439 1422 2576 l*

98 2601 101 2638 ρ
173 2578 315 2645 eonlsirniii
333 2578 364 2633 A.
376 2578 390 2649 ΙΙ
402 2579 426 2633 8.
446 2581 499 2648 est}
520 2586 547 2633 et
563 2578 600 2634 D.
617 2579 631 2649 ΙΙ
648 2581 796 2648 Siquidem
813 2597 873 2632 cum
892 2580 933 2648 se]
953 2579 984 2655 A,
1001 2580 1015 2649 ΙΙ
1031 2577 1056 2633 ll.
1076 2577 1217 2650 quasdam]
1236 2595 1307 2644 quae
1325 2581 1396 2630 dicta

98 2712 100 2739 Ι
171 2649 210 2704 D.
230 2647 242 2719 ΙΙ
260 2649 383 2717 periinde
402 2666 434 2703 ac
452 2652 535 2738 laiso]
553 2650 586 2705 A.
602 2647 615 2721 ΙΙ
632 2651 765 2719 in[cendio
784 2679 818 2690 -
837 2650 906 2721 (li.)
931 2650 1179 2722 inexpluguabiiem
1202 2649 1235 2705 A.
1251 2649 1266 2720 ΙΙ
1285 2648 1396 2707 lilaea

98 2740 102 2753 ·
170 2720 303 2785 (sirm.
314 2720 329 2790 ΙΙ
342 2717 384 2777 ll.
402 2724 480 2775 testis
498 2720 535 2776 D.

245 2879 270 2935 u.
300 2880 346 2935 On.
369 2885 385 2947 †
409 2881 569 2940 Assidiom'st
596 2882 714 2950 Apparet
738 2886 913 2952 archetypum
938 2886 1056 2937 codicem
1080 2886 1142 2935 oiim
1166 2884 1323 2937 exhibuisse
1348 2881 1395 2937 cn

172 2950 324 3006 desidiosis
341 2952 535 3007 autAsidionis
552 2957 580 3007 et
597 2958 677 3021 paulo
695 2959 758 3023 post
769 2954 918 3015 desidiose.
939 2956 1137 3024 undePtghius.
1157 2971 1237 3022 qnam
1249 2958 1396 3019 sequuntur

98 3084 99 3097 ἵ
171 3028 336 3077 recentiores
360 3028 529 3094 grammatici
551 3042 568 3079 e
591 3028 682 3079 codice
705 3028 879 3080 Atrebatensi
904 3025 949 3081 tn
974 3024 1063 3078 Asinii
1078 3023 1177 3078 Dionia
1199 3028 1297 3093 posuit.
1342 3026 1396 3078 Sed

98 3100 101 3165 3
171 3098 219 3147 uix
237 3098 393 3148 crediderim
405 3096 497 3149 Sullae
509 3099 673 3162 temporibus
684 3098 778 3151 Dionis
791 3114 940 3168 cognomen
956 3101 1026 3163 apud
1038 3098 1174 3149 Romanos
1192 3100 1219 3149 in
1236 3112 1288 3149 usu
1301 3098 1396 3151 iciam.

99 3168 100 3173 ’
173 3168 327 3218 Perizonius
351 3170 378 3218 et
399 3169 459 3232 ipse
481 3170 621 3219 haesitans
650 3170 793 3238 tegendum
818 3185 883 3221 esse
911 3170 1022 3221 coniecit
1051 3166 1097 3222 Cn.
1120 3166 1262 3222 Asellionis
1283 3169 1328 3220 uei
1351 3165 1396 3220 Cis.

98 3238 102 3281 ἐ
173 3234 551 3303 AsiniiDenontswscn.
570 3239 676 3291 adelti.
695 3240 732 3298 V.
756 3236 805 3299 20,
829 3238 874 3306 4),
900 3256 969 3305 quae
992 3242 1084 3290 tamen
1107 3240 1185 3289 nimis
1203 3240 1343 3289 discedunt
1360 3241 1397 3287 ab

98 3306 100 3351 ἶ
174 3310 218 3365 iis.
238 3321 307 3371 quae
326 3306 430 3357 Paridis
454 3309 653 3373 compendium,
677 3308 740 3359 item
759 3314 910 3373 corruptum
929 3311 982 3359 hnc
1004 3312 1077 3367 loeo,
1101 3309 1210 3360 tradidit
1233 3306 1280 3361 (hs.
1302 3306 1398 3359 Asiani

174 3375 277 3429 Bionis.
312 3376 442 3442 liquidem
461 3379 572 3441 duplicis
592 3379 708 3429 uulneris
727 3380 886 3429 medicinam
905 3379 1004 3430 nullam
1023 3381 1138 3443 repperi.

98 3490 99 3509 .
250 3446 414 3500 Caesariano
431 3446 550 3515 aequitas
567 3450 583 3512 †
601 3444 719 3508 redusit,
736 3445 924 3513 pubernacalo)
947 3447 1131 3501 momento
1153 3450 1271 3514 pendere
1294 3451 1330 3500 ab
1351 3445 1397 3499 od·

98 3528 100 3539 ’
176 3517 280 3579 tinette.
300 3534 353 3569 non
370 3536 389 3570 a
399 3516 507 3570 redusit
523 3519 602 3569 saciie
615 3520 658 3569 cst
670 3520 812 3579 intellectu,
832 3534 891 3569 cum
904 3520 978 3569 nuiia
996 3532 1081 3569 caasa
1098 3521 1134 3569 sit
1151 3535 1198 3570 cur
1213 3522 1399 3587 guberuaeuia

98 3596 100 3611 ³
175 3591 265 3655 potius
285 3591 375 3641 reduci
394 3591 515 3641 dicantur
532 3604 613 3653 quam
632 3591 668 3648 id.
688 3590 757 3655 quod
776 3591 803 3639 in
821 3590 874 3639 hac
898 3590 1073 3641 translatione
1091 3590 1178 3655 ipsius
1197 3592 1274 3641 nauis
1293 3605 1311 3640 a
1328 3592 1397 3655 peri·

98 3692 99 3697 =
175 3662 243 3713 tiore
261 3662 440 3731 gubernatore
459 3662 560 3713 seruati
577 3661 663 3711 uicem
682 3662 801 3711 obtinere
820 3661 907 3713 debet.
943 3662 1036 3726 itaque
1048 3676 1109 3711 eum
1123 3661 1251 3712 exciderit
1263 3661 1399 3712 obiectum

177 3738 270 3797 aptum
287 3748 305 3783 a
322 3732 465 3784 reducendi
484 3735 581 3791 uerbo,
605 3732 677 3783 maie
701 3732 726 3781 in
744 3732 862 3800 uolgatis
886 3732 1016 3796 exemplis
1040 3736 1102 3783 aute
1121 3728 1250 3784 obtinente
1267 3734 1398 3782 intrusum

176 3807 220 3854 est
238 3816 292 3855 resa
307 3800 450 3871 medeam,
469 3804 615 3856 coniunctis
633 3803 702 3854 inter
721 3816 752 3853 se
770 3799 877 3856 redusit
890 3799 1081 3869 palmaceis,
1104 3804 1175 3865 quod
1193 3803 1295 3866 prirnus
1312 3805 1398 3867 teum·

175 3876 245 3925 teuit
262 3878 396 3926 corrector
413 3876 473 3925 iibri
490 3875 646 3928 Bernsnsis.
683 3874 763 3925 Peius
787 3876 868 3925 etiam
893 3874 994 3924 Gudins
1018 3869 1147 3924 obtinente
1168 3875 1281 3925 mutauit
1303 3876 1331 3925 in
1351 3870 1397 3925 ob·

175 3944 274 3998 adeste
297 3946 383 3998 deleto
406 3942 628 4013 rempublicam,
656 3946 793 4008 tamquam
817 3946 912 3996 iustior
935 3946 1060 4009 princeps
1083 3945 1233 3996 obstitisset
1256 3947 1397 4011 quominus

175 4018 360 4087 gubernacula
383 4016 486 4082 imperii
508 4016 621 4067 Romani
644 4032 662 4067 a
685 4016 799 4083 &ilaus
822 4016 949 4067 uiolentia
971 4017 1159 4067 reducerentur
1181 4018 1227 4067 aut
1256 4018 1398 4080 quominus

175 4088 222 4139 iiie
246 4089 272 4139 in
294 4089 402 4153 publica
425 4088 548 4139 custodia
572 4088 693 4151 spiritum
717 4092 837 4151 poneret.
882 4088 1011 4149 Equidem
1035 4104 1060 4140 u.
1079 4084 1292 4153 rempublicam,
1316 4102 1399 4150 qnam

177 4159 306 4227 uulgatae
330 4160 459 4211 editiones
484 4160 554 4209 isiso
577 4160 661 4209 uerbo
684 4158 889 4213 subiunxerunt.
918 4161 981 4208 ante
1004 4154 1109 4209 redusit
1132 4160 1310 4225 supplendum
1334 4170 1399 4208 esse

98 4258 99 4261 =
176 4231 309 4293 suspicor,
328 4246 379 4297 quo
397 4232 457 4281 loeo
476 4232 539 4281 aute
548 4244 642 4281 uocem
659 4230 755 4281 iisdem
768 4229 861 4279 litteris
873 4229 1041 4292 incipientem
1054 4230 1132 4280 tacite
1141 4232 1264 4281 excidere
1282 4227 1397 4292 poterat.

98 4324 99 4357 t
176 4302 208 4353 Pi
231 4300 291 4351 hius
309 4302 374 4351 miro
394 4302 420 4352 et
438 4301 555 4351 inaudito
573 4301 707 4351 reincendi
726 4300 877 4369 significatu
899 4300 1041 4368 legendnm
1063 4304 1241 4365 proposuerat
1259 4302 1399 4365 postqm

179 4386 196 4422 a
250 4368 321 4422 ὶίαπα
339 4368 464 4422 uiolentia
482 4368 645 4423 Caesariano
663 4368 781 4438 nequitus
798 4367 904 4425 reiecit,
922 4368 1099 4436 pedonensis
1117 4374 1168 4423 ete.

249 4442 310 4495 Eat.
330 4439 353 4494 l.
377 4441 492 4495 cohortis
508 4440 628 4510 Aspustil
650 4444 782 4510 Perquam
799 4443 972 4507 probabiliter
991 4443 1146 4493 Perizonius
1164 4457 1224 4491 curn
1242 4440 1334 4490 codiee
1350 4440 1399 4489 co·

98 4538 99 4551 .
177 4514 291 4580 pesiano
309 4514 452 4581 legendum
472 4528 535 4566 esse
554 4516 666 4565 comesti
683 4511 799 4565 eoiorta's
815 4510 965 4580 Aspiciam
982 4528 1068 4578 neque
1086 4512 1157 4562 enim
1175 4512 1317 4563 conuenire
1335 4524 1400 4561 eun·

178 4587 239 4637 dem
264 4586 307 4635 hie
326 4586 490 4653 Augustum,
515 4587 601 4637 altera
621 4586 694 4635 linea
716 4586 862 4636 Caesarem
885 4585 1030 4649 appellari.
1053 4583 1172 4644 citatque
1192 4582 1315 4633 adieetim
1339 4582 1400 4631 eins

176 4658 287 4722 praeter
303 4656 388 4706 muita
405 4657 460 4709 alia
478 4656 602 4721 exempla
618 4656 689 4707 haec
706 4656 852 4708 Valeriana
868 4656 908 4716 11,
926 4652 952 4713 8.
972 4652 987 4703 i
1007 4655 1034 4704 et
1051 4653 1124 4711 vlu,
1149 4649 1191 4712 15,
1209 4654 1264 4704 init.
1281 4650 1401 4718 Aspasia

178 4724 278 4787 domus,
297 4728 341 4787 Vi,
363 4723 386 4786 i,
403 4728 459 4781 init.
477 4725 608 4794 sopato
620 4730 739 4795 penates.
776 4732 852 4789 Quae
870 4725 1034 4781 emendatio.
1053 4723 1159 4774 etiamsi
1177 4725 1257 4775 ualde
1274 4724 1338 4774 mihi
1357 4738 1400 4775 ar·

177 4800 255 4861 ridet,
274 4798 427 4865 recipienda
444 4814 498 4853 nou
515 4800 664 4865 uidebatur,
683 4814 743 4853 cum
761 4812 832 4863 quae
848 4798 925 4849 libris
943 4794 1131 4861 manuscriptis
1153 4796 1291 4847 traduntur
1309 4795 1401 4847 deien-

1145 4882 1214 4950 47·
