3409 5400
336 500 380 568 68

336 662 420 738 353;
444 662 522 727 ibid.
545 669 575 740 ς.
592 661 634 726 27
660 661 793 747 Clipeae
817 671 848 725 et
867 661 1041 727 Strabonis
1064 663 1406 727 commemorationem
1425 662 1531 728 ePlieii

335 767 398 834 VII
420 767 454 834 h.
478 792 510 834 n.
534 769 588 834 21.
634 768 731 834 Noua
753 768 855 835 habet
876 767 1080 855 Nepotianus
1105 792 1190 856 quae
1212 772 1395 837 referuntur
1418 795 1444 835 c.
1466 771 1530 843 XV,

334 879 535 952 arrhene,
559 901 587 942 c.
611 875 701 952 XXI,
726 877 757 951 3,
781 900 812 963 p.
840 878 914 943 115.
938 888 1011 940 cett.
1064 875 1243 944 Praeterea
1264 880 1368 945 codex
1389 879 1435 944 ille
1454 878 1532 946 Vati·

335 1009 437 1053 canus
450 991 485 1069 ¹),
521 986 577 1073 qui
611 1006 696 1048 unes
731 983 794 1048 hec
831 985 1052 1072 fragmentum
1083 984 1178 1050 nobis
1210 989 1373 1062 seruauit,
1407 998 1534 1074 quartum

334 1094 498 1159 decimum
526 1092 694 1158 saeculum
726 1101 832 1156 aetate
869 1114 936 1158 non
973 1092 1135 1157 excedens
1164 1103 1244 1159 teste
1274 1094 1402 1160 Blnmie
1433 1096 1534 1176 (itiner.

332 1201 435 1267 Italic.
459 1199 519 1274 ΠΙ,
543 1222 575 1285 p.
600 1201 674 1278 97),
699 1199 760 1264 sed
784 1221 823 1264 ex
846 1201 1076 1286 antiquissime
1101 1201 1244 1288 quedam
1266 1201 1349 1267 libre
1371 1201 1448 1267 lectu
1472 1225 1536 1289 per·

335 1329 434 1394 quam
458 1307 581 1372 difficili
605 1307 798 1393 descriptus,
822 1308 1002 1372 innumeris
1027 1318 1132 1371 scatet
1152 1306 1277 1373 librarii
1307 1310 1446 1385 mendis,
1472 1333 1538 1375 sae·

333 1416 471 1502 pissime
494 1425 561 1480 tam
583 1412 724 1500 illepidis
750 1424 781 1478 et
802 1414 966 1504 impeditis
990 1427 1025 1478 ut
1048 1437 1166 1480 -ueram
1190 1418 1386 1503 scripturam
1413 1438 1449 1481 ne
1470 1440 1540 1481 cen·

333 1523 458 1587 iectura
480 1521 611 1608 quidem
634 1521 795 1610 indagare
818 1522 1015 1607 permittant.
1065 1521 1140 1602 Quo
1168 1525 1278 1610 magis
1310 1523 1476 1589 delendum
1497 1537 1543 1588 est

294 1643 298 1650 '
336 1630 439 1717 quod,
463 1651 537 1694 eum
565 1628 674 1694 Maius
705 1631 740 1693 in
768 1629 968 1693 restituendo
999 1627 1063 1692 hec
1092 1630 1252 1715 scriptore
1281 1631 1374 1695 aliter
1403 1644 1492 1718 atque
1512 1635 1544 1696 in

333 1735 454 1803 Paride
465 1735 656 1823 plerumque
668 1735 741 1823 plus
754 1737 839 1800 iuste
852 1736 985 1800 arbitrie
998 1759 1059 1801 suo
1072 1736 1266 1825 indulgeret,
1278 1737 1312 1801 id
1325 1738 1412 1826 qued
1422 1739 1545 1825 planum

334 1845 369 1908 tit
391 1842 545 1908 eBlumii
568 1841 712 1918 schedis,
737 1845 933 1929 scripturam
954 1843 1061 1908 inille
1077 1843 1191 1908 codice
1206 1846 1374 1910 inuentam
1388 1847 1547 1909 rarissime

335 1953 497 2039 apposuit,
520 1953 567 2016 ita
584 1963 619 2016 ut
639 1953 718 2016 sciri
740 1961 882 2037 nequeat
905 1960 1061 2036 quantam
1076 1972 1161 2037 quae
1179 1973 1266 2016 nune
1290 1951 1332 2016 ab
1356 1975 1395 2016 ee
1419 1953 1548 2016 eduntur

332 2070 519 2126 mereantur
543 2058 651 2123 iidem.
699 2058 905 2143 Quapropter
931 2059 1110 2143 praecipua
1131 2057 1277 2122 Ianuarii
1298 2054 1471 2145 Nepotiani
1490 2061 1550 2123 uti·

332 2165 419 2241 litae,
442 2175 477 2230 ut
499 2177 586 2230 recte
610 2164 839 2230 animaduertit
861 2164 971 2229 Maius
994 2186 1025 2250 p.
1049 2163 1177 2239 ΧΧΠΙ,
1203 2177 1253 2230 est
1276 2166 1364 2253 qued
1387 2163 1553 2230 Valeriani

334 2275 443 2359 operis
466 2272 620 2338 lacunam
643 2274 777 2358 saepius
801 2273 868 2336 iam
887 2283 1178 2337 commemoratam
1200 2274 1272 2359 ipse
1289 2294 1417 2360 quoque
1440 2272 1554 2358 explet,

333 2380 394 2446 sed
417 2400 485 2444 nen
508 2379 642 2444 diuersa
664 2379 770 2444 selme
794 2401 815 2444 a
829 2376 951 2443 Paride
966 2380 1069 2443 uerba
1084 2381 1176 2465 ponit
1197 2402 1311 2444 uerum
1333 2381 1431 2444 etiam
1445 2390 1555 2466 partes

388 2611 396 2646 ¹
415 2613 426 2678 )
443 2613 494 2663 Est
511 2615 602 2664 autem
621 2613 677 2662 eod.
698 2612 843 2662 Vaticanus
862 2625 889 2661 n.
909 2606 986 2671 1321.
1005 2613 1228 2663 membranaceus
1241 2613 1328 2662 forma
1341 2613 1470 2672 maxima,
1488 2614 1559 2662 binis

334 2685 464 2737 columnis
484 2683 772 2749 exaratumieliorum
795 2678 856 2735 279.
893 2683 986 2733 Insunt
1006 2683 1062 2735 Fol.
1089 2679 1192 2735 1-137
1212 2685 1306 2735 relatio
1330 2685 1429 2751 synodi
1448 2685 1560 2735 Chalce-

334 2756 470 2809 donensis.
499 2757 554 2807 Fol.
577 2751 715 2808 let-139
735 2754 935 2805 constitutiones
960 2753 1132 2815 Theoderici,
1158 2756 1349 2815 Valentiniani,
1372 2757 1505 2806 Marciani
1527 2759 1561 2805 de

333 2831 438 2895 synode
464 2828 677 2879 Chalcedonensi
699 2828 799 2892 (editae
823 2842 840 2877 a
857 2826 979 2885 Labbeo,
1003 2828 1122 2878 biblioth.
1146 2841 1214 2879 mss.
1235 2828 1290 2886 1111,
1314 2845 1340 2892 p.
1363 2824 1563 2879 1782—1785.

334 2896 538 2964 leet-1811.).
563 2900 620 2951 Fet.
640 2894 779 2949 lili—ill
796 2898 912 2961 epistola
928 2898 991 2947 fldei
1009 2900 1106 2950 cathol.
1125 2899 1152 2947 ie
1176 2897 1331 2951 defensione
1354 2901 1433 2949 trium
1459 2902 1565 2963 capitu-

332 2974 425 3023 lorum.
451 2972 509 3022 Fol.
530 2966 668 3021 lit-lii
694 2970 809 3034 epistola
828 2969 954 3034 Cypriani
978 2970 1012 3018 ad
1037 2972 1158 3021 cecilium
1183 2971 1216 3021 de
1241 2973 1411 3020 sacramento
1438 2971 1566 3020 deminici

334 3044 434 3094 calicis.
469 3043 526 3093 Fet.
538 3036 678 3093 iti-154
690 3042 795 3090 Ianuari
815 3040 956 3103 Nepotiani
970 3042 1084 3104 epitome
1095 3041 1193 3092 Valerii
1206 3043 1323 3094 Maximi.
1349 3037 1565 3093 sollte-271

333 3116 383 3165 ΧΠ
401 3114 462 3165 libri
479 3112 506 3164 S.
525 3113 632 3163 facundi
651 3113 771 3176 episcopi
789 3112 969 3161 bermincnsis
987 3113 1103 3163 ecclesie
1120 3115 1256 3176 prouincia
1275 3114 1414 3163 africanae
1433 3115 1471 3162 ad
1486 3114 1566 3163 lest-i·

332 3186 442 3236 nianum
466 3186 527 3248 imp.
552 3186 579 3234 in
604 3184 760 3234 defensione
786 3184 866 3232 trium
890 3198 948 3246 cap.
991 3183 1047 3233 Fol.
1070 3179 1211 3235 iit-276
1237 3187 1356 3236 eiusdem
1380 3185 1451 3233 liber
1471 3187 1566 3233 contre

332 3256 477 3305 Misianum
501 3252 636 3307 sectatum.
682 3255 738 3305 rot
763 3250 815 3304 277
841 3255 974 3319 quaedam
997 3256 1032 3305 de
1063 3258 1168 3320 synodo
1193 3272 1218 3306 a.
1244 3253 1313 3307 lete
1337 3257 1392 3322 (ep.
1418 3255 1566 3308 Labbeorn

332 3328 368 3389 X,
387 3344 412 3391 p.
432 3322 504 3393 369).
540 3327 597 3377 Fel.
616 3323 669 3377 278
686 3328 713 3376 et
727 3321 1256 3390 279indcxrecentiorcmenuseriptes
1293 3328 1364 3392 lpse,
1384 3342 1447 3377 eum
1460 3328 1566 3377 Romae

333 3413 472 3458 uersam,
496 3400 629 3466 integrum
652 3398 722 3448 hene
746 3398 842 3447 librum
867 3397 1005 3446 deficiente
1029 3399 1149 3461 tempere
1174 3399 1326 3449 describere
1348 3413 1404 3448 non
1429 3400 1563 3462 peterem

333 3474 421 3532 Quare
446 3472 531 3521 redux
549 3486 583 3521 ex
607 3471 700 3520 itinere
724 3468 856 3518 Blemium
879 3468 912 3519 V.
938 3468 975 3518 Cl.
999 3484 1049 3532 per
1071 3466 1174 3519 litteras
1198 3472 1295 3537 rogaui
1318 3472 1347 3520 et
1370 3472 1566 3537 apographon

331 3544 456 3601 Ianuarii.
477 3543 546 3607 qued
566 3557 626 3593 eum
645 3542 747 3591 Romae
774 3542 874 3590 fecisse
899 3540 1033 3600 sciebam,
1058 3555 1163 3591 meeum
1187 3542 1402 3592 communicaret.
1448 3542 1518 3600 Ille,
1545 3558 1565 3590 u

333 3616 377 3665 est
394 3614 466 3663 omni
485 3614 649 3663 humanitate
669 3629 701 3662 ae
717 3612 877 3662 liberalitate
896 3612 1132 3671 instructissimus,
1151 3628 1248 3675 pauca,
1269 3628 1337 3678 quae
1351 3615 1422 3663 inter
1444 3615 1566 3663 schedae

333 3698 400 3734 suas
418 3686 543 3748 repperit,
562 3686 670 3749 praeter
688 3684 786 3734 codicis
812 3683 1018 3746 descriptionem
1041 3683 1155 3746 primum
1180 3686 1260 3748 capnt
1282 3685 1310 3734 et
1332 3686 1443 3748 partem
1471 3684 1566 3733 decim

333 3771 366 3804 ac
384 3756 465 3805 tinem
482 3756 615 3818 epitomae
634 3756 802 3813 continentia,
821 3754 1022 3819 promptissimo
1041 3756 1130 3804 aehne
1147 3755 1213 3805 mihi
1227 3757 1313 3811 mieit3
1338 3757 1426 3805 tetum
1447 3770 1566 3823 apogra

332 3826 416 3889 phem
434 3839 465 3874 se
483 3826 538 3875 iam
557 3827 654 3875 dudum
673 3829 759 3876 amieo
778 3828 848 3875 done
862 3826 970 3875 dedisse
982 3825 1128 3887 rescripsit,
1149 3827 1262 3876 sednon
1274 3828 1434 3876 meminisse
1449 3828 1566 3876 cuinarr.

332 3894 374 3945 Ex
393 3897 488 3946 eedem
506 3898 597 3946 codiee
616 3899 674 3947 sine
693 3898 771 3947 dubio
789 3897 918 3945 Labbeus
936 3895 1069 3960 (biblioth.
1086 3911 1154 3946 mss.
1172 3898 1192 3955 1,
1210 3913 1236 3961 p.
1252 3892 1317 3961 669)
1330 3900 1460 3948 ediderat
1479 3898 1566 3961 Nepa

331 3967 398 4017 tiani
415 3967 558 4031 epistulam
576 3968 611 4017 ad
623 3968 756 4018 Victorem
769 3968 902 4031 epitomae
913 3967 1107 4029 praemissam:
1126 3964 1267 4019 lenaei-tec
1278 3966 1447 4035 Nepotiane&
1465 3966 1566 4020 Victor

332 4052 379 4089 ree
402 4035 517 4089 aalma
563 4034 707 4105 impercias
731 4052 807 4105 mem
831 4036 912 4087 ceteri
934 4034 1112 4088 adducente
1133 4036 1229 4090 littere
1251 4036 1354 4094 sade.
1384 4055 1440 4107 que
1469 4045 1566 4090 tantm

329 4106 449 4177 maffeio.
469 4113 499 4159 ut
516 4107 605 4175 eatque
621 4108 722 4177 scripta
739 4112 855 4159 aeteram
873 4107 1000 4163 coercet.
1019 4108 1056 4159 rat
1068 4106 1166 4163 Victor.
1197 4107 1276 4168 Quod
1291 4107 1422 4161 ἰυάἰσῦνιη
1439 4110 1533 4162 mern
1554 4112 1566 4161 t

331 4177 544 4231 ruiturarum
563 4184 615 4234 oet.
641 4179 703 4249 quie
727 4184 796 4231 reete
820 4176 927 4231 dicendi
949 4177 1059 4231 raedis
1082 4178 1111 4231 ie
1129 4180 1233 4248 paucio.
1279 4178 1365 4247 Ipihcr
1389 4177 1427 4233 de
1460 4180 1566 4233 Valere¹

332 4248 451 4303 Maxime
468 4266 565 4302 mmm
582 4251 663 4303 senta
680 4266 761 4319 opere
780 4250 836 4302 eius
852 4250 931 4302 atilio
948 4266 1013 4305 ease.
1032 4250 1058 4303 ai
1070 4250 1125 4303 aim
1142 4249 1240 4303 traete.
1277 4250 1369 4318 Dipae
1384 4252 1463 4303 caim
1486 4269 1565 4319 coya

332 4321 402 4374 tiene
419 4321 558 4390 componit.
580 4320 629 4373 aad
646 4320 791 4390 celtipeede
803 4320 940 4390 producit.
960 4320 1021 4373 dara
1038 4337 1067 4373 ee
1084 4327 1197 4375 ostentet
1212 4322 1357 4378 saraae.
1379 4322 1455 4375 loeis
1476 4324 1565 4376 taeta

249 4392 254 4401 “
324 4392 422 4462 suadit
438 4390 593 4449 messibus.
614 4400 640 4445 et
656 4410 686 4449 ee
696 4394 818 4461 sortasse
836 4394 873 4445 eit
885 4390 1059 4462 paucioribus
1075 4399 1159 4446 aetas.
1194 4392 1322 4447 Midam
1339 4394 1446 4464 itaque,
1469 4402 1507 4447 at
1527 4397 1566 4447 at

332 4464 389 4518 eiua
405 4463 581 4519 redeadeatie
599 4470 625 4515 et
630 4464 758 4535 pleraque
770 4462 961 4531 trmwprediar,
981 4463 1103 4516 meede
1118 4464 1310 4533 praetermissa
1327 4472 1482 4518 conectam.
1529 4466 1566 4518 Se

331 4536 380 4589 beo
397 4554 479 4589 mmm
491 4550 539 4587 neo
549 4535 604 4587 eim
621 4537 785 4606 conpactam
802 4533 909 4588 babebit
924 4549 973 4587 nee
981 4534 1078 4601 sacam
1095 4551 1231 4592 menam,
1252 4543 1286 4592 et.
1306 4553 1364 4589 cem
1378 4538 1502 4604 integere
1515 4539 1566 4604 ser

332 4608 361 4657 ia
379 4608 478 4660 occulte
496 4607 563 4663 aar.
584 4614 695 4675 praeter
712 4625 761 4661 aee
773 4606 824 4659 dee
837 4606 961 4675 profecto
979 4622 1053 4658 acme
1071 4607 1212 4674 epimmo
1223 4614 1369 4675 copaescat
1409 4608 1482 4659 Hoc
1498 4610 1566 4660 tatic

333 4676 427 4731 water
441 4678 501 4731 otio.
534 4678 607 4732 Heus
621 4694 712 4732 emeer
721 4680 855 4749 pinoteres
867 4681 918 4746 (sic
936 4679 1005 4743 cod.)
1023 4692 1088 4730 caue
1105 4678 1148 4730 tie
1165 4678 1241 4731 atiud
1257 4693 1333 4749 paam
1347 4678 1529 4733 brmuatem
1547 4697 1566 4732 r

333 4748 433 4816 petrea
454 4766 530 4818 quere
547 4749 630 4805 aelam
642 4748 798 4820 poposeisti.
827 4749 907 4806 titre.
926 4746 964 4801 mi
986 4746 1086 4807 Victor.
1105 4754 1135 4802 ut
1150 4750 1250 4806 calcea
