3409 5400
338 500 404 571 lut
659 480 985 556 numsmtvms
1007 472 1228 559 ANTIQVIS.
1320 530 1328 541 .

228 654 277 733 V·
298 656 333 730 1.
356 688 373 695 ··
412 656 762 723 ‘suumn-mrem
794 666 857 710 nec
893 643 928 709 in
962 639 1042 707 urbe
1077 634 1201 703 necin
1228 630 1297 697 ulla
1322 640 1395 717 parte
1415 626 1503 695 ltaliae

226 737 231 745 Ι
335 764 521 853 quiequam
543 759 635 844 prius
663 752 791 839 aspexit
820 770 920 837 quarn
949 770 970 813 a
998 741 1175 811 M'.Acilio-
1188 737 1357 803 Glabrione
1380 736 1505 825 equestris

336 870 426 957 petii
440 872 625 952 poneretur·
641 861 679 925 in
692 857 776 924 aede
785 855 936 921 Pietatis.
970 853 1056 917 liam
1078 858 1186 915 autem
1210 844 1326 911 aedem
1342 842 1373 908 P.
1389 839 1508 907 (lomello

335 972 489 1047 Lentulo,
502 969 556 1039 Μ.
571 966 696 1033 Baebio
720 959 892 1047 Tamphilo
917 956 1105 1023 consulibus
1128 955 1200 1039 ipse
1224 952 1421 1023 dedicauerat,
1440 968 1512 1013 eom·

336 1102 402 1167 poe
419 1078 495 1143 uoti
515 1076 724 1157 factus·rege
746 1064 910 1135 Antiocho
934 1062 1022 1148 apud
1045 1058 1290 1146 Thermopylas.
1305 1067 1442 1143 superato.
1522 1066 1535 1119 t

298 1178 366 1253 9..’
398 1180 485 1247 ,Ιιιε
517 1176 617 1243 ciuile
650 1186 710 1260 per
741 1170 846 1238 multa
874 1169 1008 1234 sacciula
1037 1168 1121 1232 inter
1150 1186 1248 1232 secra
1275 1162 1518 1247 caerimoniasque

338 1290 482 1357 deorum
507 1279 726 1351 inmortalium
758 1276 903 1341 abditum
943 1273 1088 1360 solisque
1116 1270 1323 1359 pontificibus
1352 1280 1448 1363 notum
1470 1268 1521 1331 Gn.

338 1446 404 1512 Is
436 1425 446 1497 l
476 1440 517 1495 oni
540 1436 598 1507 ΓΙΙ
609 1434 742 1503 Statuam]
755 1434 906 1504 praemittit
922 1431 1118 1501 inscriptionem
1135 1430 1175 1481 De
1194 1430 1344 1498 frugalitate
1361 1431 1385 1481 ei
1399 1426 1528 1480 innocentii

345 1514 438 1583 Tum}
457 1530 507 1566 nec
524 1514 552 1563 in
569 1505 635 1563 urire
656 1522 706 1563 om·
719 1521 765 1575 pr.
782 1504 820 1558 D.
837 1506 851 1574 ll
868 1503 895 1557 2.
917 1520 953 1559 m.
972 1506 1052 1555 acilio
1076 1499 1131 1554 ΑΒ
1155 1506 1182 1553 et
1222 1514 1250 1554 r..
1272 1498 1306 1555 0.
1333 1498 1401 1581 Ture.
1425 1514 1455 1551 m.
1476 1498 1528 1549 cilio

307 1612 325 1622 ·-
343 1601 414 1640 corr.
433 1514 514 1639 iem.
526 1582 608 1641 ‚atilio
626 1577 695 1632 DE.
713 1579 814 1628 Manlio
832 1577 917 1628 Acilio
937 1575 998 1628 Par.
1016 1572 1128 1627 Marcus
1144 1569 1195 1625 Aci
1209 1571 1245 1623 ‘us
1262 1576 1303 1624 ert
1318 1576 1387 1623 eison
1402 1569 1428 1623 is
1443 1567 1468 1621 N
1495 1568 1523 1635 ,11

296 1656 320 1671 ”
363 1658 479 1708 labriore
498 1651 526 1706 0.
540 1650 553 1719 ll
568 1647 713 1720 equestris]
737 1643 799 1698 odd.
817 1662 856 1698 or.
875 1644 936 1711 (sic)
955 1643 992 1697 D.
1012 1642 1129 1711 equestri
1150 1638 1209 1710 1911
1225 1638 1251 1696 3.
1270 1644 1297 1692 in
1316 1644 1401 1693 aedem
1417 1638 1466 1693 Bc
1497 1638 1531 1761 μ

340 1668 369 1780 Ξ»
387 1722 515 1790 Lentulo]
532 1718 640 1773 edd-et
654 1716 732 1770 Torr·
746 1713 758 1787 ll
773 1718 910 1782 pamphilo
928 1709 1085 1769 ABODE.
1107 1708 1215 1765 Videt
1231 1710 1254 1772 i,
1275 1708 1299 1773 i,
1320 1710 1358 1765 ti,
1368 1712 1382 1782 ΙΙ
1391 1709 1500 1777 §.i-ert.
1530 1746 1537 1763 .

339 1860 422 1918 llum.
451 1860 529 1915 Fabii
543 1850 659 1912 Pictoris
681 1856 801 1926 college,
829 1858 933 1909 duobus
962 1859 1039 1907 annis
1063 1857 1125 1905 ante
1147 1853 1217 1919 App.
1241 1854 1342 1905 Claudii
1363 1856 1388 1904 et
1407 1851 1443 1903 ll.
1464 1850 1543 1927 Fuluii

340 1936 436 1987 Blacci
453 1932 635 1988 consulatum,
655 1926 686 1979 et
699 1944 725 1982 a.
743 1929 767 1979 D
785 1922 871 1993 (tul.)
896 1942 991 1979 censor
1007 1927 1040 1979 Ι).
1059 1924 1176 1978 IVNIVS
1193 1925 1227 1974 Ι).
1245 1925 1275 1975 B.
1289 1925 1324 1977 Ι).
1342 1925 1372 1977 N.
1389 1922 1472 1974 PBBA
1490 1938 1545 1973 cum

343 2007 376 2058 L.
388 2004 525 2055 Postumio
537 2000 663 2068 Megello.
699 2002 773 2059 Quae
786 2000 810 2048 sl
822 2000 986 2057 consideres,
999 1998 1113 2047 dubitari
1126 1998 1170 2046 uix
1183 1997 1283 2059 poteris
1296 1995 1357 2057 quin
1368 1995 1431 2047 alter
1441 1996 1548 2045 illiorum

345 2092 364 2127 a
379 2074 486 2128 Valerio
504 2070 777 2127 commemoratorum,
795 2070 892 2131 quibus
910 2070 1079 2120 Drnmennus
1097 2068 1203 2135 (gescb.
1216 2066 1298 2116 Boms
1307 2066 1362 2125 1111,
1380 2081 1404 2129 p.
1416 2060 1443 2129 i)
1460 2080 1551 2129 parum

345 2142 559 2209 recteflcaeuae
577 2154 725 2207 cognomen
744 2139 828 2193 muse
846 2140 971 2198 coniecit,
999 2140 1044 2189 ille
1067 2138 1100 2187 Ι).
1119 2138 1210 2187 lunius
1230 2139 1312 2195 Pera,
1339 2136 1430 2187 consul
1451 2152 1475 2187 e.
1493 2129 1552 2191 488,

340 2207 444 2268 mutor
465 2208 558 2263 aeut
593 2210 681 2261 inerit.
725 2208 800 2259 Alter
826 2210 945 2261 tortasse
969 2213 1047 2273 pater
1070 2210 1128 2258 erat
1151 2208 1209 2258 eius
1228 2208 1265 2257 M.
1283 2208 1349 2257 lunii
1372 2205 1444 2257 Bruti
1463 2208 1554 2263 Perae,

340 2268 536 2349 ‘guem‘Liuius
549 2278 656 2339 xxm,
686 2274 733 2339 lt,
760 2275 824 2330 see
840 2280 945 2345 lapides
965 2280 1104 2344 Capitolini
1127 2278 1182 2343 (ep.
1202 2279 1281 2328 Grutv
1298 2293 1325 2342 p.
1344 2272 1406 2337 292)
1425 2276 1554 2329 declarent

340 2347 586 2407 commeminisse
605 2364 630 2402 e.
648 2341 710 2410 524,
730 2362 869 2401 censorem
888 2366 912 2401 a.
932 2342 998 2408 529,
1018 2351 1175 2399 dictatorem
1193 2364 1218 2401 e.
1236 2342 1297 2399 5³8.
1334 2348 1408 2407 Quod
1427 2350 1554 2398 sinerum

340 2429 398 2484 ‘est
425 2419 527 2475 horum'
538 2425 644 2486 patrem
661 2422 692 2471 Ι).
711 2420 813 2470 lunium
830 2422 940 2471 Brutum
959 2420 1062 2479 Parem,
1090 2420 1118 2469 in
1136 2420 1210 2469 cuius
1229 2421 1357 2469 honorem
1375 2419 1489 2483 primum
1507 2418 1554 2487 gia

341 2494 488 2545 diatorlum
506 2488 601 2543 munite
619 2492 721 2541 Itomae
740 2490 831 2539 datum
850 2492 901 2551 est,
921 2490 1027 2540 aliunde
1045 2504 1098 2540 non
1116 2492 1221 2549 notum,
1240 2504 1327 2551 neque
1346 2503 1463 2540 censure
1479 2504 1554 2551 nequ*

347 2564 489 2631 consulatu
506 2563 625 2622 timctnm
643 2574 707 2611 esse
731 2562 882 2611 statuemus
906 2563 1018 2625 oportet.
1064 2560 1121 2609 inm
1146 2576 1205 2609 curn
1229 2560 1256 2610 in
1282 2560 1406 2609 omnibns
1432 2562 1552 2611 codicibu

341 2623 509 2685 retineretur
529 2628 641 2683 Marones
658 2635 684 2681 et
699 2626 825 2681 Decimae
842 2629 901 2699 filii
918 2628 1006 2685 Bruti,
1031 2631 1161 2688 editores,
1189 2631 1260 2692 quod
1277 2632 1317 2679 ite
1334 2632 1445 2681 ueteres
1462 2630 1554 2681 nomin

303 2712 305 2715 '
349 2708 433 2756 citare
449 2717 506 2754 non
522 2705 615 2754 essent
633 2702 712 2762 soliti,
731 2713 825 2752 uocem
834 2699 892 2770 filii
904 2701 1031 2753 deterunt.
1068 2704 1154 2762 Quem
1168 2703 1280 2764 utroque
1294 2701 1398 2752 Valerii
1413 2701 1554 2766 compendi

348 2776 532 2826 confirmatam
549 2775 673 2835 equidem
689 2773 830 2831 reuocant,
849 2785 938 2836 neque
958 2783 1067 2822 cenenm
1086 2774 1167 2822 ullam
1185 2773 1400 2836 interpolationis
1418 2787 1510 2835 neque
1530 2788 1554 2822 cu

347 2845 462 2896 illiorum
484 2843 682 2895 denotationem
704 2844 803 2894 addere
826 2857 880 2894 non
907 2844 1012 2896 licuerit
1038 2844 1139 2894 auctori
1163 2843 1340 2908 perspiciens.
1387 2843 1461 2894 Fieri
1485 2845 1554 2894 tamt

345 2917 440 2981 potest
457 2915 495 2965 ut
505 2914 628 2966 Valerius
644 2909 756 2964 Merces
773 2918 799 2964 et
814 2910 957 2967 Decimus.
976 2911 1083 2964 Decimi
1091 2911 1164 2979 filii.
1183 2909 1264 2964 Bruti
1281 2912 1369 2964 Perae
1387 2915 1537 2978 scripserit

344 2986 377 3044 in
390 2984 582 3051 ,autquissimo
597 2983 643 3044 illp
660 2984 768 3042 codice,
796 2998 812 3034 e
835 2999 889 3046 quo
909 2998 1001 3034 omnes
1025 2985 1123 3052 integri
1146 2987 1173 3034 et
1191 2985 1342 3034 abbreuiati
1360 2983 1426 3034 libri
1445 2986 1554 3054 origine

342 3057 494 3115 maerent,
513 3054 599 3117 patris
614 3066 779 3117 praenomen
789 3056 852 3117 poet
864 3056 978 3106 eandem
995 3055 1041 3104 tilii
1054 3055 1261 3119 appellationem
1273 3055 1417 3106 exciderit.
1456 3057 1554 3106 Ceteru

343 3123 481 3183 ,Liuianae
499 3124 631 3186 epitomae
648 3125 749 3181 auctor,
768 3125 854 3175 Marci
865 3125 938 3174 Bruti
948 3139 1046 3176 nomen
1057 3126 1181 3184 reticens,
1200 3125 1331 3177 solumi).
1344 3125 1458 3176 lunium
1473 3127 1554 3176 Bruti

348 3207 446 3245 munus
464 3193 651 3260 gladiatorium
667 3194 696 3242 in
713 3194 841 3244 honorem
861 3196 977 3245 defuncti
993 3197 1078 3259 patria
1091 3197 1210 3246 edidisse
1228 3197 1342 3260 primum
1355 3197 1455 3247 refert.
1495 3198 1554 3263 Mal

346 3265 432 3317 etiam
450 3264 484 3323 de
501 3263 586 3332 prime
605 3263 768 3314 athletarum
792 3267 936 3316 certamine
955 3266 1048 3318 Liuius
1070 3268 1097 3316 ei
1116 3265 1238 3317 Valerius
1259 3267 1329 3318 inter
1352 3281 1388 3318 se
1410 3267 1554 3318 dissentiu

343 3335 422 3396 ,quoe
432 3333 538 3383 Liuium
547 3333 675 3391 XXXIX,
693 3329 729 3384 22
741 3335 777 3383 ed
787 3336 824 3384 lii.
836 3335 958 3386 Fuluium
969 3336 1132 3388 Nobiliorem
1144 3337 1243 3388 reterre
1256 3339 1406 3389 adnotauit
1418 3339 1554 3389 Pertzoni

342 3437 348 3450 ,
420 3397 771 3462 v..1.ct1.in.xu.it.
798 3404 884 3458 Amm.
903 3407 986 3460 More.
1004 3407 1088 3466 Xllll,
1107 3403 1133 3466 ii,
1151 3403 1177 3460 8.

343 3529 345 3533 ,
419 3469 572 3533 usmete)
588 3471 672 3524 Acilio
682 3473 818 3525 Glabrioni
834 3491 998 3539 praenomen
1017 3477 1114 3536 Manli,
1136 3493 1189 3529 non
1207 3479 1292 3529 Marci
1309 3479 1425 3540 nisse,
1454 3493 1549 3544 quem

343 3543 458 3596 modum
476 3556 577 3596 omnes
592 3543 668 3595 codd.
686 3545 714 3593 et
731 3545 792 3596 edd.
812 3547 921 3607 babent,
941 3551 1047 3598 constat
1070 3549 1173 3599 eLiuli
1192 3550 1209 3601 l.
1229 3566 1252 3602 c.
1272 3553 1299 3602 ei
1325 3565 1342 3601 e
1368 3551 1464 3602 fastis
1490 3553 1554 3615 cap

344 3615 412 3673 ‚Bais
430 3614 516 3678 (Grut.
534 3614 615 3665 teser.
631 3627 659 3678 p.
676 3607 759 3676 299).
795 3614 851 3667 Sed
862 3617 995 3684 genuinae
1007 3621 1156 3684 scripturae
1167 3621 1286 3688 uestlgia
1298 3623 1453 3683 quaedam
1475 3635 1554 3672 aern¹

325 3683 455 3740 ,Paridir
473 3685 531 3736 cod.
549 3684 610 3736 vn.
646 3685 769 3737 Ceterum
786 3699 848 3736 eam
865 3689 960 3738 aedem
978 3693 1090 3741 uoueret
1106 3691 1166 3754 ipse
1183 3694 1261 3755 pater
1278 3691 1326 3744 Μ’.
1340 3691 1463 3742 Acilius
1479 3693 1554 3744 Glal

351 3754 397 3814 qui
414 3767 508 3820 regem
524 3753 683 3804 Antiochum
701 3756 773 3819 apud
790 3755 988 3823 Thermopylas
1007 3762 1117 3820 decicit,
1145 3761 1318 3812 dedicauerat
1343 3761 1431 3812 iilius
1455 3764 1554 3826 patris

293 3873 309 3894 ι
352 3822 444 3871 statua
460 3825 645 3880 exornsuerst
680 3824 802 3876 Valerius
819 3827 890 3878 Liuii
907 3829 1036 3880 relatione
1054 3833 1194 3894 deceptus,
1222 3829 1303 3891 (tinen
1328 3829 1439 3882 serim
1463 3829 1554 3884 dedit

351 3886 509 3941 mesenus
525 3888 635 3942 Glabrio
652 3888 774 3972 duumuir
789 3901 951 3964 statuumque
970 3904 1099 3954 curatam,
1124 3916 1191 3968 geue
1204 3900 1296 3968 primo
1312 3901 1452 3954 omnium
1474 3903 1511 3954 in
1534 3901 1554 3953 Ι.

346 3963 439 4018 ,nemu
456 3964 552 4012 wate
569 3964 616 4014 eet.
630 3966 722 4028 paene
738 3962 893 4017 Maenia
902 3967 1000 4034 presit
1036 3967 1074 4024 irs
1094 3985 1132 4024 sc.
1151 3973 1229 4036 pater
1241 3973 1348 4031 consul,
1373 3979 1461 4029 erat,
1487 3974 1544 4042 pur·

346 4043 410 4082 m
427 4026 518 4080 aeden
534 4036 657 4111 mnae,
676 4045 730 4112 pue
747 4030 792 4084 die
815 4051 872 4087 esar
889 4050 951 4102 repe
967 4036 1092 4091 Amineis
1116 4039 1153 4091 cd
1172 4039 1366 4111 Ttamopylce
1393 4041 1554 4112 depupnm

346 4113 477 4224 cumini
492 4113 518 4150 er
535 4105 594 4151 erat
608 4115 655 4167 pes
670 4115 728 4168 epae
744 4105 781 4154 sd
791 4106 874 4158 fllium
887 4107 1057 4160 Glabrionem
1068 4112 1187 4173 referret,
1205 4115 1447 4166 insciteomnem
1462 4117 1554 4165 histo

345 4184 383 4220 ,co

345 4293 349 4301 ,
422 4239 453 4293 Ρ.
474 4237 594 4292 Corneio
610 4237 732 4302 misto)
757 4244 834 4298 lione
850 4246 881 4300 P.
899 4249 1048 4302 Cornelium
1073 4251 1210 4305 consulem
1228 4257 1489 4308 commemorauit
1519 4257 1550 4306 V

353 4305 377 4370 l,
398 4306 432 4362 12
443 4313 545 4363 omisso
556 4313 723 4381 cognomine,
741 4319 810 4379 quod
823 4319 867 4369 hio
879 4333 943 4370 esse
955 4323 1072 4373 debebat
1082 4321 1201 4391 Cetieoo,
1220 4324 1431 4386 nonL'entrelo,
1456 4331 1499 4378 ut
1513 4344 1554 4392 pr

348 4381 439 4432 hstes
456 4383 613 4436 consulares
631 4385 717 4450 (erne
736 4402 758 4438 c.
776 4389 858 4440 inser.
875 4406 903 4453 p.
920 4385 993 4455 29³.)
1013 4395 1109 4444 docent
1126 4397 1203 4446 Gom.
1216 4397 1283 4461 Nep.
1297 4397 1406 4450 ilann.
1426 4393 1483 4456 13,
1513 4397 1546 4449 l.

349 4451 382 4534 lu,
395 4466 422 4535 ρ.
439 4452 513 4510 xm,
533 4446 574 4512 1³,
592 4449 636 4508 27.
671 4455 754 4508 Error
768 4459 854 4524 ipsius
868 4461 974 4522 Valerii,
994 4475 1048 4514 non
1064 4466 1231 4518 hbrariorum
1249 4471 1299 4526 est,
1320 4471 1435 4529 onus,
1459 4473 1503 4518 ut
1524 4483 1554 4534 op

348 4519 420 4572 Liuii
436 4523 567 4586 exemptis
584 4524 643 4583 XL,
665 4521 706 4585 18,
727 4524 750 4587 l,
768 4529 814 4578 ubi
829 4531 901 4582 idem
919 4533 1018 4584 laisum
1037 4549 1185 4606 cognomen
1203 4539 1422 4591 cucnnrertur.

421 4586 448 4672 2.
465 4592 504 4642 ct
521 4592 554 4646 Ι..
572 4593 636 4643 Piso
652 4595 690 4645 111
707 4609 769 4648 ann,
787 4611 832 4662 sp.
849 4599 882 4652 A.
902 4603 969 4656 Geli.
988 4605 1033 4664 VI,
1052 4601 1077 4658 9.
1095 4609 1154 4662 Liu.
1164 4609 1212 4670 IX,
1230 4603 1273 4662 tt.
1293 4608 1354 4662 cte.
1373 4610 1426 4660 ad
1454 4607 1554 4662 Ait*

349 4649 461 4714 8·th
476 4661 505 4712 h.
521 4675 550 4713 n·
564 4661 691 4726 XXXIII,
710 4663 734 4721 l.
751 4667 876 4725 Meron.
890 4669 950 4723 sau
967 4673 987 4735 l,
1009 4670 1050 4728 it.
