3409 5400
634 558 873 626 nxuvttsvs
897 560 927 624 11
1326 568 1390 634 755

163 741 197 804 p.
224 717 301 784 389.
346 715 506 802 Legimus
537 721 623 784 enim
647 720 681 782 in
704 718 791 786 Festi
822 717 862 782 de
886 718 1060 784 uerborum
1095 720 1335 806 significatione
1358 748 1390 811 p.

165 825 231 888 174
257 822 348 888 Milli.
375 835 528 908 excerpta
553 825 715 909 quaedam
746 845 763 888 e
794 822 913 888 Verrio
944 823 1080 899 Flacco,
1115 847 1133 888 0
1162 825 1295 910 quibus,
1331 832 1389 894 eti·

163 929 253 994 amsi
277 948 436 1014 perquam
459 929 572 996 mutila
595 929 638 994 ad
663 943 808 994 nostram
824 941 962 995 00101001
978 942 1206 1014 peruenerunt,
1224 930 1264 994 id
1280 943 1390 998 tamen

166 1046 257 1098 corto
292 1045 399 1120 potest
432 1036 607 1122 cognosci,
643 1035 678 1102 T.
715 1037 839 1102 Sicinio
868 1035 1003 1100 consule
1039 1042 1087 1115 (a
1118 1038 1199 1111 267,
1229 1039 1389 1122 quem‘ia

163 1138 336 1203 consulatu
360 1153 491 1204 secutus
517 1153 567 1206 001
590 1143 647 1226 Sp.
673 1142 810 1206 Cassius
834 1139 1068 1219 Viscellinus,)
1092 1163 1211 1208 nouem
1234 1142 1325 1206 01100
1349 1164 1390 1208 ex

163 1243 342 1310 illustribus
377 1267 452 1310 eum
487 1247 628 1310 maximo
662 1246 795 1312 familiis
836 1260 867 1310 01
901 1248 935 1311 10
965 1245 1017 1312 1110
1051 1247 1189 1314 Mucium
1225 1248 1388 1334 quendam

164 1349 363 1414 Scaeuolam
386 1351 513 1416 Romae
539 1353 571 1414 in
595 1353 682 1416 circo
702 1351 892 1416 combustos
916 1364 948 1416 et
969 1373 1073 1436 prope
1095 1354 1217 1418 circum
1240 1353 1388 1440 sepultos

164 1475 257 1528 000ος
293 1455 400 1521 100010
437 1457 622 1540 sepulturae
657 1469 774 1542 postea
803 1455 883 1520 albo
917 1456 1027 1542 lapide
1061 1480 1138 1521 esse
1173 1469 1386 1525 constratum.

163 1559 307 1623 Nomina
340 1560 456 1624 horum
493 1562 653 1636 uirorum,
687 1563 732 1624 ita
766 1572 800 1624 ut
834 1560 875 1624 de
920 1562 1036 1646 paucis
1081 1575 1206 1628 tantum
1245 1563 1385 1630 dubitari

164 1666 285 1747 possit,
314 1665 396 1730 hene
427 1669 634 1730 restituerunt
658 1667 817 1732 Antonius
842 1667 1066 1754 Augustinus,
1095 1667 1263 1756 Scaliger,
1290 1667 1384 1734 Vrsi-

163 1791 242 1842 nus,
277 1772 382 1856 iisque
413 1773 598 1836 nominihus
627 1785 756 1858 praetor
781 1771 919 1836 Matium
943 1773 1141 1838 Scaeuolam
1170 1772 1325 1838 consules
1355 1787 1387 1838 et

100 1863 101 1872 ¹
162 1875 336 1940 dictatores
359 1877 436 1940 inde
460 1877 501 1940 ab
525 1899 612 1942 anno
637 1877 829 1964 25100000
853 1879 894 1944 ad
919 1879 983 1946 265
1008 1879 1189 1944 secuudum
1213 1902 1385 1955 annorum,

161 1980 282 2064 quibus
305 1983 552 2068 magistratibus
576 1985 677 2048 luocti
699 1997 807 2060 orant,
830 1985 979 2051 ordinem
1004 1983 1182 2054 collocatos
1206 1985 1387 2072 significari

160 2084 341 2150 luculenter
378 2087 616 2152 demonstrauit
653 2088 827 2165 MiilleruS,
866 2090 1105 2176 ingenioseque
1140 2090 1259 2154 conicit
1295 2091 1386 2155 fama

100 2197 101 2214 ¹
158 2190 245 2252 10101
268 2191 437 2254 Romanos
462 2205 679 2280 propagatum
704 2195 807 2256 101000
831 2213 950 2257 nouem
975 2190 1052 2254 olim
1077 2192 1224 2256 tribunos
1246 2192 1280 2255 in
1296 2194 1384 2256 circo

159 2309 325 2360 crematos
351 2309 382 2359 et
405 2297 551 2382 sepultos
581 2320 675 2374 esse;
704 2295 767 2362 hos
799 2295 840 2360 ab
871 2295 944 2360 aliis
974 2297 1120 2360 tribunos
1144 2294 1249 2380 plebis
1273 2296 1385 2361 existi·

100 2409 101 2422 ¹
157 2413 268 2464 matos
304 2423 379 2466 esse
415 2417 527 2468 eontra
561 2425 691 2470 omnem
725 2401 884 2466 historiae
913 2401 1028 2476 fidem,
1061 2400 1103 2464 ab
1138 2400 1212 2464 aliis
1236 2397 1383 2469 tribunos

156 2507 311 2584 militum,
336 2530 418 2594 0000
443 2522 510 2574 1010
533 2511 566 2574 10
590 2531 718 2574 sommo
742 2507 867 2574 honore
891 2505 1022 2598 habitos
1046 2517 1077 2568 01
1104 2506 1280 2590 exprimis
1304 2507 1383 2570 ciui·

157 2615 234 2676 tatis
259 2615 336 2679 uiris
360 2614 426 2702 legi
451 2616 565 2682 solitos
589 2637 664 2680 esse
688 2626 865 2680 constaret.
911 2614 1023 2699 ltaque
1053 2613 1107 2699 qui
1129 2612 1165 2676 iu
1188 2610 1291 2676 altera
1313 2613 1383 2699 opi·

100 2744 101 2749 ¹
156 2722 257 2785 111000
281 2721 436 2797 10100001,
462 2744 560 2807 quarn
583 2724 655 2806 ipse
679 2720 795 2807 probat
817 2720 990 2795 Miillerus,
1017 2718 1151 2795 nomina
1175 2718 1318 2783 uirorum
1343 2739 1384 2783 ex

154 2828 253 2891 fastis
288 2825 415 2891 illorum
451 2848 611 2893 annorum
646 2827 740 2905 docte
775 2827 970 2913 collegisse,
1004 2823 1114 2888 addito
1149 2835 1258 2887 tamen
1287 2822 1383 2887 Mutii

100 2962 101 2981 2
154 2932 342 2997 Scaeuolae
366 2934 515 3007 nomine,
545 2932 634 3019 quod
658 2932 782 3007 scilicet
804 2931 896 3018 uulgi
920 2933 1011 2995 fama
1043 2930 1143 2992 inea
1171 2949 1207 2990 10
1230 2927 1383 2992 traditum

154 3040 374 3123 accepissent.
422 3038 516 3117 Quae
540 3060 613 3101 enm
637 3038 718 3103 satis
742 3052 831 3103 certa
856 3036 1038 3109 uideantur,
1061 3054 1162 3097 unum
1189 3045 1382 3097 tamennon

100 3178 101 3183 1
153 3142 238 3208 mihi
262 3145 426 3227 persuasit
450 3144 488 3209 Ο.
513 3143 687 3221 Μϋ110100,
716 3145 851 3209 nomina
878 3141 1009 3207 illorum
1038 3138 1238 3202 tribunorum
1267 3156 1285 3199 0
1308 3135 1382 3201 0010

154 3250 302 3315 uirorum
333 3246 502 3311 doctorum
533 3250 720 3319 coniectura
747 3250 858 3333 posita
886 3268 979 3320 000ος
1014 3264 1120 3327 neque
1155 3244 1243 3305 enim
1267 3263 1324 3304 cur
1346 3243 1381 3305 in

152 3355 220 3417 hos
245 3352 451 3436 potissimum
475 3352 646 3415 inciderint
668 3350 819 3413 hominos
844 3350 940 3413 facile
956 3346 1166 3433 intellegitur,
1191 3347 1246 3429 qui
1261 3346 1380 3429 partim

100 3490 101 3505 1
154 3456 342 3531 consulatu,
375 3458 491 3541 partim
521 3454 680 3517 dictatura
715 3455 816 3517 functi
841 3465 945 3517 01001.
999 3451 1063 3514 Gur
1092 3471 1158 3514 non
1189 3448 1381 3512 consulares

100 3594 101 3611 1
155 3576 281 3629 tantum
306 3558 497 3648 elegerunt‘l
522 3582 579 3623 cur
607 3558 705 3625 modo
728 3556 843 3633 huius,
871 3555 970 3621 modo
999 3554 1086 3619 111100
1110 3554 1188 3617 0001
1211 3552 1381 3618 consulem

154 3670 376 3741 nominarunt,
398 3688 557 3733 annorum
578 3665 717 3750 plurium
733 3664 998 3749 interpositorum
1014 3659 1204 3725 consulibus
1220 3656 1380 3723 omissis?

153 3774 238 3840 Mihi
262 3786 346 3837 certe
371 3772 426 3837 illa
450 3770 746 3837 enumerandorum
776 3770 945 3833 nominum
975 3768 1056 3831 ratio
1080 3788 1121 3830 ea
1138 3786 1220 3857 'esse
1244 3762 1381 3838 uidetur,

154 3892 300 3966 atquae
324 3892 552 3959 spumarentur
575 3877 732 3942 historiae
757 3877 821 3941 fide
850 3876 984 3940 omnino
1015 3894 1128 3937 carere
1156 3870 1289 3935 credere
1314 3892 1380 3935 non

153 3988 294 4073 possim.
342 3988 447 4072 Atque
464 3985 560 4049 etiam
578 3982 714 4047 Mutium
731 3982 928 4048 Scaeuolam
945 4003 1011 4045 000
1028 3978 1190 4041 immerito
1206 3976 1291 4041 illius
1308 3976 1379 4063 glo·

153 4092 225 4155 riae
248 4093 438 4177 participem
462 4092 575 4154 referri
591 4092 724 4176 opinor,
749 4088 837 4176 quod
861 4089 935 4173 ipse
950 4082 1194 4173 quodammodo
1210 4086 1379 4147 0001110101

153 4195 326 4271 Miillerus,
350 4220 423 4261 cum
448 4198 519 4261 eius
543 4218 663 4261 nomen
686 4199 720 4260 in
744 4216 842 4279 aare
868 4190 1034 4259 narranda
1050 4190 1139 4276 uulgi
1163 4210 1219 4253 010
1235 4187 1379 4251 celebra·

153 4317 224 4366 turn
247 4316 404 4369 censeret.
463 4302 503 4365 Et
527 4302 640 4389 quidni
663 4301 748 4365 hunc
774 4320 905 4388 quoque
928 4298 1092 4361 tribunum
1115 4294 1252 4357 militum
1275 4289 1378 4353 luisse

153 4420 347 4481 statuamus
373 4408 491 4493 quippe
515 4410 608 4473 ouius
632 4408 755 4473 familia
777 4406 986 4471 nobitissima
1008 4403 1074 4465 iam
1097 4398 1159 4462 illis
1177 4390 1376 4478 temporibus

153 4510 273 4579 tueritt
309 4512 356 4580 (11.
382 4514 593 4588 Liu.11,12.

241 4618 355 4705 ltaque
378 4622 529 4706 quamuis
552 4622 587 4682 in
610 4618 751 4705 singulis
778 4636 982 4705 magnopere
1014 4612 1099 4675 inter
1125 4628 1164 4671 00
1193 4602 1379 4685 discrepent

153 4723 263 4788 Verrii
279 4738 310 4787 et
330 4720 455 4789 Valerii
478 4724 698 4801 narrationes,
722 4744 758 4789 10
781 4742 863 4787 0010
885 4733 1056 4802 utramque
1079 4712 1123 4779 ad
1146 4709 1286 4774 eandem
1306 4726 1377 4771 rem

1095 4818 1164 4883 48·
