3409 5400
293 498 357 567 332
410 501 413 513 '
510 499 570 567 be
592 496 885 566 ABSTINENTIA
908 500 966 565 ΕΤ
988 497 1294 588 CONTINENTIA.

292 660 408 725 iniuria
431 660 623 736 dominatur,
648 662 785 725 Infamia
810 662 938 749 flagrat,
962 670 981 738 †
1003 663 1141 751 linguis3
1165 667 1348 730 contrarios
1371 663 1424 730 his
1449 677 1520 731 tam

292 766 370 831 diris
395 769 482 833 uitIIs
505 788 615 832 mores
639 789 944 845 commemoremus.

250 874 279 939 1.
379 876 537 956 Quartum
555 886 586 939 et
601 877 794 940 uicesimum
811 898 933 941 annum
951 898 1056 965 agens
1071 880 1195 965 Scipio,
1212 902 1286 943 cum
1302 881 1335 943 in
1352 879 1519 964 Hispania

289 982 490 1070 Karthagine
516 1003 677 1067 oppressa
705 984 839 1047 maioris
864 982 1076 1071 Karthaginis
1106 986 1286 1070 capiendae
1316 988 1517 1071 sumpsisset

289 1092 447 1177 auspicia,
470 1089 654 1174 multosque
679 1090 823 1167 obsides,
848 1113 932 1177 quos
956 1092 990 1154 in
1013 1114 1055 1157 ea
1076 1093 1156 1155 urbe
1171 1092 1274 1156 Poeni
1297 1092 1431 1156 clausos
1453 1092 1558 1173 har-s¹

288 1198 434 1272 buerant,
458 1198 491 1259 i'n
516 1216 610 1260 suam
627 1206 821 1280 potestatem
839 1199 1032 1285 redegisset,
1057 1201 1196 1263 eximiae
1212 1201 1295 1262 inter
1311 1222 1370 1263 eos
1385 1200 1512 1265 formae

223 1386 235 1397 ¹
288 1305 448 1391 uIrginem
474 1305 590 1367 aetatis
607 1302 735 1367 adultae
760 1316 791 1367 et
806 1305 935 1369 iuuenis
952 1317 983 1368 et
1000 1306 1130 1370 caelebs
1148 1318 1178 1368 et
1201 1307 1314 1380 uictor,
1337 1317 1512 1393 postquam

289 1414 443 1496 comperit
459 1412 586 1477 inlustri
602 1410 675 1474 Ioco
691 1412 774 1474 inter
791 1412 970 1478 Celtiberos
986 1424 1098 1477 natam
1115 1412 1387 1499 nobilissImoque
1402 1416 1511 1502 gentis

288 1522 358 1583 eius
381 1518 511 1584 Indibili
535 1518 760 1603 desponsam,
777 1520 944 1584 arcessitis
968 1519 1158 1604 parentibus
1190 1532 1222 1582 et
1252 1542 1378 1605 sponso
1405 1522 1511 1585 inuio·

287 1627 386 1692 latam
411 1625 551 1691 tradidit.
597 1624 722 1687 Aurum
753 1648 897 1711 quoque,
927 1626 1015 1712 quod
1042 1648 1102 1711 pro
1131 1627 1354 1712 redemptione
1383 1628 1550 1713 puellaeio

287 1734 419 1799 allatum
444 1744 522 1807 erat,
547 1754 696 1797 summae
721 1731 805 1794 dotis
831 1732 958 1797 adiecit.
1011 1732 1086 1813 Qua
1114 1734 1312 1797 continentia
1339 1756 1378 1797 ac
1402 1736 1510 1797 muni·

287 1841 416 1903 iicentia
438 1838 584 1903 Indibilis
609 1839 771 1925 obligatus
797 1838 1031 1904 Celtiberorum
1060 1842 1190 1904 animos
1213 1840 1374 1904 Romanis
1405 1839 1509 1925 adpli-

287 1944 393 2009 cando
416 1946 539 2009 meritis
564 1948 634 2009 eins
659 1945 800 2009 debitam
825 1948 964 2031 gratiam
992 1947 1108 2013 retulit.

289 2104 310 2160 I.
330 2106 439 2173 lingaIs]
481 2104 567 2158 unctis
584 2112 699 2158 notatam
725 2113 749 2158 et
771 2107 979 2175 siparasettptam
1004 2111 1098 2174 quibus
1123 2109 1222 2159 retietIs
1246 2120 1316 2160 corr.
1340 2104 1370 2160 A.
1399 2109 1508 2176 lougius

285 2174 321 2229 D.
341 2179 422 2246 igitur
440 2121 480 2231 If
492 2180 586 2244 quibus
605 2180 702 2229 reitetis
722 2178 755 2230 E.
776 2182 878 2241 Quibus
898 2181 1003 2248 longius
1025 2181 1124 2230 reticita
1145 2178 1222 2230 Torr.
1237 2175 1249 2247 ii
1264 2178 1423 2245 contrarios]
1444 2175 1507 2229 aad.

284 2250 364 2317 igitur
383 2263 452 2300 corr.
471 2248 508 2300 D.
520 2248 532 2315 ΙΙ
545 2251 587 2299 bis
606 2266 653 2301 om.
676 2248 752 2303 Tora.
768 2250 779 2319 ΙΙ
794 2246 819 2300 3.
840 2253 998 2318 nigesirnum
1017 2249 1076 2303 EF.
1089 2249 1200 2317 lingens
1220 2266 1316 2300 armum
1336 2248 1370 2301 Ε.
1383 2248 1396 2315 ΙΙ
1408 2246 1434 2300 i.
1446 2251 1507 2300 Irar-

283 2323 374 2391 tagiue
392 2318 423 2374 A.
436 2318 449 2387 ΙΙ
461 2323 577 2371 maiores
591 2337 637 2389 pr.
657 2320 688 2373 A.
703 2322 715 2387 ΙΙ
728 2324 876 2389 kartaginis
895 2322 927 2373 A.
939 2320 952 2388 Η
965 2321 989 2374 i.
1006 2325 1096 2372 celebs
1115 2320 1147 2372 A.
1159 2320 1172 2387 Η
1184 2320 1209 2371 8.
1223 2322 1390 2372 celtibericos
1408 2318 1434 2371 B
1442 2319 1469 2372 0.
1482 2322 1496 2388 ΙΙ

284 2388 308 2445 ii.
329 2392 399 2458 eius]
420 2394 489 2443 illins
509 2390 539 2445 F.
552 2390 565 2459 Η
578 2395 684 2443 Indiueii
702 2393 765 2444 Par.
777 2391 790 2459 ii
809 2395 964 2457 dispensam
983 2393 1005 2443 Α
1025 2398 1050 2442 et
1062 2408 1107 2459 pr.
1127 2389 1154 2446 0.
1174 2388 1235 2443 add.
1255 2394 1275 2442 1.
1294 2394 1322 2443 P.
1341 2394 1506 2455 desponsam

242 2528 244 2533 Α
283 2480 373 2530 morpo
391 2462 422 2515 A.
439 2478 569 2528 sponsum
589 2463 621 2516 B.
641 2467 824 2531 dispensatam
844 2462 902 2517 EI*
918 2470 944 2515 et
961 2479 1031 2515 corr.
1046 2462 1075 2517 C.
1095 2466 1286 2528 desponsatam
1301 2461 1378 2513 Torr.
1391 2461 1507 2529 iiaecer-

284 2537 342 2585 sIIIs
361 2532 542 2587 BCDEFI'.
556 2533 569 2601 ΙΙ
585 2534 623 2588 li.
644 2536 687 2603 ac]
707 2538 733 2587 ei
752 2534 780 2588 F.
793 2536 805 2604 ΙΙ
821 2532 860 2588 td.
880 2538 993 2586 reddidit
1011 2533 1039 2588 F.

353 2676 565 2744 111.†ttapats;
590 2678 738 2731 contrarios
760 2676 812 2740 iris)
839 2679 920 2728 Posui
943 2693 1027 2744 supra
1051 2681 1210 2744 scripturam
1234 2680 1351 2729 omnium
1375 2680 1506 2728 bonorum

283 2751 402 2798 codicum
422 2765 555 2800 consensu
576 2753 728 2809 stabilitam,
749 2752 799 2800 atsi
822 2751 890 2816 ‹puod
905 2767 965 2800 cum
977 2750 1109 2814 prioribus
1123 2752 1305 2818 grammaticis
1319 2750 1504 2800 necessariam

283 2821 496 2871 emendationem
509 2823 683 2871 recentiorum
699 2824 823 2871 librorum
837 2835 886 2887 qao
894 2825 1069 2888 pettetratrtat
1086 2837 1133 2885 pro
1148 2836 1212 2888 quos
1219 2825 1394 2888 penetrarant
1405 2821 1504 2883 recepi.

284 2893 303 2942 ri
324 2893 420 2954 artibus
439 2907 491 2942 uon
510 2897 588 2942 modo
608 2894 716 2942 niarium
739 2894 885 2951 discedunt,
910 2895 959 2942 sed
979 2908 1012 2944 ae
1031 2895 1180 2944 sententiae
1205 2894 1309 2958 quidem
1335 2892 1506 2941 sattstaeiant

282 2979 351 3026 (pirae
372 2963 483 3032 Pighius
502 2964 682 3014 introduxerat
700 2965 725 3013 in
747 2965 857 3030 uulgata
875 2965 1013 3027 exenipla,
1039 2961 1140 3021 Quibus
1163 2963 1265 3028 loupias
1282 2961 1382 3013 relictis
1400 2967 1503 3012 contro·

223 3079 226 3086 .
281 3032 338 3084 rios
355 3037 407 3082 tam
426 3029 495 3082 diras
513 3031 586 3084 aidis
604 3049 688 3085 mores
706 3049 938 3089 commemoremus,
960 3051 1019 3084 cam
1039 3038 1101 3084 rante
1120 3051 1179 3085 eum
1193 3037 1275 3102 rurtgo
1293 3032 1375 3100 igitar
1392 3034 1502 3083 eicerem·

282 3107 393 3156 terretur
416 3121 464 3168 pro
488 3103 592 3170 iiapttis.
635 3109 738 3156 Certum
765 3107 878 3156 traditae
902 3107 1049 3169 scripturae
1074 3108 1285 3156 emendationem
1308 3105 1503 3156 communicare

280 3191 392 3242 nequeo.
429 3175 556 3238 Suspicor
575 3179 663 3226 tamen
684 3179 816 3226 Valerium
837 3178 939 3228 felicem
960 3180 1054 3228 harum
1075 3174 1206 3234 uirtutum,
1227 3180 1260 3226 de
1279 3179 1374 3242 quibus
1393 3177 1501 3224 acturus

281 3255 352 3302 erut,
378 3249 532 3299 relationem
557 3250 725 3311 arispicutum
748 3251 884 3314 tamquam
907 3250 1002 3297 amieis
1018 3241 1110 3317 ‘gratia
1132 3249 1326 3312 praeposuisse
1345 3248 1500 3297 soliemnem

281 3322 352 3370 diam
373 3321 512 3370 Iorrnuiam
532 3317 628 3370 Faaete
645 3317 758 3384 linpais!
782 3337 835 3382 qua
860 3335 1054 3383 saepenumero
1074 3321 1145 3368 uelut
1162 3335 1310 3382 praecones
1324 3320 1350 3368 iu
1363 3319 1500 3367 sacrificiis

280 3395 375 3456 pioetac
396 3393 437 3441 usi
455 3395 517 3440 suni
541 3392 708 3454 splendidam
734 3394 760 3441 et
785 3394 883 3442 laetam
909 3394 1047 3442 materiam
1073 3391 1233 3441 carminibus
1258 3390 1426 3440 celebraturi.
1462 3389 1500 3437 ct.

281 3465 343 3514 tior.
364 3464 399 3512 III
419 3479 500 3515 carm.
524 3460 544 3519 I,
564 3459 581 3512 2
601 3460 655 3514 Odi
673 3460 817 3530 prosarum
840 3461 933 3528 sabas
956 3468 982 3512 et
1003 3477 1089 3513 arceo.
1125 3460 1224 3512 Faaate
1246 3459 1359 3525 linquis,-
1382 3457 1501 3510 casim

278 3549 329 3584 aon
347 3533 427 3599 prius
449 3531 548 3585 dedita
572 3549 702 3585 musarum
724 3531 849 3584 sacerdos
878 3530 1030 3599 Virpiaihas
1047 3531 1190 3600 puerisque
1213 3537 1298 3584 cauto.
1335 3532 1413 3582 Ouid.
1437 3531 1499 3581 tasi.

279 3608 297 3665 I,
319 3602 360 3656 il.
398 3605 529 3672 Prospera
558 3605 601 3656 lae
628 3605 721 3660 ora'tar.
758 3603 870 3671 Liapais
894 3604 1039 3672 animaque
1059 3603 1169 3670 scaete.-
1198 3600 1273 3654 Naue
1298 3599 1410 3653 aaa&
1433 3599 1499 3651 tom

277 3682 337 3728 suat
355 3673 422 3726 bona
439 3675 521 3727 uerbo
540 3675 589 3730 die.
628 3685 702 3738 Quae
722 3679 848 3733 formata,
874 3679 979 3728 etiamsi
998 3677 1061 3726 aiibi
1083 3693 1100 3724 a
1118 3677 1223 3724 solatae
1242 3675 1368 3724 orationis
1387 3674 1500 3736 scripto·

278 3749 351 3796 ribus
371 3749 490 3797 adiribiia
508 3763 561 3797 non
580 3749 627 3805 sit,
648 3752 719 3811 ‹pmd
737 3751 859 3813 equidem
879 3751 971 3805 sciam,
992 3764 1009 3797 a
1023 3747 1121 3797 Valerii
1138 3749 1229 3795 umen
1248 3747 1310 3794 stilo
1328 3759 1499 3809 nequaquam

278 3818 412 3874 abhorret,
433 3833 510 3882 quem
530 3835 588 3868 cum
608 3821 633 3868 in
653 3821 762 3880 reliquis
783 3821 892 3868 multam
918 3821 1025 3882 poetica
1049 3819 1155 3866 tteentta
1180 3818 1230 3865 sibi
1255 3830 1417 3883 arrogasse,
1443 3817 1499 3863 tum

277 3887 328 3933 boc
346 3887 372 3934 ia
390 3889 482 3948 primis
501 3890 558 3938 Ioco
579 3893 717 3938 uerborum
738 3893 870 3953 qttandam
883 3891 1060 3955 granditatem
1073 3892 1154 3950 atque
1166 3888 1339 3936 festiaItetcm
1352 3886 1499 3935 affectasse

277 3956 417 4006 cernimus.
453 3959 524 4006 Idem
544 3961 599 4008 tere
619 3962 741 4009 sensisse
754 3961 857 4008 uidetur
871 3960 994 4007 iibrarias
1009 3960 1108 4007 codicis
1121 3954 1268 4014 eirirrsdam,
1289 3972 1367 4022 quem
1382 3957 1500 4019 Inspexit

276 4025 399 4074 Andreas
418 4025 553 4085 Schottas,
574 4046 631 4078 cam
651 4032 674 4078 is
694 4030 831 4091 suppleret
850 4025 1010 4079 I'aaeaatae
1027 4026 1124 4092 liapais
1141 4027 1290 4079 concuties
1308 4032 1358 4076 etc.

350 4093 371 4147 I.
391 4097 429 4144 Cf.
449 4097 506 4146 ltiu.
526 4100 622 4158 XXVI,
642 4097 684 4150 50.
713 4100 806 4162 I'onb.
827 4100 860 4154 X,
883 4095 922 4148 lii.
950 4099 1039 4168 Froni„
1058 4102 1134 4151 strat.
1154 4101 1185 4157 II,
1209 4097 1248 4158 il,
1268 4095 1293 4150 5.
1322 4101 1352 4151 d.
1370 4098 1437 4147 Geli.
1454 4099 1498 4155 vi.

276 4163 301 4217 8.
330 4166 376 4219 Sil.
396 4167 454 4217 Ital.
473 4167 532 4225 XV,
552 4167 612 4220 268.
645 4171 720 4218 tinet.
740 4171 771 4218 dc
791 4172 838 4219 ulr.
858 4170 894 4220 ill.
914 4165 956 4221 iil.

345 4233 465 4299 Indibili)
484 4237 491 4284 I
496 4239 574 4287 ,tuitus
585 4242 793 4298 urInIesceutem,
805 4243 845 4289 cni
858 4242 996 4303 desponsa
1006 4242 1064 4290 erat
1073 4242 1119 4290 ilia
1130 4244 1214 4309 uirgo,
1229 4242 1359 4290 Atitretum
1369 4241 1498 4303 appellat.

276 4313 397 4377 idemque
416 4325 511 4359 nomeu
532 4311 600 4372 ararat
621 4311 773 4361 Frontinum
800 4315 871 4360 recte
895 4315 921 4360 ei
944 4328 1013 4361 rrrrnc
1034 4313 1183 4362 restitutam
1208 4327 1273 4362 esse
1297 4313 1419 4362 arbttror.
1456 4309 1498 4358 iu·

275 4385 362 4436 dibiiis
391 4386 479 4432 autem
503 4382 647 4448 Ilergetum
671 4397 718 4432 rex
749 4385 814 4432 erat.
862 4385 942 4431 Cuius
971 4385 1043 4432 litias
1072 4384 1098 4432 in
1128 4385 1306 4433 Romanorum
1335 4381 1498 4445 potestatem

275 4449 398 4508 redactas
423 4455 517 4504 eodem
540 4455 618 4503 rrrado
645 4456 792 4503 humaniter
818 4455 844 4503 ei
864 4457 1012 4504 irerecrrndc
1039 4457 1131 4503 hnIadt
1154 4453 1254 4516 Scipio.
1290 4456 1332 4502 0b
1358 4465 1418 4501 earn
1443 4451 1498 4500 eie·

274 4527 398 4577 arentiam
426 4527 530 4588 patrem
554 4525 691 4574 indibiiem
716 4541 775 4574 cum
807 4526 868 4573 aIIIs
897 4527 1059 4587 principibus
1090 4540 1158 4574 sitae
1182 4526 1271 4591 gentle
1296 4524 1330 4572 ad
1359 4519 1496 4571 Romanos

273 4599 413 4650 transiisse
432 4598 563 4646 testantur
581 4598 640 4646 Liu.
659 4597 756 4654 xxvi,
775 4591 809 4645 te
828 4597 855 4644 et
873 4597 982 4653 XXVII,
1004 4592 1044 4646 II.
1075 4596 1170 4661 Polyb.
1195 4596 1235 4652 X,
1260 4589 1303 4644 38.
1340 4595 1416 4652 Quae
1434 4604 1497 4640 eum

273 4667 311 4714 ite
329 4668 389 4724 siat,
411 4669 523 4717 dubitari
542 4685 594 4720 non
614 4673 703 4735 potest
721 4673 783 4736 quin
803 4669 925 4722 Valerius
945 4668 987 4717 eut
1008 4668 1153 4717 memoriae
1171 4667 1251 4728 lapsu
1269 4666 1317 4712 aut
1333 4665 1430 4712 eadem
1447 4662 1496 4710 itte

273 4735 389 4796 leuitate,
410 4753 463 4801 qua
481 4739 568 4791 tontes
588 4756 653 4792 satos
673 4745 797 4793 exentera
817 4740 896 4798 solet,
917 4738 1056 4788 Indibilem
1074 4751 1135 4787 curn
1153 4737 1257 4786 Allucio
1275 4733 1431 4790 contuderit.
