<?xml version="1.0" encoding="UTF-8"?>
<!DOCTYPE html PUBLIC "-//W3C//DTD XHTML 1.0 Transitional//EN"
    "http://www.w3.org/TR/xhtml1/DTD/xhtml1-transitional.dtd">
<html xmlns="http://www.w3.org/1999/xhtml" xml:lang="en" lang="en">
 <head>
  <title>
</title>
<meta http-equiv="Content-Type" content="text/html;charset=utf-8" />
  <meta name='ocr-system' content='tesseract 3.04.00' />
  <meta name='ocr-capabilities' content='ocr_page ocr_carea ocr_par ocr_line ocrx_word'/>
</head>
<body>
  <div class='ocr_page' id='page_1' title='image "./valerimaximifac00parigoog_0321.png"; bbox 0 0 3409 5400; ppageno 0'>
   <div class='ocr_carea' id='block_1_1' title="bbox 302 452 1101 535">
    <p class='ocr_par' dir='ltr' id='par_1_1' title="bbox 302 452 1101 535">
     <span class='ocr_line' id='line_1_1' title="bbox 302 452 1101 535; baseline -0.014 -1"><span class='ocrx_word' id='word_1_1' title='bbox 302 464 367 535; x_wconf 75' lang='lat'><strong>306</strong></span> <span class='ocrx_word' id='word_1_2' title='bbox 729 459 790 531; x_wconf 77' lang='lat' dir='ltr'><strong>Da</strong></span> <span class='ocrx_word' id='word_1_3' title='bbox 815 452 1101 527; x_wconf 70' lang='lat' dir='ltr'><strong>causitum</strong></span> 
     </span>
    </p>
   </div>
   <div class='ocr_carea' id='block_1_2' title="bbox 300 614 1627 930">
    <p class='ocr_par' dir='ltr' id='par_1_2' title="bbox 300 614 1627 930">
     <span class='ocr_line' id='line_1_2' title="bbox 302 614 1627 724; baseline -0.013 -31"><span class='ocrx_word' id='word_1_4' title='bbox 302 622 441 693; x_wconf 90' lang='lat' dir='ltr'><strong>consilio</strong></span> <span class='ocrx_word' id='word_1_5' title='bbox 455 625 616 714; x_wconf 81' lang='lat' dir='ltr'><strong>propitius</strong></span> <span class='ocrx_word' id='word_1_6' title='bbox 633 626 768 713; x_wconf 83' lang='lat' dir='ltr'><strong>aspirat,</strong></span> <span class='ocrx_word' id='word_1_7' title='bbox 791 641 922 711; x_wconf 87' lang='lat' dir='ltr'><strong>quoqne</strong></span> <span class='ocrx_word' id='word_1_8' title='bbox 936 616 1163 685; x_wconf 88' lang='lat' dir='ltr'><strong>uehementius</strong></span> <span class='ocrx_word' id='word_1_9' title='bbox 1177 623 1305 690; x_wconf 49' lang='lat' dir='ltr'><strong>nocam</strong></span> <span class='ocrx_word' id='word_1_10' title='bbox 1327 614 1540 701; x_wconf 65' lang='lat' dir='ltr'>insperatius</span> <span class='ocrx_word' id='word_1_11' title='bbox 1626 645 1627 724; x_wconf 70' lang='lat'><strong>]</strong></span> 
     </span>
     <span class='ocr_line' id='line_1_3' title="bbox 300 723 1627 822; baseline -0.012 -23"><span class='ocrx_word' id='word_1_12' title='bbox 300 734 447 822; x_wconf 89' lang='lat' dir='ltr'><strong>prodest.</strong></span> <span class='ocrx_word' id='word_1_13' title='bbox 491 731 620 799; x_wconf 81' lang='lat' dir='ltr'><strong>Placidi</strong></span> <span class='ocrx_word' id='word_1_14' title='bbox 644 744 675 799; x_wconf 90' lang='lat' dir='ltr'><strong>et</strong></span> <span class='ocrx_word' id='word_1_15' title='bbox 696 728 928 799; x_wconf 80' lang='lat' dir='ltr'><strong>misericordes</strong></span> <span class='ocrx_word' id='word_1_16' title='bbox 951 736 985 791; x_wconf 85' lang='lat' dir='ltr'><strong>et</strong></span> <span class='ocrx_word' id='word_1_17' title='bbox 1010 723 1162 790; x_wconf 87' lang='lat' dir='ltr'><strong>liberales</strong></span> <span class='ocrx_word' id='word_1_18' title='bbox 1185 723 1341 811; x_wconf 89' lang='lat' dir='ltr'><strong>omnique</strong></span> <span class='ocrx_word' id='word_1_19' title='bbox 1365 724 1539 789; x_wconf 78' lang='lat' dir='ltr'><strong>suauitate</strong></span> <span class='ocrx_word' id='word_1_20' title='bbox 1626 745 1627 748; x_wconf 42' lang='lat'>¹</span> 
     </span>
     <span class='ocr_line' id='line_1_4' title="bbox 300 830 1536 930; baseline -0.011 -23"><span class='ocrx_word' id='word_1_21' title='bbox 300 840 472 930; x_wconf 87' lang='lat' dir='ltr'><strong>temperati</strong></span> <span class='ocrx_word' id='word_1_22' title='bbox 504 860 614 906; x_wconf 86' lang='lat' dir='ltr'><strong>mores</strong></span> <span class='ocrx_word' id='word_1_23' title='bbox 648 838 847 910; x_wconf 81' lang='lat' dir='ltr'><strong>Phocionis,</strong></span> <span class='ocrx_word' id='word_1_24' title='bbox 884 855 968 921; x_wconf 88' lang='lat' dir='ltr'><strong>quos</strong></span> <span class='ocrx_word' id='word_1_25' title='bbox 1001 831 1122 917; x_wconf 86' lang='lat' dir='ltr'><strong>optimc</strong></span> <span class='ocrx_word' id='word_1_26' title='bbox 1155 830 1300 917; x_wconf 85' lang='lat' dir='ltr'><strong>profecto</strong></span> <span class='ocrx_word' id='word_1_27' title='bbox 1339 850 1536 895; x_wconf 78' lang='lat' dir='ltr'><strong>consensus</strong></span> 
     </span>
    </p>
   </div>
   <div class='ocr_carea' id='block_1_3' title="bbox 301 934 1558 1141">
    <p class='ocr_par' dir='ltr' id='par_1_3' title="bbox 301 934 1558 1141">
     <span class='ocr_line' id='line_1_5' title="bbox 302 934 1535 1034; baseline -0.015 -17"><span class='ocrx_word' id='word_1_28' title='bbox 302 952 449 1019; x_wconf 90' lang='lat' dir='ltr'><strong>omnium</strong></span> <span class='ocrx_word' id='word_1_29' title='bbox 476 946 628 1013; x_wconf 84' lang='lat' dir='ltr'><strong>bonitatis</strong></span> <span class='ocrx_word' id='word_1_30' title='bbox 658 944 855 1034; x_wconf 85' lang='lat' dir='ltr'><strong>cognomine</strong></span> <span class='ocrx_word' id='word_1_31' title='bbox 883 938 1088 1005; x_wconf 84' lang='lat' dir='ltr'><strong>decorandos</strong></span> <span class='ocrx_word' id='word_1_32' title='bbox 1118 939 1254 1003; x_wconf 83' lang='lat' dir='ltr'><strong>censuit</strong></span> <span class='ocrx_word' id='word_1_33' title='bbox 1302 934 1423 1023; x_wconf 83' lang='lat' dir='ltr'><strong>ltaque</strong></span> <span class='ocrx_word' id='word_1_34' title='bbox 1454 958 1535 1000; x_wconf 81' lang='lat' dir='ltr'><strong>eon-</strong></span> 
     </span>
     <span class='ocr_line' id='line_1_6' title="bbox 301 1045 1558 1141; baseline -0.014 -16"><span class='ocrx_word' id='word_1_35' title='bbox 301 1058 433 1133; x_wconf 85' lang='lat' dir='ltr'><strong>stantie‚</strong></span> <span class='ocrx_word' id='word_1_36' title='bbox 457 1075 543 1141; x_wconf 87' lang='lat' dir='ltr'><strong>quae</strong></span> <span class='ocrx_word' id='word_1_37' title='bbox 565 1064 683 1119; x_wconf 90' lang='lat' dir='ltr'><strong>natura</strong></span> <span class='ocrx_word' id='word_1_38' title='bbox 703 1051 841 1141; x_wconf 86' lang='lat' dir='ltr'><strong>rigidior</strong></span> <span class='ocrx_word' id='word_1_39' title='bbox 863 1048 1007 1122; x_wconf 83' lang='lat' dir='ltr'><strong>uidetur,</strong></span> <span class='ocrx_word' id='word_1_40' title='bbox 1029 1045 1112 1110; x_wconf 87' lang='lat' dir='ltr'><strong>lenis</strong></span> <span class='ocrx_word' id='word_1_41' title='bbox 1135 1066 1176 1109; x_wconf 79' lang='lat' dir='ltr'><strong>ex</strong></span> <span class='ocrx_word' id='word_1_42' title='bbox 1196 1054 1371 1111; x_wconf 85' lang='lat' dir='ltr'><strong>mansueto</strong></span> <span class='ocrx_word' id='word_1_43' title='bbox 1393 1055 1558 1130; x_wconf 62' lang='lat' dir='ltr'><strong>pecteret</strong></span> 
     </span>
    </p>
   </div>
   <div class='ocr_carea' id='block_1_4' title="bbox 158 1123 1533 1359">
    <p class='ocr_par' dir='ltr' id='par_1_4' title="bbox 158 1123 1533 1359">
     <span class='ocr_line' id='line_1_7' title="bbox 158 1123 1533 1239; baseline -0.009 -11"><span class='ocrx_word' id='word_1_44' title='bbox 158 1123 160 1129; x_wconf 15' lang='lat' dir='ltr'><em>V</em></span> <span class='ocrx_word' id='word_1_45' title='bbox 258 1162 400 1230; x_wconf 75' lang='lat' dir='ltr'><strong>assum.</strong></span> <span class='ocrx_word' id='word_1_46' title='bbox 435 1161 583 1227; x_wconf 85' lang='lat' dir='ltr'><strong>Socratis</strong></span> <span class='ocrx_word' id='word_1_47' title='bbox 607 1170 715 1226; x_wconf 88' lang='lat' dir='ltr'><strong>eutem</strong></span> <span class='ocrx_word' id='word_1_48' title='bbox 732 1156 891 1225; x_wconf 86' lang='lat' dir='ltr'><strong>uirilitatis</strong></span> <span class='ocrx_word' id='word_1_49' title='bbox 907 1154 1024 1219; x_wconf 84' lang='lat' dir='ltr'><strong>robore</strong></span> <span class='ocrx_word' id='word_1_50' title='bbox 1036 1150 1188 1237; x_wconf 77' lang='lat' dir='ltr'><strong>palliatis</strong></span> <span class='ocrx_word' id='word_1_51' title='bbox 1202 1153 1332 1217; x_wconf 85' lang='lat' dir='ltr'><strong>animus</strong></span> <span class='ocrx_word' id='word_1_52' title='bbox 1358 1149 1533 1239; x_wconf 85' lang='lat' dir='ltr'><strong>aliquanto</strong></span> 
     </span>
     <span class='ocr_line' id='line_1_8' title="bbox 300 1256 1140 1359; baseline -0.017 -24"><span class='ocrx_word' id='word_1_53' title='bbox 300 1268 515 1359; x_wconf 80' lang='lat' dir='ltr'><strong>praefractius</strong></span> <span class='ocrx_word' id='word_1_54' title='bbox 533 1266 803 1355; x_wconf 88' lang='lat' dir='ltr'><strong>perseuerantiae</strong></span> <span class='ocrx_word' id='word_1_55' title='bbox 826 1261 1010 1349; x_wconf 85' lang='lat' dir='ltr'><strong>exemplum</strong></span> <span class='ocrx_word' id='word_1_56' title='bbox 1032 1256 1140 1323; x_wconf 78' lang='lat' dir='ltr'><strong>edidit.</strong></span> 
     </span>
    </p>
   </div>
   <div class='ocr_carea' id='block_1_5' title="bbox 806 1448 1017 1465">
    <p class='ocr_par' dir='ltr' id='par_1_5' title="bbox 806 1448 1017 1465">
     <span class='ocr_line' id='line_1_9' title="bbox 806 1448 1017 1465; baseline -0.024 0"><span class='ocrx_word' id='word_1_57' title='bbox 806 1448 1017 1465; x_wconf 50' lang='grc' dir='ltr'><strong>Μ</strong></span> 
     </span>
    </p>
   </div>
   <div class='ocr_carea' id='block_1_6' title="bbox 245 1560 1530 2141">
    <p class='ocr_par' dir='ltr' id='par_1_6' title="bbox 245 1560 1530 2141">
     <span class='ocr_line' id='line_1_10' title="bbox 245 1560 1529 1641; baseline -0.013 -12"><span class='ocrx_word' id='word_1_58' title='bbox 245 1572 250 1585; x_wconf 86' lang='grc'><strong>’</strong></span> <span class='ocrx_word' id='word_1_59' title='bbox 302 1572 327 1629; x_wconf 87' lang='lat' dir='ltr'><strong>i.</strong></span> <span class='ocrx_word' id='word_1_60' title='bbox 345 1572 470 1641; x_wconf 77' lang='lat' dir='ltr'><strong>proprius</strong></span> <span class='ocrx_word' id='word_1_61' title='bbox 489 1568 521 1626; x_wconf 81' lang='lat' dir='ltr'><strong>F.</strong></span> <span class='ocrx_word' id='word_1_62' title='bbox 539 1573 649 1638; x_wconf 77' lang='lat' dir='ltr'><strong>propius</strong></span> <span class='ocrx_word' id='word_1_63' title='bbox 668 1566 700 1624; x_wconf 82' lang='grc' dir='ltr'><strong>Γ.</strong></span> <span class='ocrx_word' id='word_1_64' title='bbox 711 1568 726 1637; x_wconf 92' lang='grc'><strong>11</strong></span> <span class='ocrx_word' id='word_1_65' title='bbox 737 1569 872 1635; x_wconf 82' lang='lat' dir='ltr'><strong>speretius</strong></span> <span class='ocrx_word' id='word_1_66' title='bbox 890 1562 944 1619; x_wconf 83' lang='grc' dir='ltr'><strong>ΑΒ</strong></span> <span class='ocrx_word' id='word_1_67' title='bbox 963 1570 989 1617; x_wconf 86' lang='lat' dir='ltr'><strong>et</strong></span> <span class='ocrx_word' id='word_1_68' title='bbox 1000 1580 1046 1633; x_wconf 80' lang='lat' dir='ltr'><strong>pr.</strong></span> <span class='ocrx_word' id='word_1_69' title='bbox 1064 1560 1101 1617; x_wconf 91' lang='lat' dir='ltr'><strong>D.</strong></span> <span class='ocrx_word' id='word_1_70' title='bbox 1120 1565 1287 1630; x_wconf 82' lang='lat' dir='ltr'><strong>desperatius</strong></span> <span class='ocrx_word' id='word_1_71' title='bbox 1302 1560 1331 1617; x_wconf 79' lang='lat' dir='ltr'><strong>F.</strong></span> <span class='ocrx_word' id='word_1_72' title='bbox 1349 1567 1481 1629; x_wconf 73' lang='lat' dir='ltr'><strong>paratim</strong></span> <span class='ocrx_word' id='word_1_73' title='bbox 1499 1560 1529 1615; x_wconf 84' lang='grc' dir='ltr'><strong>Γ.</strong></span> 
     </span>
     <span class='ocr_line' id='line_1_11' title="bbox 310 1631 1527 1713; baseline -0.007 -18"><span class='ocrx_word' id='word_1_74' title='bbox 310 1640 363 1713; x_wconf 73' lang='grc'><strong>112.</strong></span> <span class='ocrx_word' id='word_1_75' title='bbox 381 1647 476 1710; x_wconf 87' lang='lat' dir='ltr'><strong>prodet</strong></span> <span class='ocrx_word' id='word_1_76' title='bbox 493 1641 525 1698; x_wconf 78' lang='lat' dir='ltr'><strong>i&#39;.</strong></span> <span class='ocrx_word' id='word_1_77' title='bbox 546 1641 557 1713; x_wconf 92' lang='grc' dir='ltr'><strong>ΙΙ</strong></span> <span class='ocrx_word' id='word_1_78' title='bbox 577 1641 604 1695; x_wconf 80' lang='grc'><strong>2.</strong></span> <span class='ocrx_word' id='word_1_79' title='bbox 622 1644 723 1693; x_wconf 81' lang='lat' dir='ltr'><strong>Placidi</strong></span> <span class='ocrx_word' id='word_1_80' title='bbox 741 1670 776 1680; x_wconf 90' lang='lat'>—</span> <span class='ocrx_word' id='word_1_81' title='bbox 795 1634 844 1705; x_wconf 74' lang='lat' dir='ltr'><strong>(i.)</strong></span> <span class='ocrx_word' id='word_1_82' title='bbox 862 1640 936 1691; x_wconf 77' lang='lat' dir='ltr'><strong>fluxit</strong></span> <span class='ocrx_word' id='word_1_83' title='bbox 958 1653 1007 1690; x_wconf 74' lang='lat' dir='ltr'><strong>oar.</strong></span> <span class='ocrx_word' id='word_1_84' title='bbox 1027 1634 1058 1690; x_wconf 85' lang='grc' dir='ltr'><strong>Γ.</strong></span> <span class='ocrx_word' id='word_1_85' title='bbox 1078 1632 1091 1705; x_wconf 72' lang='lat'><strong>1]</strong></span> <span class='ocrx_word' id='word_1_86' title='bbox 1110 1634 1220 1702; x_wconf 82' lang='lat' dir='ltr'><strong>Placidi]</strong></span> <span class='ocrx_word' id='word_1_87' title='bbox 1244 1631 1307 1687; x_wconf 72' lang='lat' dir='ltr'><strong>odd</strong></span> <span class='ocrx_word' id='word_1_88' title='bbox 1331 1650 1401 1687; x_wconf 82' lang='lat' dir='ltr'><strong>sane</strong></span> <span class='ocrx_word' id='word_1_89' title='bbox 1419 1634 1455 1688; x_wconf 81' lang='lat' dir='ltr'><strong>F.</strong></span> <span class='ocrx_word' id='word_1_90' title='bbox 1474 1632 1527 1701; x_wconf 75' lang='grc'><strong>113.</strong></span> 
     </span>
     <span class='ocr_line' id='line_1_12' title="bbox 300 1704 1528 1781; baseline -0.009 -12"><span class='ocrx_word' id='word_1_91' title='bbox 300 1718 418 1769; x_wconf 86' lang='lat' dir='ltr'><strong>omnium</strong></span> <span class='ocrx_word' id='word_1_92' title='bbox 436 1728 586 1767; x_wconf 83' lang='lat' dir='ltr'><strong>consensus</strong></span> <span class='ocrx_word' id='word_1_93' title='bbox 610 1710 643 1765; x_wconf 83' lang='lat' dir='ltr'><strong>F.</strong></span> <span class='ocrx_word' id='word_1_94' title='bbox 659 1712 673 1781; x_wconf 81' lang='grc' dir='ltr'><strong>ΙΙ</strong></span> <span class='ocrx_word' id='word_1_95' title='bbox 693 1708 718 1763; x_wconf 84' lang='grc'><strong>5.</strong></span> <span class='ocrx_word' id='word_1_96' title='bbox 742 1714 869 1763; x_wconf 82' lang='lat' dir='ltr'><strong>uidetur</strong></span> <span class='ocrx_word' id='word_1_97' title='bbox 891 1708 952 1770; x_wconf 75' lang='lat' dir='ltr'><strong>aia.</strong></span> <span class='ocrx_word' id='word_1_98' title='bbox 976 1712 1036 1759; x_wconf 89' lang='lat' dir='ltr'><strong>tur</strong></span> <span class='ocrx_word' id='word_1_99' title='bbox 1060 1707 1089 1759; x_wconf 77' lang='lat' dir='ltr'><strong>ia</strong></span> <span class='ocrx_word' id='word_1_100' title='bbox 1109 1713 1218 1768; x_wconf 68' lang='lat' dir='ltr'><strong>two)</strong></span> <span class='ocrx_word' id='word_1_101' title='bbox 1239 1704 1271 1759; x_wconf 80' lang='grc' dir='ltr'><strong>Α.</strong></span> <span class='ocrx_word' id='word_1_102' title='bbox 1304 1708 1453 1759; x_wconf 76' lang='lat' dir='ltr'><strong>uidebatur</strong></span> <span class='ocrx_word' id='word_1_103' title='bbox 1473 1704 1528 1758; x_wconf 74' lang='grc' dir='ltr'><strong>ΒΕ</strong></span> 
     </span>
     <span class='ocr_line' id='line_1_13' title="bbox 303 1774 1530 1851; baseline -0.011 -11"><span class='ocrx_word' id='word_1_104' title='bbox 303 1786 381 1840; x_wconf 80' lang='lat' dir='ltr'><strong>Torr.</strong></span> <span class='ocrx_word' id='word_1_105' title='bbox 399 1789 535 1838; x_wconf 86' lang='lat' dir='ltr'><strong>uideretur</strong></span> <span class='ocrx_word' id='word_1_106' title='bbox 553 1780 615 1836; x_wconf 82' lang='lat' dir='ltr'><strong>OD.</strong></span> <span class='ocrx_word' id='word_1_107' title='bbox 635 1783 648 1846; x_wconf 91' lang='grc' dir='ltr'><strong>ΙΙ</strong></span> <span class='ocrx_word' id='word_1_108' title='bbox 667 1784 713 1851; x_wconf 85' lang='lat' dir='ltr'><strong>ex]</strong></span> <span class='ocrx_word' id='word_1_109' title='bbox 732 1782 772 1835; x_wconf 81' lang='lat' dir='ltr'><strong>aie</strong></span> <span class='ocrx_word' id='word_1_110' title='bbox 785 1797 831 1850; x_wconf 81' lang='lat' dir='ltr'><strong>pr.</strong></span> <span class='ocrx_word' id='word_1_111' title='bbox 851 1779 911 1834; x_wconf 76' lang='lat' dir='ltr'><strong>AO.</strong></span> <span class='ocrx_word' id='word_1_112' title='bbox 937 1777 1061 1833; x_wconf 82' lang='lat' dir='ltr'><strong>cBDF</strong></span> <span class='ocrx_word' id='word_1_113' title='bbox 1083 1785 1110 1831; x_wconf 87' lang='lat' dir='ltr'><strong>et</strong></span> <span class='ocrx_word' id='word_1_114' title='bbox 1126 1792 1196 1831; x_wconf 80' lang='lat' dir='ltr'><strong>corr.</strong></span> <span class='ocrx_word' id='word_1_115' title='bbox 1212 1775 1251 1832; x_wconf 73' lang='lat' dir='ltr'><strong>A.</strong></span> <span class='ocrx_word' id='word_1_116' title='bbox 1274 1774 1350 1832; x_wconf 82' lang='lat' dir='ltr'><strong>Torr.</strong></span> <span class='ocrx_word' id='word_1_117' title='bbox 1375 1780 1437 1831; x_wconf 85' lang='lat' dir='ltr'><strong>eins</strong></span> <span class='ocrx_word' id='word_1_118' title='bbox 1458 1777 1489 1831; x_wconf 78' lang='grc' dir='ltr'><strong><em>Β</em></strong></span> <span class='ocrx_word' id='word_1_119' title='bbox 1505 1783 1530 1827; x_wconf 82' lang='lat' dir='ltr'><strong>ei</strong></span> 
     </span>
     <span class='ocr_line' id='line_1_14' title="bbox 301 1846 1526 1925; baseline -0.008 -14"><span class='ocrx_word' id='word_1_120' title='bbox 301 1872 372 1911; x_wconf 73' lang='grc' dir='ltr'><strong>οοπ.</strong></span> <span class='ocrx_word' id='word_1_121' title='bbox 391 1855 418 1909; x_wconf 84' lang='lat' dir='ltr'><strong>C.</strong></span> <span class='ocrx_word' id='word_1_122' title='bbox 433 1854 445 1925; x_wconf 86' lang='grc' dir='ltr'><strong>ΙΙ</strong></span> <span class='ocrx_word' id='word_1_123' title='bbox 464 1852 489 1909; x_wconf 87' lang='grc'><strong>6.</strong></span> <span class='ocrx_word' id='word_1_124' title='bbox 514 1855 633 1907; x_wconf 81' lang='lat' dir='ltr'><strong>Socratis</strong></span> <span class='ocrx_word' id='word_1_125' title='bbox 652 1882 687 1893; x_wconf 88' lang='lat'><em>-</em></span> <span class='ocrx_word' id='word_1_126' title='bbox 706 1851 755 1921; x_wconf 83' lang='grc'><strong>(7.)</strong></span> <span class='ocrx_word' id='word_1_127' title='bbox 780 1855 861 1905; x_wconf 82' lang='lat' dir='ltr'><strong>edidit</strong></span> <span class='ocrx_word' id='word_1_128' title='bbox 885 1866 935 1902; x_wconf 81' lang='lat' dir='ltr'><strong>om.</strong></span> <span class='ocrx_word' id='word_1_129' title='bbox 953 1849 979 1903; x_wconf 82' lang='grc' dir='ltr'><em>Γ</em></span> <span class='ocrx_word' id='word_1_130' title='bbox 978 1890 985 1905; x_wconf 94' lang='grc'><strong>.</strong></span> <span class='ocrx_word' id='word_1_131' title='bbox 1002 1851 1016 1919; x_wconf 89' lang='grc'><strong>11</strong></span> <span class='ocrx_word' id='word_1_132' title='bbox 1032 1848 1170 1916; x_wconf 70' lang='lat' dir='ltr'><strong>pollicino]</strong></span> <span class='ocrx_word' id='word_1_133' title='bbox 1196 1850 1310 1900; x_wconf 86' lang='lat' dir='ltr'><strong>uallatus</strong></span> <span class='ocrx_word' id='word_1_134' title='bbox 1333 1846 1392 1900; x_wconf 75' lang='lat' dir='ltr'><strong>cod.</strong></span> <span class='ocrx_word' id='word_1_135' title='bbox 1412 1847 1526 1901; x_wconf 60' lang='lat' dir='ltr'><strong>matri</strong></span> 
     </span>
     <span class='ocr_line' id='line_1_15' title="bbox 300 1920 1529 1999; baseline -0.008 -18"><span class='ocrx_word' id='word_1_136' title='bbox 300 1926 372 1999; x_wconf 78' lang='lat' dir='ltr'><strong>quod</strong></span> <span class='ocrx_word' id='word_1_137' title='bbox 384 1926 515 1998; x_wconf 79' lang='lat' dir='ltr'><strong>praetulit</strong></span> <span class='ocrx_word' id='word_1_138' title='bbox 532 1924 609 1978; x_wconf 80' lang='lat' dir='ltr'><strong>Torr.</strong></span> <span class='ocrx_word' id='word_1_139' title='bbox 628 1921 641 1995; x_wconf 76' lang='grc' dir='ltr'><strong>ΙΙ</strong></span> <span class='ocrx_word' id='word_1_140' title='bbox 662 1924 687 1977; x_wconf 79' lang='lat' dir='ltr'><strong>i.</strong></span> <span class='ocrx_word' id='word_1_141' title='bbox 709 1923 900 1991; x_wconf 71' lang='lat' dir='ltr'><strong>praefractius]</strong></span> <span class='ocrx_word' id='word_1_142' title='bbox 924 1922 954 1973; x_wconf 73' lang='lat' dir='ltr'><strong>ia</strong></span> <span class='ocrx_word' id='word_1_143' title='bbox 976 1929 1073 1974; x_wconf 75' lang='lat' dir='ltr'><strong>ram</strong></span> <span class='ocrx_word' id='word_1_144' title='bbox 1094 1920 1127 1974; x_wconf 76' lang='lat' dir='ltr'><strong>A.</strong></span> <span class='ocrx_word' id='word_1_145' title='bbox 1150 1920 1325 1987; x_wconf 81' lang='lat' dir='ltr'><strong>prostractiur</strong></span> <span class='ocrx_word' id='word_1_146' title='bbox 1340 1936 1388 1988; x_wconf 80' lang='lat' dir='ltr'><strong>pr.</strong></span> <span class='ocrx_word' id='word_1_147' title='bbox 1409 1920 1440 1973; x_wconf 81' lang='lat' dir='ltr'><strong>c</strong></span> <span class='ocrx_word' id='word_1_148' title='bbox 1467 1937 1529 1986; x_wconf 82' lang='lat' dir='ltr'><strong>pro·</strong></span> 
     </span>
     <span class='ocr_line' id='line_1_16' title="bbox 300 1989 1529 2123; baseline -0.007 -71"><span class='ocrx_word' id='word_1_149' title='bbox 300 2002 411 2123; x_wconf 49' lang='lat' dir='ltr'><strong>fractio]</strong></span> <span class='ocrx_word' id='word_1_150' title='bbox 430 2012 499 2050; x_wconf 75' lang='lat' dir='ltr'><strong>corr.</strong></span> <span class='ocrx_word' id='word_1_151' title='bbox 520 1995 777 2122; x_wconf 28' lang='lat' dir='ltr'><strong>OppreeiectiusD.</strong></span> <span class='ocrx_word' id='word_1_152' title='bbox 796 1995 978 2062; x_wconf 83' lang='lat' dir='ltr'><strong>praestantius</strong></span> <span class='ocrx_word' id='word_1_153' title='bbox 996 1990 1058 2046; x_wconf 80' lang='lat' dir='ltr'><strong>EF.</strong></span> <span class='ocrx_word' id='word_1_154' title='bbox 1077 1990 1119 2060; x_wconf 59' lang='lat' dir='ltr'><strong>ty.</strong></span> <span class='ocrx_word' id='word_1_155' title='bbox 1136 1989 1181 2053; x_wconf 83' lang='lat' dir='ltr'><strong>Vi,</strong></span> <span class='ocrx_word' id='word_1_156' title='bbox 1199 1989 1227 2047; x_wconf 80' lang='lat' dir='ltr'><strong>i.</strong></span> <span class='ocrx_word' id='word_1_157' title='bbox 1247 1989 1332 2045; x_wconf 69' lang='lat' dir='ltr'><strong>ecci.</strong></span> <span class='ocrx_word' id='word_1_158' title='bbox 1349 1989 1402 2053; x_wconf 69' lang='lat' dir='ltr'><strong>ix,</strong></span> <span class='ocrx_word' id='word_1_159' title='bbox 1423 1991 1452 2047; x_wconf 82' lang='grc' dir='ltr'><strong>Ι.</strong></span> <span class='ocrx_word' id='word_1_160' title='bbox 1473 1990 1529 2043; x_wconf 74' lang='lat' dir='ltr'><strong>ncl-</strong></span> 
     </span>
     <span class='ocr_line' id='line_1_17' title="bbox 299 2068 577 2141; baseline -0.025 -16"><span class='ocrx_word' id='word_1_161' title='bbox 299 2068 376 2125; x_wconf 64' lang='grc' dir='ltr'><strong>ηοω.</strong></span> <span class='ocrx_word' id='word_1_162' title='bbox 412 2070 528 2141; x_wconf 73' lang='lat' dir='ltr'><strong>‚noent</strong></span> <span class='ocrx_word' id='word_1_163' title='bbox 570 2104 577 2119; x_wconf 94' lang='lat'><strong><em>.</em></strong></span> 
     </span>
    </p>
   </div>
   <div class='ocr_carea' id='block_1_7' title="bbox 298 2347 1528 2988">
    <p class='ocr_par' dir='ltr' id='par_1_7' title="bbox 298 2347 1528 2988">
     <span class='ocr_line' id='line_1_18' title="bbox 300 2347 1525 2420; baseline -0.007 -11"><span class='ocrx_word' id='word_1_164' title='bbox 300 2356 398 2410; x_wconf 76' lang='lat' dir='ltr'><strong>menda</strong></span> <span class='ocrx_word' id='word_1_165' title='bbox 421 2354 555 2409; x_wconf 86' lang='lat' dir='ltr'><strong>instruunt</strong></span> <span class='ocrx_word' id='word_1_166' title='bbox 578 2356 658 2419; x_wconf 84' lang='lat' dir='ltr'><strong>atque</strong></span> <span class='ocrx_word' id='word_1_167' title='bbox 680 2356 820 2415; x_wconf 85' lang='lat' dir='ltr'><strong>illustrant,</strong></span> <span class='ocrx_word' id='word_1_168' title='bbox 844 2372 893 2420; x_wconf 87' lang='lat' dir='ltr'><strong>per</strong></span> <span class='ocrx_word' id='word_1_169' title='bbox 913 2355 1059 2420; x_wconf 81' lang='lat' dir='ltr'><strong>particulas</strong></span> <span class='ocrx_word' id='word_1_170' title='bbox 1083 2356 1110 2403; x_wconf 83' lang='lat' dir='ltr'><strong>et</strong></span> <span class='ocrx_word' id='word_1_171' title='bbox 1129 2366 1193 2405; x_wconf 71' lang='lat' dir='ltr'><strong>aare</strong></span> <span class='ocrx_word' id='word_1_172' title='bbox 1213 2352 1320 2417; x_wconf 83' lang='lat' dir='ltr'><strong>incepit</strong></span> <span class='ocrx_word' id='word_1_173' title='bbox 1362 2351 1404 2401; x_wconf 76' lang='lat' dir='ltr'><strong>ct.</strong></span> <span class='ocrx_word' id='word_1_174' title='bbox 1421 2352 1482 2407; x_wconf 83' lang='lat'>1111.</span> <span class='ocrx_word' id='word_1_175' title='bbox 1502 2347 1525 2410; x_wconf 88' lang='lat' dir='ltr'><strong>l,</strong></span> 
     </span>
     <span class='ocr_line' id='line_1_19' title="bbox 301 2422 1528 2489; baseline -0.006 -9"><span class='ocrx_word' id='word_1_176' title='bbox 301 2432 354 2480; x_wconf 85' lang='lat' dir='ltr'><strong>ext.</strong></span> <span class='ocrx_word' id='word_1_177' title='bbox 372 2424 398 2479; x_wconf 78' lang='lat'><strong>9.</strong></span> <span class='ocrx_word' id='word_1_178' title='bbox 410 2430 449 2489; x_wconf 64' lang='grc' dir='ltr'><strong>ΙΙ,</strong></span> <span class='ocrx_word' id='word_1_179' title='bbox 466 2424 492 2487; x_wconf 80' lang='lat' dir='ltr'><strong>i,</strong></span> <span class='ocrx_word' id='word_1_180' title='bbox 512 2424 538 2479; x_wconf 86' lang='lat'><strong>8.</strong></span> <span class='ocrx_word' id='word_1_181' title='bbox 558 2428 589 2487; x_wconf 91' lang='lat' dir='ltr'><strong>V,</strong></span> <span class='ocrx_word' id='word_1_182' title='bbox 608 2424 634 2487; x_wconf 79' lang='lat' dir='ltr'><strong>i,</strong></span> <span class='ocrx_word' id='word_1_183' title='bbox 654 2430 707 2479; x_wconf 81' lang='lat' dir='ltr'><strong>ext.</strong></span> <span class='ocrx_word' id='word_1_184' title='bbox 725 2423 751 2481; x_wconf 81' lang='lat' dir='ltr'><strong>i.</strong></span> <span class='ocrx_word' id='word_1_185' title='bbox 771 2427 814 2483; x_wconf 80' lang='lat' dir='ltr'><strong>Vl,</strong></span> <span class='ocrx_word' id='word_1_186' title='bbox 834 2422 860 2486; x_wconf 81' lang='lat'><strong>³,</strong></span> <span class='ocrx_word' id='word_1_187' title='bbox 879 2423 905 2478; x_wconf 75' lang='lat' dir='ltr'><strong>a</strong></span> <span class='ocrx_word' id='word_1_188' title='bbox 924 2428 980 2486; x_wconf 87' lang='lat' dir='ltr'><strong>Vll,</strong></span> <span class='ocrx_word' id='word_1_189' title='bbox 999 2423 1025 2483; x_wconf 69' lang='grc'><strong>2.,</strong></span> <span class='ocrx_word' id='word_1_190' title='bbox 1047 2422 1058 2476; x_wconf 92' lang='lat' dir='ltr'><strong>i</strong></span> <span class='ocrx_word' id='word_1_191' title='bbox 1080 2426 1130 2474; x_wconf 84' lang='lat' dir='ltr'><strong>etc.</strong></span> <span class='ocrx_word' id='word_1_192' title='bbox 1165 2425 1219 2477; x_wconf 83' lang='lat' dir='ltr'><strong>Sed</strong></span> <span class='ocrx_word' id='word_1_193' title='bbox 1251 2426 1327 2475; x_wconf 86' lang='lat' dir='ltr'><strong>aliter</strong></span> <span class='ocrx_word' id='word_1_194' title='bbox 1349 2424 1420 2473; x_wconf 72' lang='lat' dir='ltr'><strong>haee</strong></span> <span class='ocrx_word' id='word_1_195' title='bbox 1439 2424 1528 2488; x_wconf 86' lang='lat' dir='ltr'><strong>expli-</strong></span> 
     </span>
     <span class='ocr_line' id='line_1_20' title="bbox 301 2494 1526 2563; baseline -0.004 -16"><span class='ocrx_word' id='word_1_196' title='bbox 301 2500 389 2548; x_wconf 86' lang='lat' dir='ltr'><strong>canda</strong></span> <span class='ocrx_word' id='word_1_197' title='bbox 406 2502 469 2549; x_wconf 85' lang='lat' dir='ltr'><strong>aunt</strong></span> <span class='ocrx_word' id='word_1_198' title='bbox 486 2500 565 2563; x_wconf 88' lang='lat' dir='ltr'><strong>atque</strong></span> <span class='ocrx_word' id='word_1_199' title='bbox 584 2499 683 2548; x_wconf 80' lang='lat' dir='ltr'><strong>facturn</strong></span> <span class='ocrx_word' id='word_1_200' title='bbox 702 2501 744 2549; x_wconf 85' lang='lat' dir='ltr'><strong>cst</strong></span> <span class='ocrx_word' id='word_1_201' title='bbox 762 2514 780 2546; x_wconf 91' lang='lat' dir='ltr'><strong>a</strong></span> <span class='ocrx_word' id='word_1_202' title='bbox 797 2498 939 2555; x_wconf 86' lang='lat' dir='ltr'><strong>Torrento,</strong></span> <span class='ocrx_word' id='word_1_203' title='bbox 965 2498 1010 2560; x_wconf 83' lang='lat' dir='ltr'><strong>qui</strong></span> <span class='ocrx_word' id='word_1_204' title='bbox 1028 2497 1115 2546; x_wconf 89' lang='lat' dir='ltr'><strong>deleto</strong></span> <span class='ocrx_word' id='word_1_205' title='bbox 1133 2497 1180 2548; x_wconf 93' lang='lat' dir='ltr'><strong>illo</strong></span> <span class='ocrx_word' id='word_1_206' title='bbox 1198 2495 1276 2547; x_wconf 77' lang='lat' dir='ltr'><strong>etiarn</strong></span> <span class='ocrx_word' id='word_1_207' title='bbox 1293 2494 1409 2549; x_wconf 75' lang='lat' dir='ltr'><strong>*Casus&#39;.</strong></span> <span class='ocrx_word' id='word_1_208' title='bbox 1429 2496 1526 2557; x_wconf 79' lang='lat' dir='ltr'><strong>inquit.</strong></span> 
     </span>
     <span class='ocr_line' id='line_1_21' title="bbox 300 2566 1527 2633; baseline -0.002 -15"><span class='ocrx_word' id='word_1_209' title='bbox 300 2568 393 2618; x_wconf 78' lang='lat' dir='ltr'><strong>‘efficit</strong></span> <span class='ocrx_word' id='word_1_210' title='bbox 415 2571 445 2617; x_wconf 90' lang='lat' dir='ltr'><strong>ut</strong></span> <span class='ocrx_word' id='word_1_211' title='bbox 473 2570 596 2619; x_wconf 86' lang='lat' dir='ltr'><strong>homines</strong></span> <span class='ocrx_word' id='word_1_212' title='bbox 621 2570 653 2618; x_wconf 82' lang='lat' dir='ltr'><strong>lis</strong></span> <span class='ocrx_word' id='word_1_213' title='bbox 678 2569 862 2626; x_wconf 86' lang='lat' dir='ltr'><strong>blandiantur,</strong></span> <span class='ocrx_word' id='word_1_214' title='bbox 888 2584 999 2633; x_wconf 88' lang='lat' dir='ltr'><strong>quorum</strong></span> <span class='ocrx_word' id='word_1_215' title='bbox 1024 2569 1120 2631; x_wconf 82' lang='lat' dir='ltr'><strong>coepta</strong></span> <span class='ocrx_word' id='word_1_216' title='bbox 1146 2569 1290 2618; x_wconf 82' lang='lat' dir='ltr'><strong>temeraria</strong></span> <span class='ocrx_word' id='word_1_217' title='bbox 1310 2566 1375 2616; x_wconf 79' lang='lat' dir='ltr'><strong>felix</strong></span> <span class='ocrx_word' id='word_1_218' title='bbox 1401 2567 1527 2631; x_wconf 77' lang='lat' dir='ltr'><strong>sequitur</strong></span> 
     </span>
     <span class='ocr_line' id='line_1_22' title="bbox 301 2638 1525 2708; baseline -0.002 -20"><span class='ocrx_word' id='word_1_219' title='bbox 301 2640 422 2691; x_wconf 86' lang='lat' dir='ltr'><strong>euentus.</strong></span> <span class='ocrx_word' id='word_1_220' title='bbox 459 2640 534 2701; x_wconf 83' lang='lat' dir='ltr'><strong>Quod</strong></span> <span class='ocrx_word' id='word_1_221' title='bbox 552 2655 605 2689; x_wconf 91' lang='lat' dir='ltr'><strong>non</strong></span> <span class='ocrx_word' id='word_1_222' title='bbox 624 2640 686 2689; x_wconf 83' lang='lat' dir='ltr'><strong>iecit</strong></span> <span class='ocrx_word' id='word_1_223' title='bbox 704 2639 833 2696; x_wconf 67' lang='lat' dir='ltr'><strong>Phocion:</strong></span> <span class='ocrx_word' id='word_1_224' title='bbox 860 2655 912 2705; x_wconf 91' lang='lat' dir='ltr'><strong>qno</strong></span> <span class='ocrx_word' id='word_1_225' title='bbox 935 2639 1025 2708; x_wconf 76' lang='lat' dir='ltr'><strong>magis</strong></span> <span class='ocrx_word' id='word_1_226' title='bbox 1043 2639 1200 2688; x_wconf 86' lang='lat' dir='ltr'><strong>admiranda</strong></span> <span class='ocrx_word' id='word_1_227' title='bbox 1223 2640 1258 2688; x_wconf 81' lang='lat' dir='ltr'><strong>sit</strong></span> <span class='ocrx_word' id='word_1_228' title='bbox 1275 2639 1334 2689; x_wconf 86' lang='lat' dir='ltr'><strong>eius</strong></span> <span class='ocrx_word' id='word_1_229' title='bbox 1351 2638 1525 2686; x_wconf 66' lang='lat' dir='ltr'><strong>constantia&#39;⁸</strong></span> 
     </span>
     <span class='ocr_line' id='line_1_23' title="bbox 300 2708 1527 2776; baseline -0.001 -17"><span class='ocrx_word' id='word_1_230' title='bbox 300 2708 355 2760; x_wconf 86' lang='lat' dir='ltr'><strong>Sed</strong></span> <span class='ocrx_word' id='word_1_231' title='bbox 372 2712 486 2774; x_wconf 89' lang='lat' dir='ltr'><strong>primum</strong></span> <span class='ocrx_word' id='word_1_232' title='bbox 504 2711 658 2775; x_wconf 87' lang='lat' dir='ltr'><strong>primariam</strong></span> <span class='ocrx_word' id='word_1_233' title='bbox 678 2711 751 2760; x_wconf 89' lang='lat' dir='ltr'><strong>iilam</strong></span> <span class='ocrx_word' id='word_1_234' title='bbox 776 2711 935 2762; x_wconf 76' lang='lat' dir='ltr'><strong>sentemiam</strong></span> <span class='ocrx_word' id='word_1_235' title='bbox 960 2715 1041 2776; x_wconf 84' lang='lat' dir='ltr'><strong>etque</strong></span> <span class='ocrx_word' id='word_1_236' title='bbox 1064 2711 1272 2774; x_wconf 85' lang='lat' dir='ltr'><strong>oppositionem,</strong></span> <span class='ocrx_word' id='word_1_237' title='bbox 1297 2710 1375 2760; x_wconf 81' lang='lat' dir='ltr'><strong>aliter</strong></span> <span class='ocrx_word' id='word_1_238' title='bbox 1398 2710 1527 2759; x_wconf 68' lang='lat' dir='ltr'><strong>sensim</strong></span> 
     </span>
     <span class='ocr_line' id='line_1_24' title="bbox 298 2779 1525 2846; baseline -0.002 -14"><span class='ocrx_word' id='word_1_239' title='bbox 298 2779 469 2840; x_wconf 80' lang='lat' dir='ltr'><strong>Phocionem,</strong></span> <span class='ocrx_word' id='word_1_240' title='bbox 488 2783 552 2846; x_wconf 87' lang='lat' dir='ltr'><strong>post</strong></span> <span class='ocrx_word' id='word_1_241' title='bbox 568 2783 639 2832; x_wconf 89' lang='lat' dir='ltr'><strong>hanc</strong></span> <span class='ocrx_word' id='word_1_242' title='bbox 658 2785 888 2832; x_wconf 85' lang='lat' dir='ltr'><strong>asseuerationem</strong></span> <span class='ocrx_word' id='word_1_243' title='bbox 906 2783 990 2833; x_wconf 84' lang='lat' dir='ltr'><strong>taceri</strong></span> <span class='ocrx_word' id='word_1_244' title='bbox 1008 2781 1160 2846; x_wconf 85' lang='lat' dir='ltr'><strong>neutiquam</strong></span> <span class='ocrx_word' id='word_1_245' title='bbox 1178 2782 1263 2840; x_wconf 74' lang='lat' dir='ltr'><strong>licuit,</strong></span> <span class='ocrx_word' id='word_1_246' title='bbox 1288 2795 1374 2846; x_wconf 87' lang='lat' dir='ltr'><strong>neque</strong></span> <span class='ocrx_word' id='word_1_247' title='bbox 1397 2780 1469 2829; x_wconf 81' lang='lat' dir='ltr'><strong>enim</strong></span> <span class='ocrx_word' id='word_1_248' title='bbox 1496 2783 1525 2830; x_wconf 85' lang='lat' dir='ltr'><strong>in</strong></span> 
     </span>
     <span class='ocr_line' id='line_1_25' title="bbox 299 2849 1526 2916; baseline -0.002 -14"><span class='ocrx_word' id='word_1_249' title='bbox 299 2854 474 2916; x_wconf 84' lang='lat' dir='ltr'><strong>sequentibus</strong></span> <span class='ocrx_word' id='word_1_250' title='bbox 492 2866 527 2902; x_wconf 87' lang='lat' dir='ltr'><strong>aa</strong></span> <span class='ocrx_word' id='word_1_251' title='bbox 544 2854 622 2912; x_wconf 75' lang='lat' dir='ltr'><strong>inest,</strong></span> <span class='ocrx_word' id='word_1_252' title='bbox 642 2867 701 2902; x_wconf 90' lang='lat' dir='ltr'><strong>cum</strong></span> <span class='ocrx_word' id='word_1_253' title='bbox 719 2855 809 2903; x_wconf 88' lang='lat' dir='ltr'><strong>uerbis</strong></span> <span class='ocrx_word' id='word_1_254' title='bbox 827 2850 933 2904; x_wconf 78' lang='lat' dir='ltr'><strong>Placidi</strong></span> <span class='ocrx_word' id='word_1_255' title='bbox 950 2858 977 2904; x_wconf 87' lang='lat' dir='ltr'><strong>et</strong></span> <span class='ocrx_word' id='word_1_256' title='bbox 992 2849 1176 2903; x_wconf 58' lang='lat' dir='ltr'><strong>memoriter</strong></span> <span class='ocrx_word' id='word_1_257' title='bbox 1194 2855 1244 2903; x_wconf 87' lang='lat' dir='ltr'><strong>etc.</strong></span> <span class='ocrx_word' id='word_1_258' title='bbox 1261 2867 1333 2903; x_wconf 84' lang='lat' dir='ltr'><strong>noue</strong></span> <span class='ocrx_word' id='word_1_259' title='bbox 1349 2865 1467 2915; x_wconf 85' lang='lat' dir='ltr'><strong>prorsus</strong></span> <span class='ocrx_word' id='word_1_260' title='bbox 1483 2853 1526 2901; x_wconf 87' lang='lat' dir='ltr'><strong>in·</strong></span> 
     </span>
     <span class='ocr_line' id='line_1_26' title="bbox 300 2923 1525 2988; baseline -0.001 -15"><span class='ocrx_word' id='word_1_261' title='bbox 300 2923 381 2988; x_wconf 80' lang='lat' dir='ltr'><strong>cipiet</strong></span> <span class='ocrx_word' id='word_1_262' title='bbox 398 2924 539 2981; x_wconf 84' lang='lat' dir='ltr'><strong>sententia,</strong></span> <span class='ocrx_word' id='word_1_263' title='bbox 559 2939 612 2988; x_wconf 86' lang='lat' dir='ltr'><strong>qua</strong></span> <span class='ocrx_word' id='word_1_264' title='bbox 630 2928 818 2988; x_wconf 86' lang='lat' dir='ltr'><strong>comparantur</strong></span> <span class='ocrx_word' id='word_1_265' title='bbox 835 2925 904 2974; x_wconf 88' lang='lat' dir='ltr'><strong>inter</strong></span> <span class='ocrx_word' id='word_1_266' title='bbox 923 2938 953 2974; x_wconf 87' lang='lat' dir='ltr'><strong>se</strong></span> <span class='ocrx_word' id='word_1_267' title='bbox 971 2924 1114 2974; x_wconf 80' lang='lat' dir='ltr'><strong>Phocionis</strong></span> <span class='ocrx_word' id='word_1_268' title='bbox 1132 2926 1160 2976; x_wconf 87' lang='lat' dir='ltr'><strong>et</strong></span> <span class='ocrx_word' id='word_1_269' title='bbox 1171 2923 1290 2974; x_wconf 88' lang='lat' dir='ltr'><strong>Socratis</strong></span> <span class='ocrx_word' id='word_1_270' title='bbox 1307 2925 1525 2987; x_wconf 76' lang='lat' dir='ltr'><strong>perseuerantia,</strong></span> 
     </span>
    </p>
   </div>
   <div class='ocr_carea' id='block_1_8' title="bbox 298 2994 1525 3117">
    <p class='ocr_par' dir='ltr' id='par_1_8' title="bbox 298 2994 1525 3117">
     <span class='ocr_line' id='line_1_27' title="bbox 298 2994 1525 3117; baseline 0.002 -74"><span class='ocrx_word' id='word_1_271' title='bbox 298 2995 336 3044; x_wconf 91' lang='lat' dir='ltr'><strong>lta</strong></span> <span class='ocrx_word' id='word_1_272' title='bbox 359 2995 389 3044; x_wconf 92' lang='lat' dir='ltr'><strong>ut</strong></span> <span class='ocrx_word' id='word_1_273' title='bbox 411 2995 490 3044; x_wconf 89' lang='lat' dir='ltr'><strong>huius</strong></span> <span class='ocrx_word' id='word_1_274' title='bbox 515 2994 583 3043; x_wconf 85' lang='lat' dir='ltr'><strong>lenis</strong></span> <span class='ocrx_word' id='word_1_275' title='bbox 607 2999 633 3043; x_wconf 87' lang='lat' dir='ltr'><strong>et</strong></span> <span class='ocrx_word' id='word_1_276' title='bbox 660 2997 815 3045; x_wconf 82' lang='lat' dir='ltr'><strong>mensuetus</strong></span> <span class='ocrx_word' id='word_1_277' title='bbox 840 2996 946 3045; x_wconf 88' lang='lat' dir='ltr'><strong>animus</strong></span> <span class='ocrx_word' id='word_1_278' title='bbox 976 2995 1044 3043; x_wconf 90' lang='lat' dir='ltr'><strong>uirili</strong></span> <span class='ocrx_word' id='word_1_279' title='bbox 1072 2997 1100 3043; x_wconf 90' lang='lat' dir='ltr'><strong>et</strong></span> <span class='ocrx_word' id='word_1_280' title='bbox 1123 2995 1243 3117; x_wconf 52' lang='grc' dir='ltr'>ήὲίάἰοπί</span> <span class='ocrx_word' id='word_1_281' title='bbox 1262 2995 1332 3045; x_wconf 87' lang='lat' dir='ltr'><strong>illius</strong></span> <span class='ocrx_word' id='word_1_282' title='bbox 1361 2997 1525 3058; x_wconf 82' lang='lat' dir='ltr'><strong>opponatur.</strong></span> 
     </span>
    </p>
   </div>
   <div class='ocr_carea' id='block_1_9' title="bbox 293 3060 1526 4688">
    <p class='ocr_par' dir='ltr' id='par_1_9' title="bbox 295 3060 1526 4057">
     <span class='ocr_line' id='line_1_28' title="bbox 298 3060 1526 3128; baseline 0.001 -14"><span class='ocrx_word' id='word_1_283' title='bbox 298 3065 401 3116; x_wconf 85' lang='lat' dir='ltr'><strong>Deinde</strong></span> <span class='ocrx_word' id='word_1_284' title='bbox 413 3065 502 3128; x_wconf 89' lang='lat' dir='ltr'><strong>inepte</strong></span> <span class='ocrx_word' id='word_1_285' title='bbox 514 3064 561 3114; x_wconf 86' lang='lat' dir='ltr'><strong>illa</strong></span> <span class='ocrx_word' id='word_1_286' title='bbox 573 3066 784 3124; x_wconf 68' lang='lat' dir='ltr'><strong>memoratione,</strong></span> <span class='ocrx_word' id='word_1_287' title='bbox 797 3061 929 3116; x_wconf 80' lang='lat' dir='ltr'><strong>Bloirdum</strong></span> <span class='ocrx_word' id='word_1_288' title='bbox 937 3080 1001 3116; x_wconf 77' lang='lat' dir='ltr'><strong>eoae</strong></span> <span class='ocrx_word' id='word_1_289' title='bbox 1011 3062 1147 3125; x_wconf 59' lang='lat' dir='ltr'><strong>cumam(</strong></span> <span class='ocrx_word' id='word_1_290' title='bbox 1171 3071 1256 3117; x_wconf 70' lang='lat' dir='ltr'><strong>truse</strong></span> <span class='ocrx_word' id='word_1_291' title='bbox 1265 3060 1386 3115; x_wconf 72' lang='lat' dir='ltr'><strong>blandam</strong></span> <span class='ocrx_word' id='word_1_292' title='bbox 1396 3063 1526 3124; x_wconf 66' lang='lat' dir='ltr'><strong>anima)</strong></span> 
     </span>
     <span class='ocr_line' id='line_1_29' title="bbox 299 3135 1523 3201; baseline 0.001 -15"><span class='ocrx_word' id='word_1_293' title='bbox 299 3137 348 3188; x_wconf 89' lang='lat' dir='ltr'><strong>etc.</strong></span> <span class='ocrx_word' id='word_1_294' title='bbox 362 3135 563 3186; x_wconf 85' lang='lat' dir='ltr'><strong>confirmaretur</strong></span> <span class='ocrx_word' id='word_1_295' title='bbox 572 3135 651 3196; x_wconf 86' lang='lat' dir='ltr'><strong>etque</strong></span> <span class='ocrx_word' id='word_1_296' title='bbox 663 3136 841 3188; x_wconf 80' lang='lat' dir='ltr'><strong>illustraretur</strong></span> <span class='ocrx_word' id='word_1_297' title='bbox 853 3137 1012 3186; x_wconf 87' lang='lat' dir='ltr'><strong>contrarium</strong></span> <span class='ocrx_word' id='word_1_298' title='bbox 1025 3138 1095 3198; x_wconf 88' lang='lat' dir='ltr'><strong>quod</strong></span> <span class='ocrx_word' id='word_1_299' title='bbox 1107 3139 1250 3201; x_wconf 80' lang='lat' dir='ltr'><strong>putabatur</strong></span> <span class='ocrx_word' id='word_1_300' title='bbox 1258 3137 1399 3188; x_wconf 83' lang='lat' dir='ltr'><strong>Pbocionis</strong></span> <span class='ocrx_word' id='word_1_301' title='bbox 1411 3135 1523 3187; x_wconf 83' lang='lat' dir='ltr'><strong>factum.</strong></span> 
     </span>
     <span class='ocr_line' id='line_1_30' title="bbox 297 3205 1522 3271; baseline -0.002 -13"><span class='ocrx_word' id='word_1_302' title='bbox 297 3207 372 3258; x_wconf 81' lang='lat' dir='ltr'><strong>Adeo</strong></span> <span class='ocrx_word' id='word_1_303' title='bbox 397 3207 468 3257; x_wconf 88' lang='lat' dir='ltr'><strong>enim</strong></span> <span class='ocrx_word' id='word_1_304' title='bbox 491 3219 525 3254; x_wconf 92' lang='lat' dir='ltr'><strong>ne</strong></span> <span class='ocrx_word' id='word_1_305' title='bbox 548 3205 672 3255; x_wconf 85' lang='lat' dir='ltr'><strong>Valerius</strong></span> <span class='ocrx_word' id='word_1_306' title='bbox 697 3207 802 3268; x_wconf 88' lang='lat' dir='ltr'><strong>quidem</strong></span> <span class='ocrx_word' id='word_1_307' title='bbox 826 3209 950 3258; x_wconf 80' lang='lat' dir='ltr'><strong>deliranti</strong></span> <span class='ocrx_word' id='word_1_308' title='bbox 973 3210 1001 3256; x_wconf 90' lang='lat' dir='ltr'><strong>ut</strong></span> <span class='ocrx_word' id='word_1_309' title='bbox 1026 3208 1095 3257; x_wconf 86' lang='lat' dir='ltr'><strong>haec</strong></span> <span class='ocrx_word' id='word_1_310' title='bbox 1120 3209 1289 3258; x_wconf 83' lang='lat' dir='ltr'><strong>coniunxisse</strong></span> <span class='ocrx_word' id='word_1_311' title='bbox 1318 3207 1392 3257; x_wconf 88' lang='lat' dir='ltr'><strong>credi</strong></span> <span class='ocrx_word' id='word_1_312' title='bbox 1416 3210 1522 3271; x_wconf 77' lang='lat' dir='ltr'><strong>posset,</strong></span> 
     </span>
     <span class='ocr_line' id='line_1_31' title="bbox 298 3276 1523 3342; baseline -0.002 -13"><span class='ocrx_word' id='word_1_313' title='bbox 298 3277 425 3330; x_wconf 85' lang='lat' dir='ltr'><strong>‘Phocion</strong></span> <span class='ocrx_word' id='word_1_314' title='bbox 447 3276 554 3327; x_wconf 87' lang='lat' dir='ltr'><strong>minime</strong></span> <span class='ocrx_word' id='word_1_315' title='bbox 576 3276 703 3326; x_wconf 88' lang='lat' dir='ltr'><strong>blandum</strong></span> <span class='ocrx_word' id='word_1_316' title='bbox 727 3289 758 3328; x_wconf 88' lang='lat' dir='ltr'><strong>se</strong></span> <span class='ocrx_word' id='word_1_317' title='bbox 780 3279 905 3342; x_wconf 89' lang='lat' dir='ltr'><strong>praebuit</strong></span> <span class='ocrx_word' id='word_1_318' title='bbox 927 3279 1082 3336; x_wconf 77' lang='lat' dir='ltr'><strong>temeritati3</strong></span> <span class='ocrx_word' id='word_1_319' title='bbox 1112 3281 1139 3328; x_wconf 90' lang='lat' dir='ltr'><strong>et</strong></span> <span class='ocrx_word' id='word_1_320' title='bbox 1162 3293 1229 3330; x_wconf 85' lang='lat' dir='ltr'><strong>sane</strong></span> <span class='ocrx_word' id='word_1_321' title='bbox 1251 3279 1379 3328; x_wconf 87' lang='lat' dir='ltr'><strong>blandum</strong></span> <span class='ocrx_word' id='word_1_322' title='bbox 1402 3279 1523 3327; x_wconf 80' lang='lat' dir='ltr'><strong>animum</strong></span> 
     </span>
     <span class='ocr_line' id='line_1_32' title="bbox 296 3347 1522 3414; baseline -0.001 -14"><span class='ocrx_word' id='word_1_323' title='bbox 296 3348 449 3408; x_wconf 77' lang='lat' dir='ltr'><strong>temeritati,</strong></span> <span class='ocrx_word' id='word_1_324' title='bbox 462 3361 543 3398; x_wconf 81' lang='lat' dir='ltr'><strong>casus</strong></span> <span class='ocrx_word' id='word_1_325' title='bbox 558 3347 638 3398; x_wconf 83' lang='lat' dir='ltr'><strong>facit&#39;.</strong></span> <span class='ocrx_word' id='word_1_326' title='bbox 672 3347 705 3397; x_wconf 77' lang='lat' dir='ltr'><strong>et</strong></span> <span class='ocrx_word' id='word_1_327' title='bbox 718 3349 838 3412; x_wconf 82' lang='lat' dir='ltr'><strong>prolecto</strong></span> <span class='ocrx_word' id='word_1_328' title='bbox 856 3349 964 3399; x_wconf 86' lang='lat' dir='ltr'><strong>Valerio</strong></span> <span class='ocrx_word' id='word_1_329' title='bbox 974 3349 1117 3400; x_wconf 72' lang='lat' dir='ltr'><strong>Phocionis</strong></span> <span class='ocrx_word' id='word_1_330' title='bbox 1132 3366 1239 3414; x_wconf 86' lang='lat' dir='ltr'><strong>quoque</strong></span> <span class='ocrx_word' id='word_1_331' title='bbox 1251 3351 1355 3400; x_wconf 84' lang='lat' dir='ltr'><strong>animus</strong></span> <span class='ocrx_word' id='word_1_332' title='bbox 1371 3350 1465 3412; x_wconf 80' lang='lat' dir='ltr'><strong>aliqua</strong></span> <span class='ocrx_word' id='word_1_333' title='bbox 1478 3364 1522 3399; x_wconf 83' lang='lat' dir='ltr'><strong>ra·</strong></span> 
     </span>
     <span class='ocr_line' id='line_1_33' title="bbox 296 3419 1521 3486; baseline 0.001 -18"><span class='ocrx_word' id='word_1_334' title='bbox 296 3421 370 3471; x_wconf 87' lang='lat' dir='ltr'><strong>tione</strong></span> <span class='ocrx_word' id='word_1_335' title='bbox 379 3421 494 3470; x_wconf 86' lang='lat' dir='ltr'><strong>blandus</strong></span> <span class='ocrx_word' id='word_1_336' title='bbox 504 3419 644 3470; x_wconf 87' lang='lat' dir='ltr'><strong>uidebatur</strong></span> <span class='ocrx_word' id='word_1_337' title='bbox 653 3419 803 3478; x_wconf 84' lang='lat' dir='ltr'><strong>temeritati,</strong></span> <span class='ocrx_word' id='word_1_338' title='bbox 817 3420 879 3484; x_wconf 84' lang='lat' dir='ltr'><strong>quia</strong></span> <span class='ocrx_word' id='word_1_339' title='bbox 891 3435 945 3470; x_wconf 92' lang='lat' dir='ltr'><strong>non</strong></span> <span class='ocrx_word' id='word_1_340' title='bbox 957 3421 1050 3470; x_wconf 69' lang='lat' dir='ltr'><strong>ionius</strong></span> <span class='ocrx_word' id='word_1_341' title='bbox 1063 3421 1089 3470; x_wconf 89' lang='lat' dir='ltr'><strong>ei</strong></span> <span class='ocrx_word' id='word_1_342' title='bbox 1101 3434 1132 3471; x_wconf 89' lang='lat' dir='ltr'><strong>sc</strong></span> <span class='ocrx_word' id='word_1_343' title='bbox 1142 3423 1315 3486; x_wconf 82' lang='lat' dir='ltr'><strong>opposuerat,</strong></span> <span class='ocrx_word' id='word_1_344' title='bbox 1326 3421 1445 3470; x_wconf 81' lang='lat' dir='ltr'><strong>laetatos</strong></span> <span class='ocrx_word' id='word_1_345' title='bbox 1459 3435 1521 3469; x_wconf 84' lang='lat' dir='ltr'><strong>suc·</strong></span> 
     </span>
     <span class='ocr_line' id='line_1_34' title="bbox 298 3491 1521 3557; baseline 0 -17"><span class='ocrx_word' id='word_1_346' title='bbox 298 3505 379 3540; x_wconf 82' lang='lat' dir='ltr'><strong>cesso</strong></span> <span class='ocrx_word' id='word_1_347' title='bbox 397 3491 509 3551; x_wconf 87' lang='lat' dir='ltr'><strong>consilii,</strong></span> <span class='ocrx_word' id='word_1_348' title='bbox 527 3492 554 3540; x_wconf 91' lang='lat' dir='ltr'><strong>et</strong></span> <span class='ocrx_word' id='word_1_349' title='bbox 571 3491 673 3541; x_wconf 81' lang='lat' dir='ltr'><strong>felicius</strong></span> <span class='ocrx_word' id='word_1_350' title='bbox 692 3503 742 3541; x_wconf 84' lang='lat' dir='ltr'><strong>suo</strong></span> <span class='ocrx_word' id='word_1_351' title='bbox 761 3491 872 3541; x_wconf 87' lang='lat' dir='ltr'><strong>consilio</strong></span> <span class='ocrx_word' id='word_1_352' title='bbox 890 3495 965 3541; x_wconf 87' lang='lat' dir='ltr'><strong>ratus</strong></span> <span class='ocrx_word' id='word_1_353' title='bbox 984 3493 1053 3557; x_wconf 84' lang='lat' dir='ltr'><strong>quod</strong></span> <span class='ocrx_word' id='word_1_354' title='bbox 1071 3491 1141 3541; x_wconf 85' lang='lat' dir='ltr'><strong>atius</strong></span> <span class='ocrx_word' id='word_1_355' title='bbox 1159 3494 1230 3542; x_wconf 86' lang='lat' dir='ltr'><strong>maie</strong></span> <span class='ocrx_word' id='word_1_356' title='bbox 1243 3492 1422 3543; x_wconf 83' lang='lat' dir='ltr'><strong>consuluerat.</strong></span> <span class='ocrx_word' id='word_1_357' title='bbox 1461 3491 1521 3540; x_wconf 78' lang='lat' dir='ltr'><strong>liae</strong></span> 
     </span>
     <span class='ocr_line' id='line_1_35' title="bbox 295 3559 1520 3631; baseline 0.001 -20"><span class='ocrx_word' id='word_1_358' title='bbox 295 3563 386 3611; x_wconf 86' lang='lat' dir='ltr'><strong>mente</strong></span> <span class='ocrx_word' id='word_1_359' title='bbox 398 3563 476 3626; x_wconf 85' lang='lat' dir='ltr'><strong>quasi</strong></span> <span class='ocrx_word' id='word_1_360' title='bbox 485 3562 630 3611; x_wconf 83' lang='lat' dir='ltr'><strong>excusandi</strong></span> <span class='ocrx_word' id='word_1_361' title='bbox 640 3561 782 3612; x_wconf 76' lang='lat' dir='ltr'><strong>Phocionis</strong></span> <span class='ocrx_word' id='word_1_362' title='bbox 792 3564 889 3631; x_wconf 82' lang='lat' dir='ltr'><strong>gratia,</strong></span> <span class='ocrx_word' id='word_1_363' title='bbox 902 3563 1025 3621; x_wconf 79' lang='lat' dir='ltr'><strong>citatior,</strong></span> <span class='ocrx_word' id='word_1_364' title='bbox 1038 3563 1140 3612; x_wconf 89' lang='lat' dir='ltr'><strong>addidit</strong></span> <span class='ocrx_word' id='word_1_365' title='bbox 1149 3561 1188 3613; x_wconf 86' lang='lat' dir='ltr'><strong>Et</strong></span> <span class='ocrx_word' id='word_1_366' title='bbox 1197 3577 1261 3614; x_wconf 72' lang='lat' dir='ltr'><strong>eoae</strong></span> <span class='ocrx_word' id='word_1_367' title='bbox 1273 3559 1396 3613; x_wconf 67' lang='lat' dir='ltr'><strong>dluadm</strong></span> <span class='ocrx_word' id='word_1_368' title='bbox 1404 3559 1520 3614; x_wconf 62' lang='lat' dir='ltr'><strong>aalma</strong></span> 
     </span>
     <span class='ocr_line' id='line_1_36' title="bbox 297 3629 1520 3707; baseline 0.006 -29"><span class='ocrx_word' id='word_1_369' title='bbox 297 3629 438 3707; x_wconf 58' lang='lat' dir='ltr'><strong>tenuitati</strong></span> <span class='ocrx_word' id='word_1_370' title='bbox 455 3645 532 3682; x_wconf 78' lang='lat' dir='ltr'><strong>casua</strong></span> <span class='ocrx_word' id='word_1_371' title='bbox 546 3631 623 3698; x_wconf 80' lang='lat' dir='ltr'><strong>sccii</strong></span> <span class='ocrx_word' id='word_1_372' title='bbox 644 3636 693 3684; x_wconf 87' lang='lat' dir='ltr'><strong>etc.</strong></span> <span class='ocrx_word' id='word_1_373' title='bbox 731 3633 788 3682; x_wconf 84' lang='lat' dir='ltr'><strong>lieo</strong></span> <span class='ocrx_word' id='word_1_374' title='bbox 811 3641 900 3684; x_wconf 86' lang='lat' dir='ltr'><strong>mente</strong></span> <span class='ocrx_word' id='word_1_375' title='bbox 918 3635 1006 3702; x_wconf 88' lang='lat' dir='ltr'><strong>pergit</strong></span> <span class='ocrx_word' id='word_1_376' title='bbox 1023 3629 1128 3684; x_wconf 80' lang='lat' dir='ltr'><strong>Placidi</strong></span> <span class='ocrx_word' id='word_1_377' title='bbox 1151 3638 1178 3683; x_wconf 84' lang='lat' dir='ltr'><strong>et</strong></span> <span class='ocrx_word' id='word_1_378' title='bbox 1193 3629 1378 3685; x_wconf 74' lang='lat' dir='ltr'><strong>misericordes</strong></span> <span class='ocrx_word' id='word_1_379' title='bbox 1394 3662 1430 3670; x_wconf 96' lang='lat'>-</span> <span class='ocrx_word' id='word_1_380' title='bbox 1452 3630 1520 3685; x_wconf 74' lang='lat' dir='ltr'><strong>Pto-</strong></span> 
     </span>
     <span class='ocr_line' id='line_1_37' title="bbox 297 3697 1519 3772; baseline 0.007 -26"><span class='ocrx_word' id='word_1_381' title='bbox 297 3697 382 3747; x_wconf 59' lang='lat' dir='ltr'><strong>croam</strong></span> <span class='ocrx_word' id='word_1_382' title='bbox 398 3713 491 3753; x_wconf 80' lang='lat' dir='ltr'><strong>morea.</strong></span> <span class='ocrx_word' id='word_1_383' title='bbox 510 3729 545 3740; x_wconf 88' lang='lat'>-</span> <span class='ocrx_word' id='word_1_384' title='bbox 568 3699 659 3768; x_wconf 78' lang='lat' dir='ltr'><strong>ltuqrte</strong></span> <span class='ocrx_word' id='word_1_385' title='bbox 683 3702 830 3754; x_wconf 75' lang='lat' dir='ltr'><strong>ceruicalia</strong></span> <span class='ocrx_word' id='word_1_386' title='bbox 848 3731 883 3741; x_wconf 89' lang='lat'><em>-</em></span> <span class='ocrx_word' id='word_1_387' title='bbox 901 3703 968 3756; x_wconf 68' lang='lat' dir='ltr'><strong>lena</strong></span> <span class='ocrx_word' id='word_1_388' title='bbox 990 3719 1022 3754; x_wconf 78' lang='lat' dir='ltr'><strong>ec</strong></span> <span class='ocrx_word' id='word_1_389' title='bbox 1043 3709 1175 3755; x_wconf 69' lang='lat' dir='ltr'><strong>marma</strong></span> <span class='ocrx_word' id='word_1_390' title='bbox 1189 3710 1297 3771; x_wconf 83' lang='lat' dir='ltr'><strong>pectore</strong></span> <span class='ocrx_word' id='word_1_391' title='bbox 1305 3703 1397 3772; x_wconf 74' lang='lat' dir='ltr'><strong>flacit.</strong></span> <span class='ocrx_word' id='word_1_392' title='bbox 1442 3708 1519 3766; x_wconf 82' lang='lat' dir='ltr'><strong>Quae</strong></span> 
     </span>
     <span class='ocr_line' id='line_1_38' title="bbox 297 3768 1517 3845; baseline 0.011 -32"><span class='ocrx_word' id='word_1_393' title='bbox 297 3768 387 3845; x_wconf 78' lang='lat' dir='ltr'><strong>omnia</strong></span> <span class='ocrx_word' id='word_1_394' title='bbox 409 3771 454 3818; x_wconf 81' lang='lat' dir='ltr'><strong>uix</strong></span> <span class='ocrx_word' id='word_1_395' title='bbox 477 3773 596 3839; x_wconf 83' lang='lat' dir='ltr'><strong>intellegi</strong></span> <span class='ocrx_word' id='word_1_396' title='bbox 613 3776 739 3834; x_wconf 79' lang='lat' dir='ltr'><strong>possunt,</strong></span> <span class='ocrx_word' id='word_1_397' title='bbox 765 3775 788 3823; x_wconf 89' lang='lat' dir='ltr'><strong>si</strong></span> <span class='ocrx_word' id='word_1_398' title='bbox 813 3776 1003 3838; x_wconf 83' lang='lat' dir='ltr'><strong>praecedentia</strong></span> <span class='ocrx_word' id='word_1_399' title='bbox 1027 3776 1105 3826; x_wconf 87' lang='lat' dir='ltr'><strong>aliter</strong></span> <span class='ocrx_word' id='word_1_400' title='bbox 1122 3777 1309 3840; x_wconf 79' lang='lat' dir='ltr'><strong>explicaueris.</strong></span> <span class='ocrx_word' id='word_1_401' title='bbox 1353 3777 1384 3826; x_wconf 90' lang='lat' dir='ltr'><strong>ln</strong></span> <span class='ocrx_word' id='word_1_402' title='bbox 1402 3778 1517 3828; x_wconf 84' lang='lat' dir='ltr'><strong>deterio-</strong></span> 
     </span>
     <span class='ocr_line' id='line_1_39' title="bbox 296 3837 1516 3904; baseline 0.011 -20"><span class='ocrx_word' id='word_1_403' title='bbox 296 3837 371 3884; x_wconf 80' lang='lat' dir='ltr'><strong>ribus</strong></span> <span class='ocrx_word' id='word_1_404' title='bbox 390 3839 523 3889; x_wconf 77' lang='lat' dir='ltr'><strong>codicibus</strong></span> <span class='ocrx_word' id='word_1_405' title='bbox 543 3843 683 3891; x_wconf 83' lang='lat' dir='ltr'><strong>arbitraria</strong></span> <span class='ocrx_word' id='word_1_406' title='bbox 701 3845 865 3894; x_wconf 86' lang='lat' dir='ltr'><strong>correctione</strong></span> <span class='ocrx_word' id='word_1_407' title='bbox 883 3845 972 3894; x_wconf 81' lang='lat' dir='ltr'><strong>aliena</strong></span> <span class='ocrx_word' id='word_1_408' title='bbox 991 3849 1025 3894; x_wconf 87' lang='lat' dir='ltr'><strong>ab</strong></span> <span class='ocrx_word' id='word_1_409' title='bbox 1043 3848 1095 3896; x_wconf 89' lang='lat' dir='ltr'><strong>hoc</strong></span> <span class='ocrx_word' id='word_1_410' title='bbox 1114 3848 1173 3897; x_wconf 88' lang='lat' dir='ltr'><strong>loco</strong></span> <span class='ocrx_word' id='word_1_411' title='bbox 1191 3848 1325 3899; x_wconf 76' lang='lat' dir='ltr'><strong>sententia</strong></span> <span class='ocrx_word' id='word_1_412' title='bbox 1342 3848 1441 3899; x_wconf 76' lang='lat' dir='ltr'><strong>effecta</strong></span> <span class='ocrx_word' id='word_1_413' title='bbox 1458 3851 1516 3904; x_wconf 69' lang='lat' dir='ltr'><strong>cst:</strong></span> 
     </span>
     <span class='ocr_line' id='line_1_40' title="bbox 296 3909 1515 3982; baseline 0.014 -28"><span class='ocrx_word' id='word_1_414' title='bbox 296 3909 443 3967; x_wconf 79' lang='lat' dir='ltr'><strong>sequuntur</strong></span> <span class='ocrx_word' id='word_1_415' title='bbox 459 3922 575 3974; x_wconf 87' lang='lat' dir='ltr'><strong>namque</strong></span> <span class='ocrx_word' id='word_1_416' title='bbox 594 3915 657 3974; x_wconf 85' lang='lat' dir='ltr'><strong>post</strong></span> <span class='ocrx_word' id='word_1_417' title='bbox 667 3910 812 3977; x_wconf 75' lang='lat' dir='ltr'><strong>sapientiae</strong></span> <span class='ocrx_word' id='word_1_418' title='bbox 823 3915 901 3970; x_wconf 85' lang='lat' dir='ltr'><strong>haec,</strong></span> <span class='ocrx_word' id='word_1_419' title='bbox 917 3913 1069 3982; x_wconf 70' lang='lat' dir='ltr'><strong>pleramque</strong></span> <span class='ocrx_word' id='word_1_420' title='bbox 1080 3915 1148 3968; x_wconf 78' lang='lat' dir='ltr'><strong>caira</strong></span> <span class='ocrx_word' id='word_1_421' title='bbox 1160 3917 1330 3970; x_wconf 63' lang='lat' dir='ltr'><strong>imitar</strong></span> <span class='ocrx_word' id='word_1_422' title='bbox 1341 3933 1420 3970; x_wconf 72' lang='lat' dir='ltr'><strong>com</strong></span> <span class='ocrx_word' id='word_1_423' title='bbox 1431 3917 1515 3972; x_wconf 62' lang='lat' dir='ltr'><strong>mant.</strong></span> 
     </span>
     <span class='ocr_line' id='line_1_41' title="bbox 296 3975 1195 4057; baseline 0.019 -35"><span class='ocrx_word' id='word_1_424' title='bbox 296 3989 367 4040; x_wconf 85' lang='lat' dir='ltr'><strong>quae</strong></span> <span class='ocrx_word' id='word_1_425' title='bbox 383 3975 445 4054; x_wconf 80' lang='lat' dir='ltr'><strong>inde</strong></span> <span class='ocrx_word' id='word_1_426' title='bbox 462 3980 626 4056; x_wconf 74' lang='lat' dir='ltr'><strong>transierunt</strong></span> <span class='ocrx_word' id='word_1_427' title='bbox 642 3983 668 4030; x_wconf 91' lang='lat' dir='ltr'><strong>iu</strong></span> <span class='ocrx_word' id='word_1_428' title='bbox 688 3985 812 4048; x_wconf 83' lang='lat' dir='ltr'><strong>exempla</strong></span> <span class='ocrx_word' id='word_1_429' title='bbox 829 3985 965 4046; x_wconf 82' lang='lat' dir='ltr'><strong>impressa</strong></span> <span class='ocrx_word' id='word_1_430' title='bbox 981 3992 1044 4039; x_wconf 85' lang='lat' dir='ltr'><strong>ante</strong></span> <span class='ocrx_word' id='word_1_431' title='bbox 1062 3988 1195 4057; x_wconf 74' lang='lat' dir='ltr'><strong>rigorum.</strong></span> 
     </span>
    </p>

    <p class='ocr_par' dir='ltr' id='par_1_10' title="bbox 293 4041 1516 4256">
     <span class='ocr_line' id='line_1_42' title="bbox 367 4041 1516 4121; baseline 0.017 -27"><span class='ocrx_word' id='word_1_432' title='bbox 367 4041 501 4106; x_wconf 66' lang='lat' dir='ltr'><strong>bendum)</strong></span> <span class='ocrx_word' id='word_1_433' title='bbox 518 4049 556 4096; x_wconf 84' lang='lat' dir='ltr'><strong>Ci.</strong></span> <span class='ocrx_word' id='word_1_434' title='bbox 576 4050 641 4114; x_wconf 91' lang='lat' dir='ltr'><strong>Nep.</strong></span> <span class='ocrx_word' id='word_1_435' title='bbox 661 4049 743 4101; x_wconf 88' lang='lat' dir='ltr'><strong>Phoc.</strong></span> <span class='ocrx_word' id='word_1_436' title='bbox 765 4049 787 4104; x_wconf 95' lang='lat' dir='ltr'><strong>l.</strong></span> <span class='ocrx_word' id='word_1_437' title='bbox 809 4050 831 4104; x_wconf 90' lang='lat' dir='ltr'><strong>l.</strong></span> <span class='ocrx_word' id='word_1_438' title='bbox 851 4055 918 4106; x_wconf 80' lang='lat' dir='ltr'><strong>l’lut.</strong></span> <span class='ocrx_word' id='word_1_439' title='bbox 937 4056 1018 4107; x_wconf 84' lang='lat' dir='ltr'><strong>Phoc.</strong></span> <span class='ocrx_word' id='word_1_440' title='bbox 1039 4056 1081 4111; x_wconf 86' lang='lat'><strong>10.</strong></span> <span class='ocrx_word' id='word_1_441' title='bbox 1099 4061 1158 4111; x_wconf 82' lang='lat' dir='ltr'><strong>aet.</strong></span> <span class='ocrx_word' id='word_1_442' title='bbox 1174 4075 1202 4112; x_wconf 84' lang='lat' dir='ltr'><strong>u.</strong></span> <span class='ocrx_word' id='word_1_443' title='bbox 1221 4062 1248 4113; x_wconf 88' lang='lat' dir='ltr'><strong>h.</strong></span> <span class='ocrx_word' id='word_1_444' title='bbox 1266 4061 1311 4120; x_wconf 82' lang='lat' dir='ltr'><strong>Ill,</strong></span> <span class='ocrx_word' id='word_1_445' title='bbox 1329 4057 1374 4112; x_wconf 77' lang='grc'><strong>47.</strong></span> <span class='ocrx_word' id='word_1_446' title='bbox 1396 4061 1453 4121; x_wconf 88' lang='grc' dir='ltr'>ΙΙΙΙ,</span> <span class='ocrx_word' id='word_1_447' title='bbox 1474 4055 1516 4115; x_wconf 78' lang='lat' dir='ltr'><strong>ill.</strong></span> 
     </span>
     <span class='ocr_line' id='line_1_43' title="bbox 294 4111 1516 4241; baseline 0.015 -73"><span class='ocrx_word' id='word_1_448' title='bbox 294 4111 424 4241; x_wconf 45' lang='grc' dir='ltr'><strong>ΧΙΙθὶζΙΙ(ἱ</strong></span> <span class='ocrx_word' id='word_1_449' title='bbox 453 4117 648 4238; x_wconf 64' lang='lat' dir='ltr'><strong>1l]e¹locotioue</strong></span> <span class='ocrx_word' id='word_1_450' title='bbox 666 4117 792 4174; x_wconf 73' lang='lat' dir='ltr'><strong>bonitatis</strong></span> <span class='ocrx_word' id='word_1_451' title='bbox 809 4125 959 4190; x_wconf 63' lang='lat' dir='ltr'><strong>recreatae</strong></span> <span class='ocrx_word' id='word_1_452' title='bbox 983 4132 1010 4180; x_wconf 86' lang='lat' dir='ltr'><strong>et</strong></span> <span class='ocrx_word' id='word_1_453' title='bbox 1032 4132 1165 4182; x_wconf 73' lang='lat' dir='ltr'><strong>similibus</strong></span> <span class='ocrx_word' id='word_1_454' title='bbox 1190 4133 1225 4185; x_wconf 87' lang='lat' dir='ltr'><strong>ci.</strong></span> <span class='ocrx_word' id='word_1_455' title='bbox 1248 4133 1334 4185; x_wconf 73' lang='lat' dir='ltr'><strong>Perii.</strong></span> <span class='ocrx_word' id='word_1_456' title='bbox 1353 4133 1516 4186; x_wconf 69' lang='lat' dir='ltr'><strong>animaist</strong></span> 
     </span>
     <span class='ocr_line' id='line_1_44' title="bbox 293 4199 527 4256; baseline 0.017 -18"><span class='ocrx_word' id='word_1_457' title='bbox 293 4205 322 4256; x_wconf 82' lang='lat' dir='ltr'><strong>p.</strong></span> <span class='ocrx_word' id='word_1_458' title='bbox 393 4199 434 4239; x_wconf 84' lang='lat' dir='ltr'><strong>e.</strong></span> <span class='ocrx_word' id='word_1_459' title='bbox 478 4203 527 4242; x_wconf 85' lang='lat' dir='ltr'><strong>ar.</strong></span> 
     </span>
    </p>

    <p class='ocr_par' dir='ltr' id='par_1_11' title="bbox 293 4256 1517 4688">
     <span class='ocr_line' id='line_1_45' title="bbox 364 4256 1515 4339; baseline 0.017 -30"><span class='ocrx_word' id='word_1_460' title='bbox 364 4256 480 4326; x_wconf 79' lang='lat' dir='ltr'><strong>ripidior</strong></span> <span class='ocrx_word' id='word_1_461' title='bbox 497 4256 612 4317; x_wconf 80' lang='lat' dir='ltr'><strong>uidetur)</strong></span> <span class='ocrx_word' id='word_1_462' title='bbox 630 4263 695 4314; x_wconf 86' lang='lat' dir='ltr'><strong>Corn</strong></span> <span class='ocrx_word' id='word_1_463' title='bbox 707 4265 852 4318; x_wconf 78' lang='lat' dir='ltr'><strong>Barnousis</strong></span> <span class='ocrx_word' id='word_1_464' title='bbox 871 4269 930 4320; x_wconf 87' lang='lat' dir='ltr'><strong>libri</strong></span> <span class='ocrx_word' id='word_1_465' title='bbox 942 4272 1052 4338; x_wconf 84' lang='lat' dir='ltr'><strong>antiqua</strong></span> <span class='ocrx_word' id='word_1_466' title='bbox 1063 4273 1196 4339; x_wconf 78' lang='lat' dir='ltr'><strong>scriptura</strong></span> <span class='ocrx_word' id='word_1_467' title='bbox 1208 4277 1260 4326; x_wconf 84' lang='lat' dir='ltr'><strong>suh</strong></span> <span class='ocrx_word' id='word_1_468' title='bbox 1276 4277 1358 4327; x_wconf 74' lang='lat' dir='ltr'><strong>litun</strong></span> <span class='ocrx_word' id='word_1_469' title='bbox 1369 4276 1515 4334; x_wconf 76' lang='lat' dir='ltr'><strong>eumuerit,</strong></span> 
     </span>
     <span class='ocr_line' id='line_1_46' title="bbox 294 4333 1517 4413; baseline 0.011 -29"><span class='ocrx_word' id='word_1_470' title='bbox 294 4347 381 4398; x_wconf 88' lang='lat' dir='ltr'><strong>neque</strong></span> <span class='ocrx_word' id='word_1_471' title='bbox 399 4347 415 4383; x_wconf 88' lang='lat' dir='ltr'><strong>e</strong></span> <span class='ocrx_word' id='word_1_472' title='bbox 433 4333 593 4399; x_wconf 84' lang='lat' dir='ltr'><strong>reliquorum</strong></span> <span class='ocrx_word' id='word_1_473' title='bbox 605 4335 724 4385; x_wconf 87' lang='lat' dir='ltr'><strong>codicum</strong></span> <span class='ocrx_word' id='word_1_474' title='bbox 737 4340 890 4390; x_wconf 80' lang='lat' dir='ltr'><strong>testimonio</strong></span> <span class='ocrx_word' id='word_1_475' title='bbox 903 4345 1030 4410; x_wconf 81' lang='lat' dir='ltr'><strong>cognosci</strong></span> <span class='ocrx_word' id='word_1_476' title='bbox 1041 4347 1137 4408; x_wconf 73' lang='lat' dir='ltr'><strong>possit,</strong></span> <span class='ocrx_word' id='word_1_477' title='bbox 1156 4347 1218 4411; x_wconf 86' lang='lat' dir='ltr'><strong>quid</strong></span> <span class='ocrx_word' id='word_1_478' title='bbox 1236 4347 1264 4396; x_wconf 90' lang='lat' dir='ltr'><strong>in</strong></span> <span class='ocrx_word' id='word_1_479' title='bbox 1275 4349 1424 4413; x_wconf 78' lang='lat' dir='ltr'><strong>archetypo</strong></span> <span class='ocrx_word' id='word_1_480' title='bbox 1437 4348 1517 4398; x_wconf 78' lang='lat' dir='ltr'><strong>inerit</strong></span> 
     </span>
     <span class='ocr_line' id='line_1_47' title="bbox 293 4405 1517 4482; baseline 0.011 -28"><span class='ocrx_word' id='word_1_481' title='bbox 293 4419 348 4456; x_wconf 89' lang='lat' dir='ltr'><strong>non</strong></span> <span class='ocrx_word' id='word_1_482' title='bbox 366 4405 439 4454; x_wconf 87' lang='lat' dir='ltr'><strong>certo</strong></span> <span class='ocrx_word' id='word_1_483' title='bbox 458 4406 572 4456; x_wconf 81' lang='lat' dir='ltr'><strong>constat.</strong></span> <span class='ocrx_word' id='word_1_484' title='bbox 607 4405 661 4456; x_wconf 83' lang='lat' dir='ltr'><strong>Sed</strong></span> <span class='ocrx_word' id='word_1_485' title='bbox 679 4411 861 4460; x_wconf 81' lang='lat' dir='ltr'><strong>necessarium</strong></span> <span class='ocrx_word' id='word_1_486' title='bbox 880 4413 971 4476; x_wconf 84' lang='lat' dir='ltr'><strong>utique</strong></span> <span class='ocrx_word' id='word_1_487' title='bbox 989 4429 1121 4477; x_wconf 80' lang='lat' dir='ltr'><strong>praesens</strong></span> <span class='ocrx_word' id='word_1_488' title='bbox 1132 4419 1239 4482; x_wconf 82' lang='lat' dir='ltr'><strong>tempus</strong></span> <span class='ocrx_word' id='word_1_489' title='bbox 1252 4423 1303 4479; x_wconf 80' lang='lat' dir='ltr'><strong>est,</strong></span> <span class='ocrx_word' id='word_1_490' title='bbox 1320 4415 1436 4478; x_wconf 68' lang='lat' dir='ltr'><strong>aldem,</strong></span> <span class='ocrx_word' id='word_1_491' title='bbox 1454 4435 1517 4468; x_wconf 86' lang='lat' dir='ltr'><strong>cum</strong></span> 
     </span>
     <span class='ocr_line' id='line_1_48' title="bbox 293 4476 1515 4553; baseline 0.012 -28"><span class='ocrx_word' id='word_1_492' title='bbox 293 4487 347 4526; x_wconf 90' lang='lat' dir='ltr'><strong>non</strong></span> <span class='ocrx_word' id='word_1_493' title='bbox 358 4490 409 4526; x_wconf 88' lang='lat' dir='ltr'><strong>uno</strong></span> <span class='ocrx_word' id='word_1_494' title='bbox 428 4490 460 4527; x_wconf 90' lang='lat' dir='ltr'><strong>eo</strong></span> <span class='ocrx_word' id='word_1_495' title='bbox 479 4476 559 4536; x_wconf 85' lang='lat' dir='ltr'><strong>iacto,</strong></span> <span class='ocrx_word' id='word_1_496' title='bbox 577 4479 626 4528; x_wconf 78' lang='lat' dir='ltr'><strong>sed</strong></span> <span class='ocrx_word' id='word_1_497' title='bbox 644 4482 774 4542; x_wconf 86' lang='lat' dir='ltr'><strong>perpetuo</strong></span> <span class='ocrx_word' id='word_1_498' title='bbox 793 4483 820 4532; x_wconf 91' lang='lat' dir='ltr'><strong>ct</strong></span> <span class='ocrx_word' id='word_1_499' title='bbox 837 4484 909 4532; x_wconf 85' lang='lat' dir='ltr'><strong>omni</strong></span> <span class='ocrx_word' id='word_1_500' title='bbox 921 4486 1076 4537; x_wconf 84' lang='lat' dir='ltr'><strong>condicione</strong></span> <span class='ocrx_word' id='word_1_501' title='bbox 1088 4493 1200 4540; x_wconf 71' lang='lat' dir='ltr'><strong>matera</strong></span> <span class='ocrx_word' id='word_1_502' title='bbox 1212 4493 1292 4553; x_wconf 85' lang='lat' dir='ltr'><strong>atque</strong></span> <span class='ocrx_word' id='word_1_503' title='bbox 1313 4504 1413 4553; x_wconf 73' lang='lat' dir='ltr'><strong>aspera</strong></span> <span class='ocrx_word' id='word_1_504' title='bbox 1423 4490 1515 4540; x_wconf 85' lang='lat' dir='ltr'><strong>uidea-</strong></span> 
     </span>
     <span class='ocr_line' id='line_1_49' title="bbox 293 4547 1515 4628; baseline 0.016 -35"><span class='ocrx_word' id='word_1_505' title='bbox 293 4547 336 4594; x_wconf 86' lang='lat' dir='ltr'><strong>tur</strong></span> <span class='ocrx_word' id='word_1_506' title='bbox 354 4549 521 4599; x_wconf 84' lang='lat' dir='ltr'><strong>constantiae</strong></span> <span class='ocrx_word' id='word_1_507' title='bbox 539 4550 643 4600; x_wconf 83' lang='lat' dir='ltr'><strong>natura.</strong></span> <span class='ocrx_word' id='word_1_508' title='bbox 680 4555 768 4612; x_wconf 79' lang='lat' dir='ltr'><strong>Quare</strong></span> <span class='ocrx_word' id='word_1_509' title='bbox 781 4556 960 4606; x_wconf 83' lang='lat' dir='ltr'><strong>correctorem</strong></span> <span class='ocrx_word' id='word_1_510' title='bbox 976 4556 1037 4608; x_wconf 78' lang='lat' dir='ltr'><strong>libri</strong></span> <span class='ocrx_word' id='word_1_511' title='bbox 1046 4557 1219 4611; x_wconf 82' lang='lat' dir='ltr'><strong>Daaieiiniid</strong></span> <span class='ocrx_word' id='word_1_512' title='bbox 1234 4563 1410 4628; x_wconf 85' lang='lat' dir='ltr'><strong>reponentem</strong></span> <span class='ocrx_word' id='word_1_513' title='bbox 1428 4563 1515 4613; x_wconf 82' lang='lat' dir='ltr'><strong>aconti</strong></span> 
     </span>
     <span class='ocr_line' id='line_1_50' title="bbox 294 4618 881 4688; baseline 0.019 -22"><span class='ocrx_word' id='word_1_514' title='bbox 294 4627 397 4674; x_wconf 72' lang='lat' dir='ltr'><strong>numus,</strong></span> <span class='ocrx_word' id='word_1_515' title='bbox 416 4633 475 4668; x_wconf 87' lang='lat' dir='ltr'><strong>cum</strong></span> <span class='ocrx_word' id='word_1_516' title='bbox 494 4618 575 4688; x_wconf 82' lang='lat' dir='ltr'><strong>uulgo</strong></span> <span class='ocrx_word' id='word_1_517' title='bbox 594 4622 717 4672; x_wconf 87' lang='lat' dir='ltr'><strong>ederetur</strong></span> <span class='ocrx_word' id='word_1_518' title='bbox 733 4619 881 4678; x_wconf 71' lang='lat' dir='ltr'><strong>uidebatur.</strong></span> 
     </span>
    </p>
   </div>
   <div class='ocr_carea' id='block_1_10' title="bbox 365 4679 1288 4766">
    <p class='ocr_par' dir='ltr' id='par_1_12' title="bbox 365 4679 1288 4766">
     <span class='ocr_line' id='line_1_51' title="bbox 365 4679 1288 4766; baseline 0.026 -33"><span class='ocrx_word' id='word_1_519' title='bbox 365 4679 391 4736; x_wconf 80' lang='lat'><strong>³.</strong></span> <span class='ocrx_word' id='word_1_520' title='bbox 409 4687 449 4740; x_wconf 78' lang='lat' dir='ltr'><strong>ci</strong></span> <span class='ocrx_word' id='word_1_521' title='bbox 466 4689 535 4751; x_wconf 79' lang='lat' dir='ltr'><strong>Plat.</strong></span> <span class='ocrx_word' id='word_1_522' title='bbox 553 4693 625 4758; x_wconf 84' lang='lat' dir='ltr'><strong>apol.</strong></span> <span class='ocrx_word' id='word_1_523' title='bbox 643 4691 718 4749; x_wconf 80' lang='lat' dir='ltr'><strong>Socr.</strong></span> <span class='ocrx_word' id='word_1_524' title='bbox 736 4689 780 4757; x_wconf 77' lang='lat' dir='ltr'><strong>ii,</strong></span> <span class='ocrx_word' id='word_1_525' title='bbox 797 4712 825 4762; x_wconf 85' lang='lat' dir='ltr'><strong>p.</strong></span> <span class='ocrx_word' id='word_1_526' title='bbox 843 4689 928 4751; x_wconf 78' lang='lat'>³21³.</span> <span class='ocrx_word' id='word_1_527' title='bbox 945 4699 1069 4766; x_wconf 76' lang='lat' dir='ltr'><strong>Xenoph.</strong></span> <span class='ocrx_word' id='word_1_528' title='bbox 1087 4717 1167 4757; x_wconf 81' lang='lat' dir='ltr'><strong>mem.</strong></span> <span class='ocrx_word' id='word_1_529' title='bbox 1185 4703 1244 4758; x_wconf 85' lang='lat'>1111.</span> <span class='ocrx_word' id='word_1_530' title='bbox 1261 4700 1288 4757; x_wconf 81' lang='lat' dir='ltr'><strong>i.</strong></span> 
     </span>
    </p>
   </div>
   <div class='ocr_carea' id='block_1_11' title="bbox 0 0 1710 5400">
    <p class='ocr_par' dir='ltr' id='par_1_13' title="bbox 0 0 1710 5400">
     <span class='ocr_line' id='line_1_52' title="bbox 0 0 1710 5400; baseline 0 4"><span class='ocrx_word' id='word_1_531' title='bbox 0 0 1710 5400; x_wconf 95' lang='lat' dir='ltr'><strong> </strong></span> 
     </span>
    </p>
   </div>
  </div>
 </body>
</html>
