3409 5400
524 443 606 563 nra.
629 491 718 568 vm,
741 490 776 558 o.
797 491 849 565 11,
873 487 945 554 aar.
968 493 998 564 r.
1022 485 1143 550 t-a.
1379 477 1443 542 err

398 723 622 812 QVAEDAM
644 720 794 786 NVLLA
820 717 936 782 ARTF.
959 712 1097 777 EFFICI
1122 709 1272 774 POSSE.

312 876 464 939 Ceterum
487 879 615 940 natura,
643 859 920 950 quemadmodum
948 874 1187 940 saepenumero
1212 849 1375 912 acutulum
1399 845 1488 912 tri-5.

226 986 310 1049 rium
340 1001 475 1046 suarum
507 988 610 1040 artem
639 991 714 1034 esse
744 970 879 1054 patitur,
914 967 958 1029 ita
993 957 1170 1047 aliquando
1200 956 1328 1020 inritam
1357 953 1447 1016 fesso

224 1090 337 1156 labore
361 1084 498 1150 dimittit.
546 1077 645 1160 Quod
672 1076 792 1140 summi
821 1073 953 1136 artiiicis
977 1065 1201 1153 Euphranoris
1231 1083 1349 1126 manus
1374 1082 1448 1123 scn-

203 1205 348 1260 sserunt.
394 1191 480 1256 Nam
503 1209 577 1252 cum
594 1182 732 1248 Athonis
748 1179 810 1242 XII
827 1180 907 1242 ciros
925 1179 1083 1262 pingeret,
1107 1171 1247 1257 Neptuni
1271 1169 1449 1253 Imaginem

226 1322 326 1387 quam
349 1308 475 1385 poterat
497 1289 780 1360 excellentissimis
804 1285 985 1350 maiestatis
1003 1279 1164 1346 coloribus
1188 1274 1365 1358 conplexus
1390 1283 1449 1346 est,

227 1405 361 1492 perinde
392 1426 431 1468 ac
459 1400 548 1466 louis
577 1399 743 1484 aliquanto
772 1393 995 1480 augustiorem
1023 1393 1338 1472 repraesentaturus.
1381 1379 1450 1446 Sed

227 1514 316 1580 omni
337 1513 460 1598 Impetu
472 1505 679 1595 cogitationis
695 1503 729 1565 in
745 1501 913 1586 superiore
932 1515 1029 1582 opere
1046 1493 1232 1576 absumpto,
1251 1489 1449 1575 posteriores

228 1622 299 1686 eius
322 1628 461 1685 conatus
484 1614 666 1700 adsurgere
689 1633 754 1698 quo
778 1607 954 1674 tendebant
977 1602 1199 1688 nequiuerunt.

192 1751 220 1797 1⁰
318 1723 407 1807 Quid
428 1721 481 1788 ille
508 1721 588 1786 alter
619 1740 723 1806 aeque
754 1714 873 1782 nobilis
897 1713 1016 1797 pictor,
1046 1706 1231 1770 luctuosum
1260 1693 1490 1766 Immolataeli.

228 1832 421 1922 lphIgeuiae
444 1827 640 1893 sacrificium
656 1827 812 1895 reserens,
836 1841 909 1882 cum
928 1815 1108 1881 Calchanta
1130 1812 1263 1882 tristem,
1287 1815 1448 1870 maestum
1462 1811 1499 1886 ,Ic

230 1938 359 2012 Vlixen,
382 1936 588 2015 [clamantem
605 1929 1020 2008 Aiacem,].lameotantem
1037 1917 1223 1982 Menelaum
1247 1914 1336 1978 circa
1359 1930 1450 1976 aram
1475 1882 1486 1900 Ι

735 2038 947 2056 ——n—

233 2099 256 2154 I.
275 2101 315 2151 De
334 2099 493 2163 quibusdam
507 2109 575 2160 quae
589 2094 661 2143 nulls
673 2094 730 2141 arte
749 2089 818 2140 effici
836 2085 951 2149 possunt
964 2078 1000 2133 F..
1020 2077 1112 2140 QVAE
1127 2071 1242 2124 NVLLA
1258 2071 1349 2122 ARTE
1361 2067 1453 2118 FIERI

231 2169 390 2224 POSSVN'I'
411 2166 474 2218 Par.
497 2161 696 2231 Inscriptionetn
719 2175 767 2211 oin.
795 2156 872 2208 Torr.
888 2154 901 2218 ΙΙ
918 2150 944 2204 2.
964 2148 1070 2213 nutrica]
1095 2157 1210 2209 namque
1229 2139 1260 2194 F.
1276 2139 1288 2204 ΙΙ
1305 2139 1329 2192 ii.
1355 2138 1452 2188 eoloris

204 2287 211 2298 .
229 2257 273 2312 pr.
291 2240 322 2292 Α.
337 2237 350 2309 ll
364 2239 388 2291 7.
407 2236 489 2302 touta}
509 2232 571 2286 add.
591 2235 735 2300 imngInem
755 2227 785 2281 F.
797 2228 811 2294 11
823 2225 979 2293 sngusttore
1000 2219 1029 2272 C.
1047 2217 1230 2285 angustiorem
1243 2208 1303 2262 EF.
1319 2209 1330 2278 ΙΙ
1346 2221 1453 2271 reprae-

233 2309 399 2376 sentaturus]
414 2304 475 2360 add.
488 2308 541 2358 BR.
555 2307 661 2368 nephrni
675 2305 691 2354 i.
705 2316 784 2367 quum
798 2300 882 2362 potuit
895 2293 1056 2345 excellenter
1069 2291 1140 2337 sar-tn
1153 2287 1221 2335 iouis
1235 2297 1259 2333 s.
1270 2281 1453 2348 augustiorem

232 2385 408 2451 praesentare
425 2394 478 2430 non
495 2380 580 2442 potnit
597 2389 687 2440 usurpo
704 2370 736 2423 Α.
752 2371 763 2436 ΙΙ
778 2369 803 2422 8.
822 2365 952 2432 superiori
977 2355 1206 2414 CDEFI'Torr.
1219 2353 1232 2418 ΙΙ
1247 2350 1287 2402 10.
1307 2353 1452 2400 tectuosurn

236 2455 264 2509 0.
277 2455 291 2523 ΙΙ
302 2453 465 2504 immolatum
486 2461 531 2517 pr.
556 2445 578 2497 A
603 2451 627 2496 et
649 2444 677 2495 in
701 2455 798 2494 rasura
817 2437 852 2490 D.
871 2437 884 2504 ΙΙ
903 2432 942 2487 11.
967 2431 1106 2499 epigeniae
1130 2424 1158 2477 F.
1176 2425 1189 2490 ΙΙ
1207 2423 1374 2472 calchantem
1392 2415 1453 2470 AC.

235 2528 383 2578 calciantem
401 2520 438 2573 D.
458 2521 605 2570 calcantem
624 2513 687 2567 EF.
700 2512 714 2578 ii
734 2511 773 2563 12.
791 2503 865 2560 ulixe*
886 2504 943 2559 CF.
968 2505 1065 2554 utitem
1084 2495 1204 2549 EFPur.
1229 2494 1355 2557 Viysssm
1377 2488 1454 2540 Torr.

246 2596 431 2666 'intentantem
450 2589 572 2655 Aiacem]
591 2584 648 2638 eine
664 2583 740 2636 uncis
759 2580 836 2632 Torr.

740 2673 952 2693 Μ

309 2729 496 2796 QVAEDAM
511 2726 638 2783 NVLLA
657 2724 768 2787 ARTE)
790 2726 820 2775 lu
839 2721 996 2773 edItIonibus
1010 2700 1071 2765 ante
1091 2710 1213 2778 I’ighium
1231 2706 1339 2757 emissis
1358 2715 1455 2753 notrum

238 2814 317 2876 ceput
336 2810 387 2859 hoc
407 2807 464 2855 loco
483 2803 582 2867 Incipit
619 2802 730 2869 Pighius
749 2796 850 2847 tltuium
871 2790 1005 2855 expunxit,
1026 2799 1103 2851 quem
1115 2780 1205 2845 opcrIS
1224 2778 1304 2827 indoli
1324 2789 1377 2823 non
1395 2786 1455 2821 con·

237 2882 329 2934 uenite
348 2876 492 2942 perspexit,
512 2888 571 2923 curn
591 2871 730 2937 sequentia
749 2870 783 2917 nd
803 2868 872 2915 idem
893 2862 971 2924 caput
995 2855 1142 2917 pertineant
1160 2852 1240 2913 atque
1258 2842 1456 2910 praecedentia,

237 2968 289 3005 non
309 2951 376 3001 sstIs
396 2952 466 2997 recte
479 2945 634 3007 iuscriptum
656 2936 764 2999 QVAM
774 2930 895 2988 MAGNI
906 2922 1094 2981 EFFECTVS
1106 2914 1255 2973 ARTIVM
1264 2910 1356 2966 SINT.
1394 2912 1457 2961 Pro·

238 3026 274 3075 dit
292 3026 382 3073 tamen
402 3020 470 3069 haec
488 3016 625 3079 inscriptio
644 3014 757 3062 eandem
776 3009 904 3075 originem
920 3015 998 3067 qnam
1012 3000 1125 3049 ceterae,
1146 3004 1215 3055 qttso
1231 2986 1362 3051 eapIthus
1381 2996 1458 3046 prae·

238 3097 380 3148 mittuntur.
400 3092 469 3139 adeo
487 3100 517 3136 ut
535 3091 580 3136 aut
599 3098 693 3134 omncs
711 3081 841 3130 delendus
861 3077 913 3125 sint
932 3074 978 3121 aut
997 3070 1048 3118 iliis
1067 3064 1177 3114 retentis
1196 3060 1264 3107 haec
1284 3068 1390 3119 quoque
1409 3066 1458 3101 stro

239 3168 297 3217 loco
316 3162 454 3215 retinenda
472 3160 558 3208 fuerit.
595 3156 652 3205 vio.
672 3168 741 3218 quiae
761 3153 793 3199 dc
812 3151 907 3199 haere
926 3140 1042 3192 breuiter
1056 3132 1229 3199 exposuimus
1243 3130 1268 3179 iu
1286 3126 1370 3190 praei.
1381 3141 1405 3188 p.
1416 3116 1460 3173 92.

310 3231 335 3286 5.
359 3232 399 3282 CI.
417 3232 483 3281 Ptin.
502 3230 529 3277 h.
548 3242 573 3278 n.
593 3224 716 3280 XXXVI,
737 3217 778 3276 li.
798 3218 840 3270 40.

307 3296 419 3371 perinde
443 3314 475 3350 uc
493 3294 566 3348 Iouis
590 3293 721 3362 aliquanto
746 3287 928 3355 uupustiorem)
956 3277 1099 3330 Torrenio.
1124 3288 1183 3321 cum
1208 3284 1260 3317 non
1285 3264 1462 3314 inteltexIsset

241 3376 340 3428 Valerii
364 3374 461 3427 uerba,
486 3368 629 3430 srrspeetus
653 3369 712 3413 erat
735 3364 778 3410 hic
803 3362 887 3405 iocus.
929 3350 1040 3399 Nescire
1065 3360 1096 3394 sc
1121 3344 1158 3390 uit
1176 3353 1244 3404 quae
1265 3337 1331 3383 ratio
1351 3332 1463 3395 mouerit

241 3448 443 3510 Euphranorem
466 3443 496 3488 ut
514 3438 628 3500 Neptuni
651 3434 794 3497 imaginem
819 3424 954 3488 aliquanto
978 3416 1160 3485 arrgustiorcm
1188 3404 1392 3469 repraesentare
1416 3416 1462 3449 no·

242 3518 319 3568 luerit
337 3529 416 3580 qrrarn
436 3510 521 3563 louis:
547 3510 618 3556 certe
637 3506 740 3554 Iouem,
764 3501 871 3545 deornm
895 3504 1001 3557 regem,
1026 3496 1156 3535 summam
1180 3478 1349 3526 maiestatem
1374 3470 1461 3539 tnagis

243 3592 338 3639 decere
358 3600 436 3651 qrram
456 3582 614 3643 Neptunum.
650 3572 708 3621 Non
728 3568 791 3615 uidit
808 3566 889 3631 igitur
908 3562 932 3609 id
953 3560 1051 3623 ipsum,
1077 3552 1146 3617 quod
1166 3546 1347 3599 desiderabat,
1367 3556 1461 3591 secun·

243 3664 304 3710 dum
324 3655 423 3707 Valerii
445 3652 599 3702 relationem
619 3638 785 3705 Euphranori
807 3632 970 3697 proposilum
996 3628 1093 3679 fuisse,
1118 3626 1146 3669 ut
1165 3620 1286 3681 Neptuno
1311 3630 1390 3676 quam
1417 3626 1461 3661 ett-

243 3730 432 3781 cellentIssImc
450 3724 534 3775 facto.
553 3718 624 3767 Iouis
643 3712 785 3779 imaginem
807 3704 990 3773 arrgnstiorem
1007 3698 1087 3747 etium
1104 3692 1225 3741 redderet
1248 3702 1326 3751 quam
1338 3683 1460 3745 Neptuni.

243 3804 310 3853 Mire
330 3798 449 3862 Knppiun
469 3802 573 3854 qrroqoe
591 3788 617 3835 io
637 3779 832 3844 Interpretando
847 3769 961 3843 perinde
979 3782 1010 3819 oc
1029 3768 1124 3829 lapsus
1144 3764 1193 3815 esi.
1217 3758 1286 3820 quod
1307 3754 1460 3823 significare

243 3871 377 3925 contendit
399 3864 541 3916 stantior.
565 3858 624 3922 pari
649 3852 749 3908 modo',
773 3864 825 3899 non
851 3840 1067 3895 ardmnduertcns
1092 3848 1169 3901 quom
1195 3832 1283 3893 inepto
1303 3828 1460 3887 Euphranor

244 3946 301 4009 pari
319 3941 397 3991 modo
417 3936 486 3984 Iouis
505 3930 649 3997 imngInem
675 3922 856 3991 augustiorem
878 3910 1080 3978 repracsentare
1100 3904 1218 3954 uoluisse
1236 3900 1374 3948 diceretur.
1411 3894 1458 3943 list

245 4017 333 4065 utilem
346 4002 459 4077 perinde
478 4016 509 4052 ac
526 4003 596 4050 idem
615 3998 683 4063 quod
703 4000 858 4054 ‘tamquarm
878 3986 964 4051 qrrnsi.
984 3980 1080 4029 ueluti'.
1125 3976 1205 4025 lirani
1228 3972 1343 4019 fortasse
1362 3966 1457 4032 quihus

245 4084 400 4136 insolentius
418 4078 456 4126 Itn
475 4075 566 4123 artetur
585 4071 689 4119 locutus
708 4078 771 4114 csse
790 4060 924 4110 uideatur.
944 4058 1078 4117 tamqnam
1099 4048 1255 4111 liuphrnuor
1274 4056 1303 4090 re
1323 4054 1387 4087 uera
1404 4050 1458 4085 non

245 4158 296 4205 sibi
313 4150 500 4217 proposuisset
511 4144 600 4193 Iouem
619 4137 801 4205 augustiorem
820 4131 942 4192 Neptuno
961 4123 1112 4187 depingere.
1150 4118 1182 4166 nt
1200 4112 1322 4177 exprimit
1335 4108 1457 4159 Valerius

245 4227 288 4276 nis
307 4220 441 4289 particulis
461 4231 521 4265 cum
540 4212 678 4277 participio
698 4205 775 4257 futuri
795 4199 940 4251 coniitnctis
965 4208 1016 4245 nnn
1035 4192 1120 4241 solum
1139 4188 1290 4235 simulatum
1310 4178 1457 4231 consilium,

247 4310 337 4347 uerum
360 4292 439 4341 ctiam
462 4287 562 4337 irritum
587 4281 688 4331 consilii
712 4277 843 4327 carentum.
893 4272 931 4320 lta
961 4264 1081 4315 similiter
1108 4270 1217 4323 prorsus
1241 4254 1354 4316 septimo
1379 4247 1457 4295 huius

246 4366 340 4430 capitis
352 4360 476 4424 exempto
489 4354 638 4419 composuit
648 4362 787 4418 sponpeom
799 4340 917 4395 omnibus
925 4332 1040 4389 inbutum
1054 4327 1185 4383 coloribus
1197 4322 1278 4376 ueluti
1288 4321 1460 4385 corrupturus

246 4451 311 4505 opes
327 4448 401 4485 mann
419 4427 523 4481 tubulos
540 4422 631 4476 inlisit.
676 4423 705 4470 In
727 4417 845 4467 'Iorrenii
871 4412 1023 4463 conlectura
1045 4397 1139 4454 deinde
1163 4403 1188 4447 et
1209 4392 1282 4447 lout's
1306 4404 1358 4440 non
1381 4386 1459 4435 modo

246 4518 450 4573 superuacuum.
469 4514 561 4549 uerum
581 4496 659 4545 ctiam
679 4489 827 4541 sententiae
845 4483 1004 4534 contrarium
1023 4478 1065 4529 cst
1082 4472 1145 4522 iliud
1165 4472 1197 4517 et.

317 4570 343 4629 t.
362 4576 400 4626 cr.
419 4573 472 4623 cte.
490 4574 557 4619 orat.
575 4562 619 4624 ez,
637 4560 680 4615 tt.
705 4562 772 4612 crin.
789 4559 816 4607 n.
833 4572 860 4608 n.
879 4552 990 4608 xxxv,
1012 4547 1054 4605 to,
1072 4538 1116 4597 ae.
1139 4538 1226 4599 Quat·
1246 4534 1277 4591 1¹.
1300 4527 1339 4587 ¹3·
1361 4523 1402 4579 ¹³·

319 4644 483 4713 {eluentem
501 4636 628 4702 Aiacem}
652 4632 831 4685 enatarem
855 4622 1011 4681 Menelaum)
1039 4617 1142 4669 Verba,
1170 4620 1239 4674 quus
1263 4603 1336 4653 uuels
1361 4596 1460 4653 notaui,

247 4734 356 4785 semper
377 4715 442 4767 mihi
465 4714 527 4761 uisu
551 4713 613 4758 sunt
636 4721 729 4771 parum
751 4700 863 4753 uenuste
882 4698 1073 4753 Intermmpere
1097 4684 1217 4747 apertam
1238 4678 1310 4727 iiiam
1330 4668 1459 4722 maerorIs
