3409 5400
576 474 659 544 LlB.
682 475 755 557 Vll,
779 479 816 546 Ο.
842 484 872 558 1,
896 492 925 561 s.
950 484 1068 553 1—2.
1371 496 1436 565 5³5

203 642 246 697 nt
271 634 391 702 eodem
414 646 560 724 tempore
582 648 649 703 tres
671 637 756 705 tilios
780 641 983 719 consulares,
1007 664 1107 713 unum
1128 649 1227 716 etism
1250 656 1436 721 censorium

204 750 243 801 et
275 741 520 829 triumphalem,
555 755 704 830 quartum
731 750 930 831 praetorium
959 749 1100 829 uideret,
1129 765 1228 842 utque
1255 766 1322 823 tres
1350 760 1435 827 filias

204 856 353 931 nuptum
369 847 462 913 daret
477 870 656 936 earumque
672 851 819 919 subolem
835 856 912 920 sinu
928 876 989 921 suo
1011 860 1181 944 exciperet.
1229 860 1290 926 'l'ot
1311 876 1435 949 partus,

205 963 260 1015 tot
289 952 507 1028 incunabula,
538 964 584 1018 tot
606 954 718 1020 uiriles
749 967 862 1045 togas,
892 970 959 1027 tam
990 964 1111 1029 multae
1139 966 1301 1052 nuptiales
1330 969 1434 1044 faces,

178 1055 391 1132 shonorum,
413 1059 641 1142 imperiorum,
669 1063 776 1127 omnis
801 1063 942 1151 denique
966 1069 1193 1154 gratulationis
1222 1052 1353 1137 summa
1375 1072 1434 1138 ab·

206 1162 384 1237 undantia,
408 1187 482 1229 cum
497 1167 626 1231 interim
641 1165 763 1233 nullum
783 1169 892 1244 funus,
916 1172 1023 1238 nullus
1046 1176 1199 1261 gemitus,
1223 1176 1311 1243 nulls
1330 1199 1435 1244 cause

108 1313 110 1352 ,
208 1268 373 1337 tristitiae.
433 1271 567 1337 Caelum
604 1274 841 1359 contemplare,
874 1278 930 1341 uix
963 1290 1073 1344 taurea
1105 1281 1150 1345 ihi
1184 1281 1280 1347 talem
1313 1294 1434 1349 statum

206 1376 398 1460 repperieS,
433 1380 588 1463 quoniam
619 1378 750 1465 quidem
780 1380 887 1447 luctus
917 1393 948 1446 et
976 1383 1107 1449 dolores
1136 1386 1272 1451 deorum
1303 1410 1433 1476 quoque

206 1481 401 1563 pectoribus
426 1505 447 1546 a
469 1484 622 1549 maximis
650 1486 779 1550 uatibus
811 1487 982 1576 adsignari
1010 1491 1171 1559 uidemus.
1223 1490 1317 1557 Hunc
1346 1495 1433 1560 uitae

169 1595 199 1639 ¹⁰
209 1595 324 1650 actum
340 1588 411 1653 cius
428 1600 670 1655 consentaneus
688 1593 761 1657 linis
778 1595 911 1680 excepit.
953 1595 1104 1683 Namque
1117 1595 1284 1663 Metellum
1298 1596 1432 1664 ultimae

209 1694 392 1756 senectutis
417 1697 523 1781 spatio
548 1696 735 1764 destructum
758 1700 888 1787 lenique
912 1721 1034 1788 genere
1062 1705 1177 1767 mortis
1206 1705 1289 1768 inter
1316 1704 1432 1771 oscula

210 1797 458 1886 conplexusque
487 1804 735 1869 carissimorum
764 1807 938 1893 pignorum
970 1809 1143 1873 extinctum
1173 1809 1229 1874 filii
1256 1820 1289 1875 et
1317 1810 1432 1899 generi

209 1903 360 1971 humeris
382 1909 452 1973 stris
476 1929 536 1994 per
558 1910 672 1975 urbem
694 1911 794 1977 latum
816 1934 901 2000 rogo
924 1914 1149 2000 inposuerunt

303 2011 401 2077 Olera
422 2012 505 2078 haec
536 2015 693 2092 felicitas3
723 2017 894 2083 ohscurior
922 2019 994 2095 illa,
1024 2020 1085 2086 sed
1114 2019 1223 2085 diuino
1255 2020 1429 2108 splendore
1439 2020 1472 2087 2.

212 2225 238 2279 1.
257 2226 350 2293 unum]
371 2223 433 2279 odd.
452 2227 472 2277 1.
491 2229 520 2277 Ρ.
538 2245 591 2278 uuo
610 2231 691 2281 etiam
710 2232 832 2281 censorio
851 2233 878 2282 ct
895 2232 1048 2295 trlumphall
1065 2246 1155 2299 marpo
1172 2230 1203 2284 A.
1219 2228 1234 2298 ll
1251 2228 1277 2282 2.
1296 2236 1323 2284 et
1340 2234 1430 2284 tunm·

209 2297 332 2365 phalera]
353 2298 540 2362 triumphalem
559 2303 585 2349 et
601 2297 784 2353 ACDEFI'.
808 2318 840 2351 ac
859 2303 1046 2365 triumphalem
1071 2306 1098 2353 et
1122 2300 1198 2355 Torr.
1213 2300 1225 2371 ΙΙ
1241 2304 1313 2365 utqui
1332 2316 1379 2369 pr.
1399 2300 1429 2357 C'.

210 2372 238 2418 et
256 2371 302 2431 qui
321 2364 354 2419 li.
374 2371 402 2416 ut
420 2370 481 2430 quis
499 2366 528 2420 F.
542 2366 591 2436 113.
610 2372 732 2421 sobolem
752 2370 901 2424 CDEFI'.
916 2368 967 2441 115.
987 2372 1084 2438 omnis]
1105 2374 1244 2440 omnisque
1262 2370 1294 2423 F.
1311 2370 1325 2438 ll
1343 2370 1367 2425 7.
1386 2374 1429 2423 uls

210 2437 243 2492 F.
255 2437 370 2505 litamen
387 2438 435 2505 ibi}
454 2439 491 2489 ibi
510 2437 541 2491 F.
566 2442 592 2489 in
611 2443 760 2491 numinibus
779 2440 845 2494 Dr.
863 2442 875 2506 ΙΙ
893 2442 919 2495 8.
938 2446 1061 2494 decorum
1079 2440 1108 2493 F.
1126 2441 1181 2509 119.
1200 2445 1338 2493 uideamus
1356 2438 1383 2493 Ε
1404 2446 1431 2494 et

205 2524 251 2577 pr.
270 2507 302 2561 A.
317 2506 330 2576 ΙΙ
346 2508 432 2576 linae]
457 2506 519 2561 add.
543 2513 632 2561 autem
653 2509 755 2578 Tornll
768 2510 808 2564 10.
834 2528 895 2562 num
915 2518 946 2575 Q.
966 2513 1101 2563 Metellum
1120 2511 1154 2565 E.
1172 2511 1186 2578 ΙΙ
1207 2512 1249 2565 ll.
1268 2514 1372 2574 leuique
1390 2508 1429 2565 D.

211 2582 264 2718 t'eui
282 2578 317 2633 E.
332 2580 344 2649 11
362 2578 448 2703 mast
465 2582 620 2646 complexus
639 2580 668 2632 ll.
686 2582 950 2647 amplexusqucPur.
962 2582 975 2650 Η
992 2580 1429 2649 lt.cura-praep0s1uon.1·'.

229 2652 382 2719 {splendori
425 2687 432 2704 .

714 2727 926 2740 m

282 2781 307 2828 et
325 2773 516 2844 triumphalem)
543 2779 644 2828 Omnes
666 2779 750 2828 nostrl
768 2780 876 2829 eodlccs
895 2777 1039 2831 emerium
1057 2776 1237 2847 triumphalem
1254 2783 1281 2830 et
1296 2781 1426 2846 quartam.

211 2850 282 2910 quod
301 2862 396 2898 uereor
414 2851 442 2897 ut
465 2850 538 2898 recte
560 2849 760 2899 emendauerint
781 2851 951 2917 grammatici
974 2853 1074 2902 inserto
1098 2864 1131 2900 ac
1153 2852 1215 2901 ante
1238 2846 1428 2916 triumphalem.

211 2919 424 2984 'transponenda
441 2919 529 2982 potius
549 2919 633 2970 tuisse
651 2922 735 2971 uerba
756 2918 938 2988 triumphalem
956 2926 982 2972 et
1002 2937 1072 2972 nunc
1097 2921 1200 2971 Paridis
1225 2935 1331 2986 quoque
1355 2934 1427 2970 eorm

211 2991 334 3054 pendium
353 2990 459 3046 indicat,
477 2988 504 3038 iu
524 3005 575 3053 quo
588 2989 656 3040 haec
672 3005 738 3040 casu
757 2993 823 3041 mire
836 2995 936 3044 recitato
956 2994 995 3042 sic
1007 2993 1159 3050 redduntur,
1177 2994 1299 3058 quattuor
1307 2987 1428 3057 filioram

207 3065 294 3128 poter,
316 3059 395 3111 amru
414 3057 604 3113 maen.
629 3075 681 3112 ano
700 3059 778 3112 etiam
801 3060 920 3114 omorio
944 3067 971 3114 et
991 3059 1155 3130 triumphali.
1179 3065 1273 3129 quarto
1314 3065 1426 3114 raetore.

213 3133 304 3195 Neque
322 3131 399 3180 aliter
417 3131 508 3179 cicero
528 3133 561 3180 de
580 3131 624 3181 flu.
643 3131 660 3183 l.
680 3147 712 3189 c..
737 3132 782 3200 qai
804 3138 858 3184 tres
867 3131 943 3200 filios
961 3131 1079 3185 conules
1095 3129 1180 3186 uidit.
1206 3128 1283 3198 equi
1301 3144 1332 3182 ue
1348 3145 1427 3182 umen

212 3199 289 3252 eliani
306 3204 333 3250 et
349 3213 480 3249 censorem
492 3197 738 3266 ettrisrnphantern,
757 3209 877 3270 quartam
890 3209 974 3254 autem
987 3207 1147 3272 praetorem.
1184 3203 1307 3252 Ceterum
1318 3214 1427 3251 errasse

213 3271 314 3320 uidetur
331 3270 424 3318 Cicero
442 3271 547 3320 etcum
565 3285 598 3320 co
613 3273 743 3329 Valerius.
761 3276 831 3335 quod
849 3279 906 3324 tres
925 3275 995 3324 filias
1012 3275 1130 3324 tribuunt
1142 3273 1259 3328 Metello,
1279 3285 1338 3322 cum
1356 3272 1427 3320 duae

213 3342 312 3390 tantum
330 3339 435 3396 fuerint,
453 3338 605 3402 Scipionum
624 3345 651 3390 et
668 3343 839 3394 Seruiliorum
859 3347 969 3394 matres.
1009 3343 1102 3394 Tertia
1119 3344 1189 3392 enlm
1208 3339 1332 3396 Metella,
1356 3353 1427 3401 quae

213 3426 247 3460 aa
263 3412 353 3460 aetate
372 3410 449 3467 uixit,
473 3410 642 3460 Lucullorum
664 3415 762 3470 muter,
785 3415 915 3475 patruelis
939 3413 1042 3463 lllauun
1067 3426 1145 3464 soror
1167 3414 1240 3468 erat,
1264 3410 1320 3460 filla
1342 3408 1426 3468 Calui,

213 3481 300 3532 hatris
319 3481 493 3546 Macedonici.
529 3480 687 3530 Plutarchus
707 3483 723 3531 l.
742 3497 765 3531 c.
784 3484 852 3532 duos
871 3483 972 3532 Metelli
995 3495 1112 3551 generos
1136 3481 1293 3531 consulares
1312 3493 1426 3530 comme·

213 3555 310 3609 morat,
334 3553 404 3616 quod
428 3554 517 3600 tamen
540 3564 594 3599 non
618 3552 734 3600 excludit
755 3554 861 3602 tertium
886 3567 938 3602 non
961 3554 1139 3603 consularem.
1186 3550 1241 3600 Sed
1265 3551 1358 3613 aperte
1376 3562 1426 3600 sex
1500 3551 1501 3558 ’

212 3627 312 3674 tautum
330 3623 429 3671 liberos
447 3621 472 3670 ei
491 3621 577 3670 fuisse
593 3621 709 3671 testatur
726 3621 792 3672 Plio.
811 3622 838 3672 h.
857 3635 883 3673 n.
903 3623 957 3680 Vll,
980 3619 1020 3674 13.
1048 3622 1087 3674 cf.
1100 3621 1185 3672 Perlz.
1198 3621 1278 3672 anim.
1290 3620 1353 3672 hist.
1365 3633 1425 3684 cap.

216 3691 245 3745 15
262 3710 289 3758 p.
307 3689 360 3744 406
378 3693 421 3743 ed.
439 3691 513 3743 llari.
531 3691 677 3743 Drumano.
695 3692 790 3759 gesch.
807 3691 891 3742 Roma
909 3693 942 3752 ll,
961 3709 987 3758 p.
1004 3689 1048 3745 21.

280 3761 307 3815 2.
326 3763 365 3814 ef.
383 3763 450 3814 Plio.
469 3763 495 3812 h.
513 3777 540 3812 n.
559 3762 615 3818 Vll,
632 3759 676 3813 tt.

282 3831 373 3886 diuino
390 3829 529 3900 splendore
546 3831 714 3900 praeposita)
737 3832 813 3884 llaec
834 3837 920 3884 uerba
942 3834 1070 3898 suspecta
1093 3834 1170 3884 erant
1187 3831 1338 3892 Perizonio.
1364 3833 1426 3898 quis

215 3909 353 3956 obscuram
373 3904 452 3972 Aglai
470 3903 623 3954 felicitatem
641 3906 718 3972 regio
740 3905 876 3968 splendori
898 3919 930 3954 ac
949 3905 1182 3968 splendidissimae
1199 3904 1318 3955 felicitati
1336 3903 1425 3954 diuino

215 3977 320 4028 oraculo
344 3976 528 4040 praepositam
550 3988 615 4026 esse
638 3976 689 4029 dici
712 3979 836 4038 oportere
860 3976 911 4026 sibl
933 3978 1114 4039 persuaserat.
1160 3975 1253 4037 ltaque
1281 3973 1425 4042 legendum

215 4061 276 4099 esse
293 4047 398 4097 censuit
414 4041 504 4097 diuise
522 4048 569 4096 aut
580 4042 709 4097 dismitru
718 4043 854 4113 splendori
862 4044 1027 4113 praeposita.
1045 4047 1116 4107 quod
1131 4047 1169 4096 ita
1181 4046 1305 4109 explicat,
1324 4045 1424 4096 claram

215 4119 317 4183 quidem
334 4130 398 4168 esse
416 4117 518 4167 Metelli
535 4117 696 4174 felicitatem,
715 4119 897 4168 obscuriorem
911 4117 1002 4185 Aglaie
1022 4118 1069 4167 sed
1088 4121 1178 4168 tamen
1196 4132 1214 4166 a
1226 4117 1277 4167 deo
1289 4115 1426 4179 splendori

215 4190 285 4257 regis
304 4189 401 4256 Gygae
419 4189 609 4251 praepositam.
645 4187 734 4238 Sensit
755 4190 836 4256 igitur
853 4189 1078 4251 comparationem
1096 4189 1164 4238 inter
1181 4187 1283 4238 Metelli
1302 4187 1330 4236 et
1347 4185 1425 4252 Aglal

215 4265 311 4310 sortem
330 4258 451 4310 hocloco
463 4259 520 4308 fleri
533 4259 639 4312 debere.
658 4260 772 4308 sednon
785 4260 972 4308 animaduertit
988 4259 1053 4308 nihil
1065 4271 1128 4308 esse
1139 4259 1166 4307 in
1179 4257 1280 4308 Metelli
1293 4255 1425 4317 exemplo,

216 4331 253 4380 cui
273 4331 371 4393 opponi
394 4329 420 4379 in
445 4329 523 4396 rigiai
545 4329 671 4378 felicitate
694 4331 782 4392 possit
805 4330 868 4379 illud
890 4325 938 4380 sed
962 4325 1089 4380 diuinitus
1109 4325 1244 4395 splendori
1262 4323 1426 4394 praeposita.

216 4401 280 4452 Nam
298 4400 400 4450 Metelli
418 4400 498 4448 uitam
518 4400 563 4448 alii
582 4399 718 4464 splendori
735 4401 937 4463 praeferendam
955 4401 997 4450 uel
1016 4415 1034 4448 o
1051 4414 1183 4464 quoquam
1195 4397 1345 4461 praelatam
1362 4407 1427 4445 esse

215 4473 308 4522 dictum
321 4487 373 4522 non
386 4473 452 4522 erat.
479 4473 572 4531 ltaque
584 4471 735 4520 conlectura
747 4471 876 4522 Perizonii
888 4471 993 4522 etiamsi
1004 4469 1121 4522 nonnihil
1134 4466 1312 4519 commendari
1324 4466 1428 4516 uidetur

215 4544 303 4594 codice
314 4543 444 4592 Beruensi
454 4537 589 4609 splendori
600 4541 751 4600 exhibente,
763 4543 835 4592 blaa
846 4543 936 4592 tantm
949 4545 1000 4593 est.
1031 4539 1196 4592 Seumntiem
1208 4541 1280 4589 recte
1292 4537 1428 4588 enanault

216 4613 366 4671 Torrenios,
388 4616 572 4678 praepositam
595 4626 659 4664 esse
681 4615 824 4665 obscuram
847 4613 926 4682 Aglal
944 4615 1043 4662 sortem
1068 4611 1158 4661 clarae
1175 4609 1277 4660 Metelli
1299 4607 1427 4668 felicitati,

216 4684 276 4752 qut·
290 4686 331 4738 iili
347 4685 454 4738 atomus
471 4685 589 4740 messit
605 4684 741 4750 splendor,
759 4699 794 4738 ex
812 4683 1005 4750 approbatione
1022 4681 1145 4734 ntaebcet
1162 4681 1243 4734 aldai
1258 4679 1369 4734 oraculi.
