3409 5400
301 491 367 559 668
445 487 568 571 QVAE
592 487 760 573 CVIQVII
782 487 1026 558 MAGNIFICA
1049 487 1393 560 CONTIGERVNT.

301 654 420 717 mentis
443 651 680 735 obstrepantur.
726 651 838 738 liques
852 652 1025 716 Romanus
1049 671 1109 735 pro
1125 650 1259 714 consule
1275 653 1311 714 in
1327 651 1560 736 Hispaniam

302 760 463 824 aduersus
487 758 667 822 Sertorium
691 759 762 842 pari
785 759 921 842 imperio
945 778 1020 820 cum
1040 755 1100 820 Pio
1116 756 1245 820 Metello
1269 759 1447 843 principe
1477 757 1558 819 ciui-

302 866 376 928 tatis
400 866 523 929 missus
547 870 606 928 e'st.
652 861 806 926 Nondum
829 862 929 928 ullum
952 859 1111 926 honorem
1127 865 1319 948 auspicatus
1336 864 1405 928 bis
1436 863 1551 926 trium·

301 969 423 1056 phauit.
469 967 565 1032 Initia
586 968 837 1054 magistratuum
865 989 885 1031 a
912 989 1040 1032 summo
1070 968 1205 1052 imperio
1236 969 1333 1054 oepit.
1393 968 1552 1031 Tertium

303 1074 508 1141 consulatum
536 1073 667 1137 decreto
696 1085 829 1137 senatus
859 1072 950 1138 solus
981 1073 1093 1159 gessit.
1146 1071 1196 1136 De
1224 1073 1406 1138 Mitridate
1435 1083 1473 1136 et
1500 1070 1566 1134 ms

302 1202 425 1269 grane,
459 1179 500 1243 de
528 1178 637 1242 multis
671 1189 842 1264 praeterea
869 1181 1003 1267 regibus
1032 1179 1244 1265 plurimisque
1275 1179 1489 1244 ciuitatibus
1520 1190 1546 1237 et

303 1287 453 1373 gentibus
477 1297 508 1348 et
530 1283 753 1369 praedonibus
776 1305 878 1349 unum
901 1285 989 1350 duxit
1012 1283 1219 1370 triumphum.

261 1391 292 1454 9.
391 1389 546 1472 Quintum
569 1393 667 1454 etiam
691 1389 839 1455 Catulum
862 1393 1003 1478 populus
1019 1391 1190 1456 Romanus
1206 1413 1288 1456 uoee
1312 1413 1381 1456 sua
1410 1401 1543 1456 tantum

303 1519 370 1562 non
393 1497 571 1562 adsidere
593 1518 697 1583 usque
721 1497 836 1563 suerit.
889 1497 975 1562 Nam
1004 1519 1077 1562 oum
1107 1497 1147 1560 ab
1177 1519 1216 1561 eo
1235 1518 1307 1586 pro
1333 1499 1470 1561 rostris
1496 1497 1541 1558 in·

303 1615 531 1691 terrogaretur‚
555 1604 641 1667 siin
663 1625 730 1667 uno
753 1602 912 1688 Pompeio
935 1602 1059 1691 Magno
1088 1604 1199 1666 omnia
1225 1623 1393 1688 reponere
1422 1613 1567 1688 perse-tt

304 1721 463 1784 uerasset‚
486 1710 658 1794 absumpto
680 1707 736 1773 illo
759 1707 858 1772 subiti
881 1729 979 1772 casus
1008 1709 1143 1773 incursu
1165 1711 1198 1773 iu
1227 1730 1291 1794 quo
1315 1728 1420 1792 spem
1449 1721 1538 1770 esset

302 1819 488 1890 habiturus,
520 1835 648 1878 summo
677 1835 842 1878 consensu
865 1812 1064 1878 adclamauit
1092 1814 1138 1878 ‘In
1166 1813 1217 1878 te?
1267 1813 1346 1878 Vim
1370 1811 1537 1878 honorati

302 1923 415 1988 iudicii
438 1917 678 1986 admirabilem!
707 1919 878 2004 Siquidem
895 1906 1052 2005 magnum
1068 1918 1261 2006 Pompeium
1277 1939 1352 1982 eum
1369 1919 1534 1983 omnibus

305 2029 519 2100 ornamentis,
555 2048 640 2112 quae
673 2024 781 2098 retuli,
813 2023 951 2088 duarum
982 2022 1179 2111 syllabarum
1214 2025 1321 2112 spatio
1358 2023 1532 2088 inclusum

304 2136 418 2201 Gatulo
442 2134 605 2220 aequauit.
1272 2105 1290 2132 ⁰
1541 2145 1558 2190 u

242 2240 293 2305 10.
392 2240 506 2303 Potest
534 2248 564 2301 et
593 2236 638 2303 M.
664 2235 798 2300 Catonis
822 2257 863 2298 ex
886 2235 994 2321 Cypro
1024 2257 1098 2300 oum
1128 2238 1222 2322 regia
1249 2237 1396 2320 pecunia
1421 2255 1529 2298 reuer-

305 2349 401 2411 tentis
431 2344 589 2430 adpulsus
619 2343 661 2406 ad
691 2343 796 2428 ripam
825 2340 916 2405 urbis
944 2341 1167 2406 memorabilis
1198 2339 1317 2414 uideri,
1355 2343 1412 2404 eui
1445 2361 1527 2404 naue

304 2451 484 2540 egredienti
507 2450 660 2513 consules
684 2459 715 2509 et
738 2447 837 2509 ceteri
859 2447 1071 2532 magistratus
1101 2458 1132 2508 et
1159 2447 1332 2510 uniuersus
1358 2445 1398 2508 S.
1424 2445 1463 2511 P.
1489 2444 1524 2524 Q.
1588 2468 1590 2511 ι

304 2559 343 2622 R.
368 2559 469 2620 officii
491 2558 598 2641 gratia
626 2563 757 2639 praesto
783 2551 860 2625 fuit.
892 2571 958 2614 uon
989 2551 1078 2636 quod
1104 2573 1263 2638 maguum
1294 2549 1428 2634 pondus
1457 2551 1524 2614 auri

806 2665 1019 2678 *—

306 2716 330 2769 1.
349 2716 510 2780 obstrepitur
528 2710 648 2765 GDEF.
661 2711 675 2779 ΙΙ
686 2712 828 2777 prooonsul
849 2708 902 2762 OD
910 2709 936 2762 Ε
942 2709 973 2762 F.
991 2710 1004 2777 ΙΙ
1022 2712 1147 2775 hispania
1165 2708 1290 2762 AGDE.
1308 2707 1321 2776 ΙΙ
1337 2706 1364 2762 3.
1382 2712 1459 2761 illum
1477 2706 1523 2761 Ac

304 2784 399 2839 DEF.
410 2785 424 2852 ΙΙ
434 2782 462 2835 4.
480 2787 567 2847 eoepit
584 2798 629 2849 pr.
647 2780 679 2833 A.
691 2782 705 2847 ΙΙ
715 2781 741 2835 5.
761 2782 897 2849 tygratiue
914 2780 946 2834 F.
961 2779 973 2851 ΙΙ
988 2778 1013 2833 u.
1032 2784 1174 2845 praeterea
1185 2800 1201 2831 a
1219 2779 1251 2831 A.
1266 2780 1277 2849 ΙΙ
1291 2781 1480 2847 plurimisque]
1497 2783 1520 2831 st

304 2854 335 2907 F.
348 2858 361 2922 ΙΙ
373 2860 400 2905 et
417 2854 554 2924 gentibus]
573 2854 698 2919 potibus
715 2852 820 2911 (omisso
838 2854 876 2911 et)
894 2856 953 2903 uate
970 2852 1144 2917 plurimisque
1165 2849 1241 2903 Τοιτ.
1262 2849 1273 2919 ΙΙ
1292 2850 1318 2903 8,
1336 2852 1441 2901 lantum
1459 2850 1517 2915 nor]

304 2940 353 2975 ons.
372 2923 407 2975 E.
425 2927 526 2974 tautum
544 2921 581 2973 D.
599 2924 701 2972 tantum
720 2938 808 2973 nonus
827 2920 858 2976 F.
873 2922 885 2993 ΙΙ
902 2919 941 2974 10.
960 2925 988 2972 tu
1005 2936 1055 2972 om.
1069 2936 1113 2989 pr.
1126 2919 1158 2972 A.
1170 2920 1183 2987 ΙΙ
1195 2924 1331 2985 imponere
1343 2918 1378 2971 Ε.
1389 2920 1404 2985 ΙΙ
1420 2919 1458 2973 il.
1477 2923 1516 2969 sd·

304 2996 410 3057 sumpto
424 3007 470 3060 pr.
488 2990 519 3043 A.
531 2991 545 3058 ΙΙ
558 2988 599 3044 ts
618 2994 705 3042 borstt
719 3007 764 3058 pr.
782 2991 805 3043 A
824 2997 851 3042 et
868 3008 937 3046 corr.
952 2990 981 3045 C.
1000 2993 1067 3041 orati
1085 2990 1112 3042 Ε
1131 2996 1157 3042 et
1169 3005 1214 3058 pr.
1229 2987 1257 3042 0.
1269 2988 1283 3057 ΙΙ
1298 2989 1337 3042 lt.
1350 3006 1423 3053 quae
1435 2991 1514 3055 retuli}

306 3080 376 3131 quae
395 3063 564 3125 amplissime
581 3063 669 3112 tuerat
687 3066 830 3112 assecutus
847 3061 906 3129 1³.ss
919 3061 1017 3128 spatio]
1041 3066 1100 3112 oute
1119 3064 1228 3112 duarum
1247 3059 1308 3127 13.ss
1326 3057 1367 3112 lli.
1386 3061 1426 3127 et}
1444 3062 1514 3111 etism

305 3139 333 3185 et
350 3131 378 3186 F.
390 3132 403 3199 ΙΙ
415 3133 460 3198 ex]
480 3147 496 3182 e
514 3130 545 3183 F.
557 3132 571 3198 ΙΙ
584 3131 625 3184 il.
645 3131 729 3197 urbis]
747 3132 840 3183 tiberis
860 3132 887 3185 Β
893 3132 918 3185 F
935 3138 960 3184 et
977 3145 1047 3183 eurr.
1064 3129 1104 3186 D.
1126 3128 1203 3183 Τοπ.
1214 3131 1228 3197 ΙΙ
1239 3132 1323 3182 uideri
1340 3133 1513 3183 memorabile

307 3204 383 3257 'Fora
395 3204 409 3271 ΙΙ
421 3204 483 3253 naut
503 3200 581 3254 Torr.
592 3202 606 3270 ΙΙ
619 3200 660 3254 ts.
679 3203 797 3253 uniuerst
815 3200 847 3257 Γ.
863 3203 874 3272 ΙΙ
890 3204 1003 3268 populus
1022 3202 1187 3265 senatusque
1207 3218 1273 3253 rom.
1292 3198 1329 3251 D.

808 3298 1020 3313 Ἦ

376 3346 401 3398 8.
419 3344 509 3412 Eques
525 3342 660 3395 Ramnes
673 3358 727 3464 pro
745 3344 858 3405 morou)
877 3346 916 3395 Gt.
935 3346 988 3396 cte.
1007 3345 1040 3395 de
1058 3345 1120 3406 imp.
1140 3346 1186 3392 cn.
1206 3316 1297 3406 Pomp.
1313 3338 1357 3399 il.
1377 3339 1408 3392 ut
1429 3346 1455 3393 et
1470 3338 1510 3395 &a

305 3421 339 3470 id.
362 3418 389 3467 in
412 3416 509 3467 Aulon.
528 3417 579 3473 XI.
603 3410 634 3473 8,
659 3412 670 3465 i
693 3452 700 3466 .
723 3416 791 3467 Plut.
814 3418 908 3479 Pomp.
929 3412 970 3466 li.
994 3415 1063 3464 Fior.
1082 3414 1131 3469 Ill,
1155 3410 1205 3469 ᾗ,
1223 3410 1250 3464 5.
1274 3412 1342 3475 App.
1366 3414 1417 3464 eiu.
1436 3414 1459 3470 l,
1475 3408 1510 3461 &i

306 3490 460 3539 Praetorem
479 3490 525 3539 cn.
544 3487 699 3549 Pompeium
722 3488 748 3535 in
772 3488 931 3550 Hispaniam
954 3485 1064 3535 nussum
1089 3496 1153 3553 esse
1177 3483 1246 3533 falso
1271 3484 1350 3532 tradit
1374 3486 1463 3533 suetos
1484 3484 1511 3531 te

306 3559 353 3610 ulr.
371 3560 408 3609 ill.
428 3555 470 3609 II.

377 3625 497 3679 Nondum
520 3625 599 3677 altum
622 3626 743 3678 tenorem
767 3624 928 3695 sapientam
955 3626 994 3678 ct.
1019 3626 1071 3675 cie.
1096 3624 1129 3674 da
1153 3624 1214 3686 imp.
1238 3625 1284 3673 Cn.
1302 3622 1394 3687 Pomp.
1413 3620 1458 3678 21.
1474 3619 1510 3673 ii.

306 3700 373 3750 Veli.
392 3700 424 3755 lt.
443 3695 486 3756 30.
505 3694 531 3749 2
551 3700 626 3746 Auel.
644 3698 707 3747 beiti
725 3697 806 3750 Atrio.
824 3694 868 3749 22.
888 3700 953 3748 Plut.
973 3698 1064 3757 Pomp.
1086 3690 1126 3745 id.
1145 3694 1203 3745 lriu.
1222 3695 1284 3756 eptt.
1302 3694 1360 3745 libr.
1375 3694 1509 3745 LXXXIX.

376 3765 458 3820 Initio
476 3767 683 3833 maelstratssm)
706 3770 745 3818 cf.
764 3769 816 3819 cio.
835 3768 869 3817 de
887 3770 951 3832 imp.
970 3770 1016 3817 cu.
1035 3766 1126 3827 Pomp.
1146 3765 1163 3815 t.
1182 3779 1205 3815 e.

380 3836 496 3889 Tertium
514 3836 683 3897 connatam)
700 3839 739 3889 ct.
757 3838 826 3887 Ptut.
844 3838 937 3900 Pomp.
956 3832 999 3887 54.
1183 3856 1187 3864 ·

304 3974 341 4028 ⁴5
376 3922 453 3956 usam
472 3904 549 3957 dunt
566 3906 732 3973 triumphum)
749 3909 788 3958 ct.
801 3908 869 3958 Veli.
881 3908 914 3966 11,
933 3904 977 3958 40.
997 3907 1063 3955 Ptin.
1076 3906 1102 3957 u.
1116 3920 1142 3956 n.
1158 3905 1214 3963 vlt.
1228 3900 1272 3963 26,
1290 3900 1334 3956 ii.
1352 3905 1416 3954 Ptut.
1429 3904 1509 3966 Pomp

342 4011 349 4036 ‚
369 3978 422 4026 alii.

377 4040 402 4096 li.
421 4047 459 4097 ct.
479 4047 532 4095 Cio.
551 4048 585 4097 de
603 4049 666 4111 imp.
690 4050 737 4098 Cu.
757 4048 848 4110 Pomp.
867 4045 917 4105 20.
943 4042 985 4098 59.
1013 4046 1079 4099 Sall.
1103 4047 1128 4096 t‘r
1193 4046 1279 4097 ‚hist
1299 4046 1335 4101 V.
1359 4046 1385 4107 S.
1402 4041 1427 4094 8.
1448 4044 1508 4094 (ieri.

307 4118 373 4170 Veii.
392 4116 425 4172 ΙΙ,
444 4110 487 4170 32.
511 4113 532 4166 i.
551 4117 619 4166 Plul.
638 4118 731 4181 Pomp.
749 4112 794 4167 25.
813 4118 863 4167 uio
883 4120 961 4168 Cass,
980 4118 1104 4175 XXXVI,
1126 4114 1135 4167 l
1159 4152 1165 4168 .

381 4184 421 4237 10.
440 4186 478 4235 CI.
499 4186 565 4237 Vott.
584 4187 617 4243 ΙΙ,
635 4181 679 4241 45,
698 4182 724 4237 5.
753 4188 891 4239 Putem.
910 4188 971 4237 min.
989 4184 1032 4239 ³9.
1060 4190 1110 4237 Dio
1127 4190 1205 4236 Casa.
1217 4186 1365 4243 XXXVIII.
1382 4182 1414 4236 22
1432 4188 1456 4234 el
1469 4180 1507 4235 Β.

377 4254 502 4324 adpetens
520 4252 557 4305 od
573 4254 660 4320 ripam
677 4253 763 4316 orbis)
780 4258 838 4307 Nou
858 4270 941 4306 ausus
961 4272 1019 4307 sum
1039 4259 1108 4307 hano
1127 4258 1284 4321 optimorum
1304 4258 1418 4306 eodieum
1435 4257 1506 4317 seilp-

308 4334 394 4381 turam
414 4344 472 4378 eum
493 4327 636 4376 manifesta
653 4327 811 4375 deteriorum
830 4330 956 4377 librorum
976 4326 1231 4393 coniectura·ripum
1245 4323 1349 4377 itteris
1366 4328 1507 4388 permulm.

310 4402 415 4451 etiamsi
434 4400 513 4463 plane
532 4398 652 4446 insoleus
671 4396 767 4445 locutio
786 4400 840 4452 est.
865 4412 919 4458 qua
942 4413 976 4449 ea
994 4400 1068 4461 rtpae
1087 4410 1166 4461 pars.
1191 4399 1216 4447 in
1240 4412 1296 4460 qua
1320 4398 1382 4446 urbs
1400 4398 1447 4445 sita
1462 4400 1506 4452 est,

309 4474 383 4521 urbis
401 4471 460 4533 ripa
479 4470 579 4518 dicium.
611 4466 664 4517 Sed
683 4467 734 4515 hoe
752 4468 839 4530 ipsum
861 4468 994 4519 Valerium
1014 4470 1140 4531 posuisse
1158 4469 1246 4519 eredo.
1288 4468 1381 4529 Neque
1398 4468 1459 4517 enim
1474 4468 1507 4514 tts

310 4542 370 4591 stne
389 4554 473 4589 eausa
491 4541 616 4608 Pighius,
639 4539 699 4587 ticet
717 4537 834 4587 rideatur
852 4554 869 4587 a
887 4538 1028 4598 Terrenis,
1054 4540 1077 4587 si
1101 4540 1228 4602 seriptum
1252 4540 1288 4587 sit
1304 4536 1391 4603 ripn
1408 4534 1505 4593 libetis,

310 4610 414 4659 taeiltus
433 4612 587 4659 Ostiensem
605 4611 704 4673 ripam.
728 4609 825 4673 qutppe
849 4624 918 4673 quae
937 4612 1058 4675 proxima
1085 4610 1154 4659 site
1177 4610 1244 4659 mari
1262 4610 1290 4658 tn
1312 4609 1404 4657 tiumen
1426 4609 1505 4657 deua-

310 4677 382 4734 teuti‚
400 4680 520 4743 tntsttegt
538 4681 670 4730 contendit
688 4693 765 4744 quem
785 4681 923 4733 urbanam.
