3409 5400
586 492 667 561 LIB.
691 492 762 572 llll,
785 494 823 559 C.
847 494 879 570 e,
902 501 933 570 §-
956 494 1062 560 2-4.
1372 494 1438 560 357

214 657 307 721 iactis
335 656 463 722 facibus
492 664 664 741 utrumque
694 676 760 719 una
788 664 1026 717 cremauerunt.
1073 653 1220 733 Quorum
1247 653 1292 717 ibi
1314 653 1438 719 factum

128 786 132 795 ’
215 761 401 847 sepulcrum
425 762 554 827 Tarenti
586 764 683 825 etiam
711 782 798 823 nunc
830 762 1039 846 conspicitur,
1069 759 1157 845 quod
1187 767 1322 822 uocatur
1351 764 1437 824 AYO

216 870 487 933 ΦΙΛΟΥΝΊὨΝ.
530 867 599 931 Nee
624 867 734 931 dubito
759 868 846 953 quin,
872 868 901 929 si
925 868 998 952 quis
1021 865 1121 929 modo
1145 866 1292 928 extinctis
1316 887 1437 929 sensus

214 975 309 1048 inest,
334 972 481 1037 Plautius
506 984 537 1037 et
560 973 714 1038 Orestilla
742 974 801 1037 fati
825 974 1033 1037 consortione
1058 973 1237 1056 gestientes
1262 971 1370 1035 uultus
1393 982 1440 1033 te·

129 1108 132 1119 ·
192 1078 327 1144 enebris
350 1078 524 1143 intulerint.
570 1080 726 1166 Saneque
751 1080 805 1142 ubi
828 1079 916 1143 idem
936 1090 972 1141 et
995 1079 1157 1142 maximus
1189 1088 1221 1140 et
1242 1076 1438 1141 honestissi-

217 1206 290 1249 mus
316 1206 408 1251 amor
432 1196 491 1261 est,
515 1186 681 1273 aliquanto
705 1184 850 1273 praestat
866 1196 969 1251 morte
985 1185 1076 1270 iungi
1092 1205 1191 1269 quam
1207 1182 1345 1249 distrahi
1361 1186 1438 1248 uita.

307 1290 495 1355 Consimilis
520 1291 668 1356 adfectus
692 1290 804 1365 Iuliae,
830 1291 866 1355 C.
884 1290 1038 1355 Caesaris
1064 1290 1161 1364 tiliae,
1177 1289 1360 1354 'adnotatus
1378 1284 1479 1354 esti.

218 1396 310 1481 Quae
334 1418 408 1461 cum
424 1396 583 1462 aediliciis
599 1398 738 1461 comitiis
755 1396 893 1482 Pompei
907 1396 1033 1484 Magni,
1056 1400 1209 1485 coniugis
1226 1399 1289 1472 sui,
1313 1407 1438 1461 uestem

217 1524 331 1569 cruore
354 1524 542 1588 respersam
567 1526 584 1566 c
609 1524 725 1589 campo
750 1502 884 1567 domum
900 1504 1036 1567 relatam
1052 1504 1201 1579 uidisset,
1225 1505 1336 1567 territa
1349 1514 1438 1566 metu

180 1628 258 1676 tone
283 1632 348 1697 qua
371 1612 401 1673 ei
416 1612 468 1675 uis
492 1621 581 1675 esset
604 1609 725 1683 adlata,
757 1610 917 1674 exanimis
942 1609 1090 1684 concidit,
1114 1620 1316 1695 partumque,
1340 1630 1439 1695 quem

217 1730 307 1783 utero
332 1724 524 1803 conceptum
547 1714 700 1789 habebat,
724 1716 830 1780 subita
860 1717 961 1781 animi
992 1718 1255 1780 consternatione
1285 1726 1316 1777 et
1343 1716 1440 1801 graui

216 1824 328 1889 dolore
352 1824 498 1909 corporis
523 1824 628 1886 eicere
653 1834 766 1886 coacta
789 1834 848 1897 cst,
873 1844 995 1907 magno
1020 1821 1152 1907 quidem
1169 1844 1243 1887 curn
1260 1822 1358 1885 totius
1376 1832 1439 1883 ter-

215 1952 325 1995 rarum
350 1928 438 1993 orbis
462 1928 664 2003 detrimento,
689 1930 780 1992 euius
803 1928 1020 2015 tranquillitas
1045 1939 1091 1991 tot
1113 1928 1256 1991 ciuilium
1279 1926 1438 1991 bellorum

217 2035 490 2101 truculentissimo
515 2036 623 2099 furore
647 2034 834 2121 perturbata
858 2056 924 2098 non
947 2047 1046 2106 esset,
1071 2035 1100 2097 si
1122 2034 1276 2098 Caesaris
1293 2045 1325 2095 et
1340 2032 1439 2095 Pom·

181 2168 207 2212 1³
218 2146 270 2229 pei
293 2142 471 2205 eoncordia
494 2142 676 2205 eommunis
701 2142 874 2225 sauguinis
899 2140 1029 2204 uinculo
1053 2141 1230 2203 constricta
1250 2140 1438 2205 mansisset.

222 2301 244 2355 l.
263 2307 380 2363 Quorum
399 2328 431 2338 -
452 2298 500 2365 (5.)
519 2301 652 2350 intulerint
669 2314 717 2351 om.
738 2296 765 2349 Γ.
777 2298 790 2363 ΙΙ
802 2296 827 2349 2.
846 2298 1009 2363 sepulcrum]
1030 2300 1199 2361 sepulchrum
1219 2301 1261 2347 est
1281 2296 1304 2349 C
1315 2302 1394 2363 etpr.
1407 2280 1439 2346 A.

229 2372 243 2439 ΙΙ
254 2371 374 2437 Tarenti]
394 2368 528 2421 delendam
547 2369 646 2421 censuit
662 2368 778 2438 Lipsiae.
792 2369 937 2437 lineretur]
958 2373 1032 2419 notat
1048 2366 1084 2419 E.
1099 2366 1111 2434 ll
1125 2373 1195 2419 Are
1212 2366 1438 2431 ΦΙΛΟΥΝῚῺΝ]

218 2443 258 2495 ric
280 2441 371 2496 APar.
394 2459 445 2493 των
485 2442 642 2509 atquepater
667 2439 696 2492 C.
721 2458 771 2493 των
794 2437 950 2508 attentati)
972 2438 1001 2489 ia
1023 2454 1121 2490 rasura
1143 2438 1179 2491 E.
1204 2454 1254 2489 om.
1277 2436 1340 2489 DF.
1365 2439 1443 2487 ΤΩΝ

219 2515 436 2565 ΦΙΑΟΥΝἸῺΝ
453 2458 529 2564 lim.
541 2510 554 2579 ΙΙ
566 2506 592 2561 3.
611 2513 736 2561 sensibus
755 2510 783 2561 F.
798 2511 810 2579 ss
825 2508 850 2561 4.
870 2512 991 2574 plancius
1012 2508 1047 2561 E.
1061 2508 1074 2581 ss
1094 2512 1157 2560 facti
1175 2507 1206 2560 F.
1225 2509 1238 2575 ΙΙ
1253 2504 1279 2561 5.
1298 2507 1441 2558 intulerunt

221 2582 273 2636 OE
280 2582 305 2633 F
322 2588 347 2633 et
361 2598 404 2649 pr.
424 2580 475 2649 D.l
497 2582 594 2647 Saneq.
613 2580 672 2641 (situ
686 2596 731 2649 pr.
750 2580 780 2633 A.
803 2580 876 2631 Sane
894 2578 920 2630 F
921 2579 946 2631 Γ
962 2586 987 2631 et
1005 2595 1075 2632 corr.
1094 2580 1126 2636 A.
1147 2576 1224 2629 Torr.
1239 2578 1251 2641 ΙΙ
1271 2575 1296 2629 θ.
1316 2578 1440 2665 coniungi

220 2652 248 2706 F.
261 2652 274 2720 li
286 2656 341 2704 uita
359 2654 470 2705 distrahi
491 2652 567 2706 Terr.
580 2652 593 2717 ΙΙ
606 2650 630 2704 l.
650 2654 800 2703 Consimilis
819 2680 854 2690 —
873 2654 924 2702 est.
961 2650 1046 2715 Quae]
1068 2650 1135 2700 latia
1153 2665 1175 2697 e.
1192 2648 1313 2697 caesaris
1331 2649 1388 2697 fitia
1405 2646 1419 2699 l
1429 2684 1437 2699 .

231 2724 243 2792 ΙΙ
256 2727 403 2776 aduocatos
421 2721 486 2846 kal
500 2725 525 2776 8.
545 2726 669 2774 aedilitits
688 2721 740 2784 (A).
755 2726 766 2790 Η
782 2725 822 2773 sui
841 2722 963 2790 coniugis
982 2719 1010 2774 F.
1022 2719 1036 2787 ΙΙ
1047 2718 1072 2774 ll.
1092 2722 1161 2772 domi
1180 2719 1212 2772 F.
1226 2719 1239 2788 ΙΙ
1259 2725 1331 2770 metu
1348 2720 1440 2768 territa

149 2805 152 2810 ’
219 2795 251 2848 F.
266 2793 280 2866 ΙΙ
296 2794 334 2848 10.
354 2797 394 2846 uis
414 2797 438 2846 el
481 2793 513 2861 ,ΙΙ
525 2797 642 2845 adlatam
661 2793 691 2846 A.
712 2793 786 2842 illata
806 2791 870 2844 CD.
885 2790 897 2859 ΙΙ
915 2791 954 2844 tr.
972 2795 1067 2842 coacta
1084 2791 1137 2858 est]
1158 2787 1219 2843 aad.
1239 2793 1319 2855 atque
1337 2792 1375 2839 ita
1393 2805 1440 2839 ex-

218 2869 315 2932 pirauit
326 2881 417 2932 marea
428 2865 465 2924 Ι),
487 2865 563 2916 Τονν.
583 2863 645 2916 add.
664 2865 683 2914 1.
694 2863 722 2916 P.
732 2865 813 2928 atque
832 2866 870 2914 ita
883 2865 1013 2928 expiranti
1027 2878 1117 2930 meryo
1129 2861 1161 2914 Α.
1171 2861 1185 2930 ΙΙ
1200 2857 1239 2914 13.
1252 2862 1328 2912 euius
1340 2875 1390 2911 ota.
1401 2858 1439 2911 D.

289 3003 314 3058 3.
333 3007 460 3074 Sertaque)
476 3005 593 3074 Seaeque
611 3007 730 3057 hocloco
741 3007 834 3056 eodem
846 3007 923 3055 modo
940 3006 1055 3069 positum
1073 3005 1124 3061 est.
1143 3004 1440 3068 utsaepissimeinhoe

220 3095 301 3144 opere
320 3085 345 3129 et
360 3093 431 3130 serre.
466 3077 588 3128 :innectit
598 3079 667 3128 euim
686 3093 785 3128 nouum
803 3083 1063 3146 argumentumque
1080 3078 1267 3142 ipseseriptor
1285 3074 1442 3137 comprobat

221 3155 300 3214 atque
318 3151 455 3200 confirmat
475 3151 572 3200 iactum
591 3152 673 3198 antea
692 3151 812 3199 relatum.
849 3150 908 3199 l'id.
926 3151 961 3198 ad
980 3148 1028 3205 ΙΙΙ,
1048 3143 1079 3205 8,
1104 3150 1157 3199 ext.
1176 3144 1202 3198 2.
1243 3148 1338 3207 ltaque
1356 3159 1442 3193 causa

221 3221 294 3272 nulla
312 3225 369 3268 erat
388 3235 434 3270 eur
452 3219 595 3270 'l'urrenius
614 3220 676 3268 iliud
695 3233 807 3286 suaeque
824 3223 910 3269 ortum
928 3222 1034 3281 putaret
1051 3233 1085 3267 ex
1102 3233 1166 3268 saue
1182 3232 1267 3282 quum

292 3287 316 3342 i.
336 3291 374 3341 Cf.
392 3291 460 3340 Plut.
479 3290 570 3353 Pomp.
588 3287 632 3342 53.
658 3291 724 3353 App.
743 3292 793 3342 cia.
811 3290 844 3346 11,
866 3287 907 3341 iil.
925 3293 1003 3339 Cass.
1020 3289 1080 3340 Dio.
1098 3287 1225 3344 xxxix,
1243 3283 1288 3337 32.

291 3359 376 3411 eicere
394 3363 486 3412 coacta
504 3365 560 3420 cst.)
587 3361 669 3412 Iulius
693 3361 785 3415 Puris.
810 3375 870 3408 cum
894 3361 1029 3425 cognitum
1051 3359 1164 3407 haberet
1185 3357 1294 3413 Iuliam,
1322 3353 1442 3416 Pompeii

221 3448 345 3489 uaoreur.
371 3432 396 3481 in
421 3432 561 3493 prrcrperio
580 3434 711 3480 mortuam
734 3441 812 3488 csse,
836 3432 979 3492 postquam
1003 3428 1093 3478 retulit
1114 3441 1175 3475 earn
1192 3428 1302 3489 propter
1324 3425 1441 3472 subitam

221 3505 302 3556 animi
320 3502 562 3552 consternationem
582 3501 695 3550 eiecisse
713 3505 818 3563 partum
837 3502 912 3549 utero
937 3501 1107 3560 conceptum,
1131 3498 1190 3558 ipse
1215 3497 1248 3544 de
1271 3507 1321 3542 suo
1345 3493 1442 3541 adiecit

221 3580 298 3642 etque
315 3573 354 3626 ite
372 3569 511 3639 expiranti.
548 3577 623 3632 Quae
642 3572 733 3628 uerba.
753 3585 787 3618 ex
806 3571 857 3618 troc
875 3568 1032 3631 compendio
1056 3582 1074 3614 a
1091 3566 1241 3616 correctore
1259 3563 1359 3613 codicis
1376 3564 1440 3612 lter·

221 3647 314 3698 irensis
343 3647 370 3696 in
397 3643 518 3710 margine
546 3645 604 3692 eius
628 3642 685 3692 libri
709 3640 828 3702 ascripta
851 3642 878 3687 et
900 3640 961 3688 inde
989 3639 1017 3686 ia
1041 3636 1187 3685 deteriores
1210 3634 1311 3699 aliquot
1334 3633 1440 3682 cedices

221 3718 361 3774 translata,
380 3717 488 3778 recepta
507 3717 568 3764 sunt
580 3713 607 3761 in
620 3713 742 3762 omnibus
754 3709 914 3758 editionibus
927 3708 1085 3776 Mogontina
1100 3705 1299 3762 recentioribus,
1318 3704 1439 3770 quamuis

222 3789 390 3840 arturitustum
410 3787 444 3836 sit
463 3801 496 3836 ea
515 3801 532 3834 a
551 3783 657 3834 Valerio
676 3798 727 3832 uon
747 3795 810 3830 esse
828 3781 957 3843 protecta.
999 3779 1115 3828 Primum
1136 3777 1205 3825 enim
1223 3775 1317 3825 lutiam
1334 3788 1388 3824 non
1406 3788 1439 3824 eo

222 3863 325 3918 aborta,
345 3861 377 3908 de
397 3875 449 3919 quo
469 3859 519 3905 iure
539 3857 596 3904 ioco
616 3854 775 3902 mentionem
790 3852 851 3902 fecit
866 3852 988 3914 scriptor,
1006 3850 1107 3898 obiisse
1119 3847 1233 3904 consuit
1251 3849 1320 3910 quod
1333 3845 1439 3893 disertis

223 3933 312 3980 uerbis
331 3931 444 3978 testatur
462 3927 620 3976 l‘lutarelrus
641 3925 656 3974 1.
676 3941 698 3974 e.
718 3923 802 3994 (ἔτυχε
842 3916 1111 3993 transpenetrare,
1134 3918 1286 3986 θεασαμένη
1309 3914 1338 3967 di
1355 3919 1440 3984 καθη-

221 4003 362 4073 μαγμίνην
380 3996 424 4064 την
441 3995 570 4063 τήβεννον,
590 3993 762 4058 ίξέλιπε,.καί
780 3941 858 4064 pellic
874 3989 1026 4060 ἀνηνεγκεν·
1051 3989 1079 4040 ἐκ
1102 3987 1133 4039 δὲ
1149 3984 1192 4051 τῆς
1210 3984 1325 4056 ταραχῆς
1344 3985 1442 4047 ίκείνης

221 4073 266 4123 καί
284 4067 328 4124 τοῦ
343 4066 448 4126 πάθους
464 4065 644 4138 ἀπήμβλωσεν.
664 4093 698 4102 -
717 4056 804 4122 Αὖθις
819 4060 1039 4133 pincenariorum
1056 4057 1102 4109 καί
1117 4054 1225 4109 τεκοῦσα
1241 4053 1309 4122 θῆλυ
1322 4055 1440 4114 παιδίον,

222 4144 250 4195 ia
267 4139 317 4192 τῶν
336 4140 441 4192 ὠδίνων
450 4137 596 4202 ἐτελεύτησε,
615 4135 660 4188 καί
670 4132 698 4187 τὸ
715 4135 822 4188 παιδίον
834 4133 865 4186 eri
875 4128 972 4190 aeltric
986 4129 1087 4202 ἡμέρας
1101 4129 1210 4193 ἐπέζησε.
1247 4131 1286 4178 ct.
1299 4129 1348 4177 Dio
1362 4129 1440 4177 cass.

223 4213 348 4265 XXXIX.
369 4208 412 4261 tit.
450 4211 542 4260 Filiam
562 4215 615 4258 tura
636 4224 668 4258 ex
689 4223 721 4258 ea
735 4211 823 4258 natum
837 4221 903 4270 esse
912 4205 1020 4255 tardant
1032 4201 1150 4251 Velleius
1163 4200 1194 4256 lt.
1209 4196 1241 4249 li
1257 4201 1285 4248 et
1297 4197 1439 4247 Suetonius

147 4319 153 4329 .
223 4287 301 4334 Caes.
320 4277 375 4343 26.)
412 4283 513 4330 Deinde
532 4282 555 4329 si
575 4281 691 4348 genuina
709 4281 802 4328 essent
820 4292 863 4327 uu.
876 4273 1003 4341 etqueite
1014 4268 1153 4339 eapireuit.
1173 4272 1207 4319 ad
1226 4272 1303 4325 haee,
1321 4269 1351 4313 ut
1369 4263 1441 4313 recte

223 4355 408 4406 animaduertit
427 4353 580 4408 'Petronius
599 4351 740 4401 reserenda
759 4353 852 4398 essent
871 4347 1010 4410 sequentia
1031 4357 1124 4408 myro
1143 4337 1247 4408 quidem
1269 4351 1380 4418 eumb-
1398 4327 1442 4379 de·

222 4425 341 4478 truncate
361 4429 424 4479 etc.;
452 4440 503 4490 qno
528 4424 598 4472 sueto
623 4421 770 4472 eommunis
794 4418 933 4486 sanguinis
956 4416 1088 4466 uinculum
1111 4414 1175 4462 iilud
1198 4425 1252 4459 non
1276 4410 1309 4455 do
1331 4403 1441 4484 intente,

223 4499 269 4548 sed
291 4500 323 4547 de
343 4498 404 4560 ipsa
422 4499 507 4546 nistre
526 4495 593 4544 lulio
611 4493 822 4560 intellegeretur,
846 4503 915 4553 quae
933 4503 991 4553 qua¹
1005 4487 1106 4536 ratione
1124 4485 1162 4532 lta
1180 4477 1310 4542 appellari
1328 4474 1443 4556 potuerit

223 4569 344 4634 equidem
363 4583 416 4616 non
436 4567 577 4631 perspicio.
623 4567 695 4615 Beue
718 4564 796 4628 igitur
818 4561 872 4609 iam
891 4561 993 4609 (ludius
1016 4558 1192 4620 incongruam
1214 4546 1442 4626 interpolationem

223 4641 412 4691 remouendam
431 4653 495 4688 esse
514 4637 664 4694 censuerat,
687 4636 754 4698 «laod
773 4635 863 4681 tamen
888 4634 995 4694 praeter
1012 4626 1168 4677 'sorrentum
1193 4623 1220 4671 et
1242 4621 1330 4682 ipsam
1353 4617 1442 4666 haesi·

221 4713 323 4763 tantem
341 4724 435 4762 omncs
454 4723 540 4776 aeque
558 4709 742 4776 neglexerunt.
