3409 5400
586 526 667 600 LlB.
691 530 747 609 lli,
772 528 809 596 G.
835 530 866 608 7,
890 538 921 607 s.
944 530 976 598 2.
1002 532 1032 597 3.
1358 535 1425 604 289

198 683 342 751 tribunus
374 686 463 773 apud
492 692 649 776 populum
678 696 749 761 sine
773 692 895 779 populo
920 701 1035 779 ageret
1059 690 1273 779 desertusque
1295 694 1426 759 infore

199 812 273 855 cum
301 814 425 880 magno
455 796 638 865 calumniae
668 822 748 865 suae
781 798 921 863 ludibrio
956 797 1048 863 solus
1077 810 1268 865 moraretur.
1324 800 1425 866 Cuius

199 897 366 963 deuitandi
388 902 516 969 ruboris
541 930 645 973 causa
660 910 695 971 in
711 905 908 992 Capitolium
924 907 1086 993 processit
1109 906 1214 994 deque
1233 917 1426 973 accusatore

200 1006 367 1091 Scipionis
391 1024 564 1077 uenerator
586 1016 690 1079 sactus
717 1025 776 1078 cst.

174 1122 188 1165 ⁵
288 1112 377 1177 Auiti
407 1119 540 1205 spiritus
571 1122 726 1209 egregius
757 1142 935 1185 successor
962 1120 1074 1206 Scipio
1103 1120 1322 1200 Aemilianus,
1352 1122 1477 1189 cum2.‘

199 1218 311 1284 urbem
339 1224 564 1307 praeualidam
593 1226 772 1303 obsideret,
805 1228 1019 1292 suadentibus
1050 1228 1247 1314 quibusdam
1275 1242 1311 1294 ut
1338 1234 1427 1295 circa

197 1329 331 1391 moenia
354 1330 424 1394 eius
449 1333 573 1399 ferreos
597 1336 739 1399 murices
764 1345 935 1421 spargeret
951 1335 1126 1419 omniaque
1149 1335 1237 1400 uada
1251 1336 1426 1422 plumbatis

155 1525 158 1533 Ι
199 1434 316 1498 tabulis
353 1450 574 1505 consterneret
602 1440 799 1506 habentibus
829 1440 996 1503 clauorum
1025 1442 1214 1515 cacumina,
1248 1464 1289 1505 ne
1319 1444 1427 1507 subita

199 1544 367 1627 eruptione
397 1543 511 1612 hostes
540 1550 573 1613 in
609 1548 775 1636 praesidia
809 1558 923 1611 nostra
953 1548 1110 1632 impetum
1139 1549 1249 1612 facere
1279 1560 1426 1633 possent,

161 1649 369 1734 torespondit
390 1673 457 1716 non
482 1677 556 1717 esse
582 1656 727 1719 eiusdem
753 1667 784 1718 ct
807 1676 924 1741 capere
949 1654 1078 1739 aliquos
1101 1654 1185 1718 uelle
1210 1662 1241 1716 et
1264 1655 1389 1719 timere.

288 1755 326 1820 ln
341 1779 581 1847 quamcumque
596 1761 855 1827 memorabilium
868 1772 994 1848 partem
1006 1761 1227 1847 exemplorum
1243 1773 1425 1839 conuertor,
1436 1758 1467 1825 3.

199 1863 298 1928 uelim
325 1864 484 1941 nolimus,
513 1869 548 1931 in
571 1870 767 1957 cognomino
791 1868 982 1954 Scipionum
1011 1868 1169 1933 haeream
1196 1888 1336 1932 necesse
1365 1879 1426 1933 est.

201 1968 266 2051 Qui
283 1970 368 2035 enim
383 1970 458 2035 licet
472 1971 536 2037 hoc
555 1973 620 2038 loci
635 1974 793 2039 Nasicam
810 1976 997 2061 praeterire,
1021 1973 1151 2038 fidentis
1168 1976 1269 2038 animi
1284 1976 1426 2062 dictique

200 2077 421 2143 clarissimum
445 2079 636 2145 auctorem?
683 2082 843 2147 Annonae
868 2082 1001 2145 caritate
1023 2080 1283 2145 increbrescente
1301 2080 1337 2144 G.
1362 2082 1426 2145 Ou-

162 2186 314 2250 ¹³riatius
338 2196 376 2249 tr.
400 2186 443 2272 pl.
466 2187 642 2273 productos
666 2190 699 2253 in
717 2190 901 2254 contionem
923 2188 1076 2253 consules
1093 2186 1296 2273 conpellebat
1322 2197 1358 2249 ut
1383 2185 1426 2281 de

201 2340 226 2400 3.
246 2348 374 2397 deuitanti
395 2345 423 2398 Ο.
438 2344 450 2415 ΙΙ
464 2351 568 2399 roboris
581 2364 627 2415 pr.
646 2346 678 2401 A.
695 2348 709 2417 11
726 2352 901 2400 accusatores
920 2361 964 2415 pr.
983 2345 1014 2399 Α.
1031 2347 1045 2415 Η
1061 2343 1086 2399 4.
1109 2350 1153 2398 est
1177 2349 1264 2397 tactus
1286 2343 1362 2397 Torr.
1374 2343 1388 2411 ΙΙ
1401 2342 1426 2401 1.

201 2418 318 2482 plubetis
338 2414 366 2467 Ο.
380 2414 392 2485 ΙΙ
412 2412 437 2469 8.
457 2420 566 2486 tabulis]
588 2424 647 2470 uate
666 2421 809 2483 plumbatis
830 2418 907 2471 Torr.
933 2420 1047 2469 stabulis
1068 2415 1263 2485 Rusuccuru
1281 2414 1415 2483 ΓΤοπ.ΙΙ

203 2485 245 2540 11.
262 2489 486 2557 memorabilium]
507 2487 603 2541 litteris
620 2492 787 2541 morabilium
806 2490 904 2559 incipit
920 2486 1002 2540 codes
1020 2486 1240 2555 Guelferbytanus
1258 2486 1320 2556 1¹⁹.ss
1337 2503 1427 2539 exem·

201 2562 305 2624 piorum
323 2561 427 2624 partem
446 2559 477 2613 F.
490 2560 503 2628 ΙΙ
515 2564 641 2612 concerto
660 2561 687 2613 ia
705 2577 803 2613 rasura
821 2561 852 2614 Α.
871 2564 889 2612 l'
909 2564 1049 2611 concertor
1065 2574 1154 2625 moryo
1173 2558 1204 2612 Α.
1223 2561 1340 2611 conuerti
1358 2556 1384 2610 Β
1402 2564 1428 2610 et

197 2644 243 2697 pr.
264 2629 292 2683 0.
312 2630 454 2681 conuertar
471 2629 530 2683 ΒΓ
545 2637 571 2683 et
589 2633 659 2686 cc'rr.
682 2630 708 2685 0.
721 2634 734 2702 Η
749 2631 789 2685 tt.
808 2632 936 2699 nolimue]
955 2633 1036 2681 nolim
1056 2627 1134 2683 Tor-r.
1153 2627 1215 2683 odd.
1235 2634 1264 2681 ut
1284 2630 1320 2683 D.
1335 2628 1348 2702 ΙΙ
1362 2632 1427 2681 hae·

202 2704 288 2769 ream]
309 2705 450 2754 conuertsr
467 2701 499 2757 F.
516 2701 584 2772 1113.
609 2707 711 2766 Qui-
730 2703 797 2769 (14.)
816 2709 952 2755 auctorem
972 2719 1021 2754 om.
1040 2701 1071 2753 Γ.
1084 2702 1097 2770 ΙΙ
1113 2705 1161 2753 Cui
1178 2700 1244 2755 DF.
1257 2704 1340 2771 llloco
1359 2701 1426 2757 DF.

213 2772 226 2838 ΙΙ
241 2769 281 2827 14.
300 2774 440 2840 Anconae]
461 2771 523 2828 odd.
543 2777 672 2840 siquidem
691 2774 870 2842 linearium
887 2774 918 2828 F.
931 2776 945 2843 ΙΙ
960 2777 1126 2825 increscente
1144 2773 1208 2824 Por.
1226 2776 1427 2826 increbescente

204 2841 282 2898 Tora
294 2845 307 2914 ΙΙ
319 2847 442 2896 Curatius
454 2845 517 2899 Par.
529 2846 542 2914 Η
556 2841 597 2899 15.
610 2850 660 2898 trb.
673 2849 708 2912 pl.
721 2847 752 2898 ri.
765 2846 777 2914 ΙΙ
790 2849 944 2898 concionem
953 2843 1142 2909 ‹aaconctoac
1153 2842 1188 2897 E.
1200 2842 1213 2913 ΙΙ
1226 2847 1382 2909 appellabat
1393 2843 1425 2899 F.

273 2983 298 3040 2.
318 2989 356 3038 Cl.
375 2987 443 3038 Ptut
463 2991 591 3052 apophth.
610 2989 694 3054 (Scip.
712 2991 774 3043 min.
793 2985 830 3052 5.)

276 3056 409 3108 clauorum
427 3058 573 3121 cacumine)
602 3059 734 3120 acumina,
763 3063 832 3122 quod
857 3061 947 3124 posuit
970 3061 1051 3111 etiarn
1075 3059 1245 3110 abbreuiator
1269 3060 1426 3125 Guelferby-

204 3135 293 3186 tanus,
313 3144 328 3180 o
348 3131 438 3181 codice
457 3133 606 3194 Copesiano
625 3133 705 3195 recipi
730 3133 809 3182 iussit
826 3132 980 3182 Perizonius
1004 3135 1031 3180 et
1049 3132 1150 3194 recepit
1167 3130 1320 3190 Torrenins,
1345 3147 1427 3193 quem

204 3201 351 3262 sequuntur
362 3204 524 3253 recentiores
537 3205 661 3253 editores·
689 3204 838 3254 ‘Debebaut
854 3203 942 3262 enim,
960 3203 1044 3266 inquit
1056 3201 1218 3260 Perizonius,
1237 3202 1349 3252 ‘similes
1362 3217 1428 3253 esse

203 3273 349 3322 muricibus
369 3272 472 3331 ferreis,
494 3289 527 3324 ne
545 3277 655 3338 propter
678 3290 791 3325 acumen
809 3289 859 3338 per
877 3289 926 3324 cas
945 3275 1068 3323 incedere
1089 3274 1183 3322 hostes
1203 3276 1327 3337 possent3
1354 3273 1428 3338 atqui

204 3346 342 3394 clauorum
361 3345 483 3394 acumina
500 3360 553 3394 non
572 3349 634 3395 sunt
652 3347 748 3396 acuta'.
791 3349 877 3404 Qctarn
899 3345 1157 3412 argumentationem
1176 3344 1299 3408 equidem
1316 3359 1371 3393 non
1387 3345 1427 3392 in·

204 3416 314 3482 tellego.
351 3414 428 3474 Nam,
449 3417 477 3464 ut
495 3416 589 3481 loquar
607 3433 666 3466 curn
684 3418 818 3474 Lucretio,
844 3423 913 3466 ‘cum
931 3417 1070 3464 uideamus
1088 3415 1114 3463 id
1133 3417 1281 3464 extremum
1299 3415 1428 3480 cuiusque

205 3500 332 3536 cacumen
351 3485 430 3544 Esse,
450 3489 520 3549 quod
539 3489 573 3536 ad
592 3502 690 3538 seusus
709 3489 816 3538 nostros
829 3488 963 3536 minimum
983 3499 1047 3536 esse
1064 3486 1183 3541 uidetur',
1204 3500 1316 3550 cumque
1334 3487 1428 3534 auctor

205 3558 386 3606 commentarii
405 3559 437 3607 de
456 3559 527 3607 bello
547 3559 652 3610 Africae
670 3555 719 3618 41,
742 3553 759 3608 b
783 3558 896 3621 pilorum
922 3557 1061 3606 cacumina
1085 3557 1194 3612 dixerit.
1220 3571 1268 3604 cnr
1290 3556 1428 3606 Valerium

205 3629 399 3678 cacuminatum
425 3629 561 3679 clauorum
584 3634 703 3694 partem,
734 3643 803 3691 quac
829 3645 846 3678 a
870 3631 943 3678 terre
961 3628 1077 3678 maxime
1096 3627 1274 3690 prominebat,
1298 3643 1429 3680 cacumen

205 3699 361 3762 appellasse
379 3714 432 3749 non
450 3701 593 3762 putemust

275 3762 301 3820 3.
318 3767 396 3820 uelim
414 3767 535 3832 aciimue)
553 3773 646 3822 Deleto
656 3786 696 3828 ae,
716 3773 785 3836 quod
798 3784 893 3820 omnes
906 3771 1013 3820 codices
1027 3783 1095 3820 mss.
1116 3769 1281 3830 confirment,
1299 3773 1326 3822 in
1336 3788 1427 3824 exem-

204 3841 324 3906 plaribus
343 3843 484 3906 impressis
502 3843 563 3892 inde
582 3859 599 3891 a
618 3843 750 3910 Pighiano
770 3844 899 3892 edebatur
916 3839 994 3891 aelim
1017 3838 1105 3890 noum.
1146 3841 1244 3892 Dubito
1265 3859 1327 3894 num
1345 3846 1427 3896 recte.

206 3914 274 3962 Nam
294 3914 398 3962 etiamsi
416 3913 553 3964 sollemnis
573 3914 688 3964 formula
706 3917 748 3963 cst
766 3909 844 3963 aelim
861 3910 954 3969 nolim,
980 3914 1070 3962 tamen
1094 3927 1181 3978 neque
1206 3930 1252 3964 cur
1274 3918 1428 3966 constanter

206 3987 313 4035 ueteres
331 3985 369 4032 ita
387 3985 490 4034 locutos
511 3999 574 4036 esse
593 3987 734 4035 credamus
753 3998 839 4050 neque
859 3999 905 4033 cur
923 3999 972 4047 per
988 3998 1021 4033 ae
1038 3985 1106 4033 haec
1120 3986 1251 4034 uocabula
1263 4001 1317 4036 non
1334 3992 1427 4052 potue·

205 4058 257 4105 rint
275 4056 391 4122 disiungi
409 4057 544 4123 intellego.
581 4057 692 4106 Restitui
710 4056 789 4123 igitur
808 4056 876 4120 quod
897 4056 1047 4104 suadebant
1064 4056 1180 4106 codices.

280 4123 309 4177 C.
328 4121 471 4189 Curiatius)
498 4127 536 4179 Ci.
563 4129 616 4178 Cic.
639 4128 677 4177 111
703 4127 736 4176 dc
758 4127 811 4194 leg.
831 4121 862 4183 9,
880 4121 923 4175 20.
951 4125 1010 4176 Liu.
1034 4127 1095 4188 epit.
1117 4127 1176 4176 libr.
1195 4127 1250 4178 LV,
1286 4127 1316 4178 in
1336 4131 1428 4180 codice

205 4198 254 4250 lul.
273 4197 377 4247 Paridis
398 4198 526 4247 Vaticano
546 4200 667 4249 Curatius
687 4199 788 4256 dicitur,
807 4212 968 4262 quamquam
986 4197 1075 4245 Maius
1094 4199 1176 4247 edidit
1195 4195 1337 4257 beandas,
1358 4215 1427 4266 qtrae

205 4273 354 4334 scripturae
374 4269 555 4332 discrepantia
574 4272 654 4320 etiam
673 4283 688 4318 c
706 4269 775 4318 Liuii
793 4269 929 4318 codicibus
953 4269 1063 4337 enotata
1081 4273 1131 4320 est.
1175 4271 1334 4320 Constantes
1356 4271 1428 4319 enim

205 4341 340 4409 trigemini
358 4339 395 4389 illi
414 4341 519 4400 tratres,
540 4343 584 4404 qui
602 4339 729 4410 Kopdnoa
747 4341 808 4389 sunt
826 4339 957 4404 Dionysio
975 4337 1036 4388 ilai.
1055 4337 1100 4394 111,
1121 4333 1154 4390 13
1173 4341 1200 4388 et
1219 4355 1290 4404 sqq..
1312 4337 1429 4404 Curiatii

206 4413 375 4476 appellantur
392 4412 420 4460 in
439 4413 575 4462 codicibus
592 4412 660 4461 Liuii
675 4411 796 4461 Mediceo
816 4413 843 4459 et
855 4409 976 4460 Parisino
995 4407 1016 4465 1,
1034 4403 1077 4465 24,
1096 4405 1140 4465 25.
1159 4404 1202 4466 26,
1222 4411 1267 4458 ubi
1280 4411 1428 4460 deteriores

204 4485 307 4534 tantum
327 4482 385 4531 libri
408 4483 524 4533 litteram
542 4482 555 4533 i
572 4483 699 4534 omittunt
727 4483 777 4540 111,
797 4477 846 4539 ³2,
874 4478 886 4531 1
914 4482 940 4530 in
957 4479 1079 4529 ntedtcco
1103 4480 1208 4544 quidem
1234 4482 1276 4529 est
1294 4477 1427 4534 caratiae

205 4557 253 4606 sed
274 4554 355 4620 paulo
374 4557 435 4616 post
454 4571 477 4606 c.
496 4549 539 4614 33,
559 4550 621 4604 2111
640 4553 750 4615 utroque
769 4555 861 4602 codice
875 4547 1025 4608 Curiatius,-
1043 4550 1074 4606 V,
1096 4547 1138 4609 11,
1157 4546 1183 4607 4,
1202 4550 1228 4598 in
1247 4552 1358 4612 utroque
1379 4549 1429 4603 Gu-

205 4626 299 4684 rotius.
320 4625 355 4676 ad
374 4639 453 4689 quem
472 4626 560 4676 iocum
577 4625 813 4675 Drakenborchius
837 4625 891 4674 iarn
911 4622 1097 4673 animaduertit
1120 4622 1147 4670 in
1170 4621 1304 4685 lapidibus
1323 4638 1428 4689 quoque

205 4700 285 4748 modo
304 4697 383 4756 hanc,
402 4698 482 4746 modo
501 4697 574 4746 illam
593 4697 706 4746 nominis
725 4696 838 4745 termam
856 4696 982 4754 inueniri,
1001 4693 1069 4744 adeo
1087 4694 1117 4744 ut
1133 4693 1201 4756 ipsis
1219 4693 1273 4744 iam
1291 4697 1429 4747 ueteribus

206 4769 342 4828 scribendi
359 4768 489 4820 rationem
507 4769 637 4822 incertam
655 4767 741 4818 fuisse
759 4770 969 4819 consentaneum
987 4767 1031 4824 sit,

1178 4854 1219 4930 19
