3409 5400
543 415 627 485 LIB.
649 415 723 495 Vll,
746 415 784 481 (l.
807 416 839 493 4,
863 424 894 493 ς.
917 416 948 485 4.
973 415 1003 483 5.
1322 418 1388 487 tte

157 584 255 661 'enim
272 605 292 647 a
307 582 455 657 tribunis,
479 580 686 644 centuriones
703 601 724 643 a
739 577 994 653 centurionibus,
1018 580 1143 665 equites
1160 578 1202 643 ab
1218 580 1389 667 equitibus,

90 686 295 777 ljtpedites
319 712 340 753 a
361 687 525 775 peditibus
550 687 655 772 excipi
676 686 773 751 iussit
795 708 835 751 ae
863 686 936 751 sine
958 684 1026 751 ulla
1048 684 1293 751 tumultuatione
1317 686 1388 753 solo

90 799 225 861 :mix
248 817 349 859 unum
373 797 549 859 exereitum
572 794 720 879 capiente
744 793 880 861 alterum
907 793 1054 860 inseruit.
1112 792 1187 873 Quo
1217 794 1325 856 euenit
1346 814 1388 858 ne

150 902 358 968 ‘Hasdrubal
380 923 453 966 cum
478 901 606 965 duobus
636 922 673 965 se
697 900 886 965 consulibus
914 899 1144 985 proeliaturum
1173 900 1263 984 prius
1293 898 1392 961 sciret

90 1030 104 1070 L
137 1030 269 1096 -·quam
298 1009 466 1095 utriusque
494 1010 609 1072 uirtute
638 1018 906 1093 prosterneretur.
963 1005 1013 1072 lta
1045 1006 1102 1071 illa
1134 1016 1200 1071 toto
1233 1014 1390 1069 terrarum

137 1115 248 1179 «orbe
271 1116 403 1179 infamis
427 1114 553 1179 Punica
576 1115 752 1189 calliditas,
780 1114 934 1178 Romana
962 1114 1055 1177 elusa
1081 1112 1270 1198 prudentia,
1299 1110 1389 1175 Han·

163 1221 309 1287 nibalem
333 1222 465 1296 Neroni,
488 1220 729 1285 Hasdrubalem
752 1222 931 1285 Salinatori
955 1219 1180 1305 decipiendum
1204 1216 1344 1286 tradidit.

259 1327 484 1394 Memorabilis
508 1329 606 1392 etiam
630 1327 761 1391 consilii
784 1326 823 1408 Q.
841 1326 1003 1391 Metellus.
1051 1324 1116 1405 Qui
1139 1348 1213 1389 eum
1236 1346 1295 1411 pro
1312 1322 1430 1389 con-5.

90 1450 102 1492 ,³
120 1472 146 1507 ·.·
166 1434 241 1498 sule
264 1435 383 1499 bellum
405 1436 440 1499 in
462 1434 626 1519 Hispania
649 1434 812 1499 aduersus
844 1434 1024 1499 Celtiberos
1055 1442 1184 1519 gereret
1212 1432 1390 1519 urbemque

99 1613 113 1618 μ
135 1569 154 1617 ,ι
170 1542 373 1607 Contrebiam
396 1550 494 1628 eaput
517 1541 586 1605 eius
603 1542 711 1627 gentis
729 1540 852 1605 uiribus
871 1562 1060 1629 expugnare
1077 1562 1144 1605 non
1160 1550 1284 1625 posset,
1306 1539 1391 1603 intra

90 1689 145 1728 ῃ
167 1659 284 1733 peetus
308 1670 404 1713 suum
427 1648 562 1713 multum
587 1670 627 1711 ac
650 1647 704 1710 diu
728 1647 874 1711 consiliis
891 1647 1022 1735 agitatis
1039 1648 1127 1713 uiam
1151 1646 1301 1731 repperit,
1326 1666 1392 1729 qua

90 1798 143 1837 .„
167 1755 373 1840 propositum
397 1755 441 1819 ad
464 1756 584 1818 exitum
607 1753 808 1839 perduceret.
853 1752 975 1817 Itinera
989 1773 1112 1839 magno
1135 1753 1258 1836 impetu
1281 1751 1391 1837 ingre·

90 1908 110 1946 ‚4
129 1906 139 1943 :
169 1862 333 1938 diebatur3
356 1861 475 1927 deiude
491 1861 573 1925 alias
590 1872 688 1946 atque
705 1860 788 1925 alias
802 1860 956 1947 regiones
973 1859 1118 1945 petebat;
1142 1858 1204 1922 hos
1221 1855 1394 1921 obsidebat

92 1990 136 2055 <³³1
168 1979 310 2043 montes,
337 1968 437 2052 paulo
460 1977 536 2053 post
558 1966 602 2031 ad
624 1966 698 2031 illos
723 1966 1039 2053 transgrediebatur,
1071 1987 1145 2029 cum
1174 1965 1303 2027 interim
1325 1974 1392 2027 tarn

92 2075 243 2163 ..asnis
267 2075 419 2138 omnibus
444 2096 543 2160 quam
564 2074 647 2157 ipsis
670 2072 820 2137 hostibus
843 2074 958 2159 ignota
982 2082 1051 2137 erat
1078 2094 1182 2135 causa
1203 2072 1392 2155 inopinatae

93 2237 116 2273 ²-
170 2183 243 2247 eius
272 2202 311 2243 ac
340 2180 468 2244 subitae
498 2180 725 2243 fluctuationis.
779 2177 1003 2263 iuterrogatus
1033 2198 1163 2265 quoquc
1196 2200 1217 2240 a
1248 2176 1392 2263 quodam

90 2340 132 2361 ,,,.
170 2286 375 2351 amicissimo
406 2285 469 2349 sibi
500 2285 578 2371 quid
608 2286 654 2349 ita
684 2307 837 2371 sparsum
869 2296 900 2347 et
930 2286 1088 2348 incertum
1122 2283 1255 2347 militiae
1285 2302 1391 2367 genus

94 2378 110 2461 ⁵,
169 2405 373 2479 sequeretur,
397 2390 561 2467 ‘Absiste'‚
583 2392 695 2477 inquit,
720 2392 816 2456 ‘istud
840 2412 1017 2477 quaerere;
1042 2412 1119 2453 nam
1143 2390 1172 2453 si
1195 2388 1291 2453 huius
1316 2410 1393 2452 con·

170 2499 238 2563 silii
265 2500 331 2563 mei
361 2492 549 2563 interiorem
580 2499 722 2563 tunicam
753 2500 922 2564 consciam
952 2519 1027 2561 csse
1056 2518 1210 2569 sensero,
1238 2496 1392 2559 continuo

96 2593 247 2704 ⁸iaceam
271 2607 409 2671 eremari
436 2604 575 2669 iubebo'.
628 2604 794 2684 Quorsum
822 2606 922 2692 igitur
950 2604 1013 2668 ista
1042 2600 1259 2667 dissimulatio
1290 2602 1394 2687 erupit

169 2745 198 2802 3.
217 2765 270 2800 uuo
291 2747 346 2802 CF.
359 2747 527 2815 ltexercitum
545 2750 718 2801 -inseruit
749 2753 807 2810 Quo
826 2763 875 2799 em.
897 2745 924 2799 0.
937 2745 950 2812 ΙΙ
963 2747 1079 2798 exercitu
1098 2743 1126 2797 F.
1139 2743 1152 2813 ΙΙ
1164 2746 1286 2809 sapiente
1304 2740 1393 2796 ΑΕΓ.

109 2861 116 2875 .
171 2822 288 2885 capienti
302 2833 347 2886 pr.
365 2818 403 2873 D.
414 2820 428 2887 ΙΙ
440 2821 638 2886 proeliaturum]
659 2818 720 2872 add.
739 2835 791 2869 uon
810 2834 881 2873 corr.
894 2816 930 2871 D.
943 2815 993 2886 115.
1009 2819 1130 2883 utrisque
1148 2829 1217 2867 corr.
1230 2816 1262 2867 A.
1274 2815 1287 2882 ΙΙ
1300 2817 1394 2868 uirtute

109 2916 113 2924 ·
169 2907 221 2944 orn.
241 2890 272 2942 A.
287 2888 299 2960 ΙΙ
314 2889 339 2943 8.
358 2893 395 2942 Μ.
414 2893 540 2942 Meteilus
558 2890 620 2942 Par.
632 2889 646 2956 Η
658 2907 705 2956 pro
724 2888 862 2941 consuiF
877 2895 903 2940 et
916 2905 960 2957 pr.
979 2887 1014 2941 D.
1030 2887 1041 2955 ΙΙ
1056 2887 1082 2940 9.
1100 2888 1251 2952 hispaniam
1271 2883 1294 2938 G
1311 2891 1337 2936 et
1351 2899 1394 2954 pr.

170 2962 204 3015 A.
217 2961 231 3029 ΙΙ
245 2961 284 3014 10.
304 2965 416 3013 trebiam
434 2960 551 3014 ACDE
557 2960 582 3016 F
586 2959 611 3013 Γ
614 2961 677 3013 Par.
699 2959 760 3014 Vici.
780 2959 817 3011 ad
834 2959 870 3019 H.
891 2959 916 3017 l.
938 2958 978 3012 10.
990 2960 1003 3025 Η
1019 2958 1058 3011 11.
1078 2959 1120 3008 diu
1140 2958 1302 3020 multumque
1317 2956 1395 3008 Torr.

183 3035 198 3102 ΙΙ
210 3035 318 3101 agitans
337 3031 367 3085 F.
385 3033 399 3101 ΙΙ
421 3029 459 3085 13.
478 3033 541 3098 hosi
560 3032 718 3100 praeposuit
737 3035 816 3083 modo
834 3045 924 3098 marpo
942 3030 974 3084 A.
999 3033 1080 3081 Modo
1098 3032 1149 3080 hos
1171 3027 1247 3080 Torr.
1266 3027 1278 3097 ΙΙ
1301 3026 1341 3080 it.
1360 3029 1393 3092 ad

96 3134 116 3165 ‚e
174 3108 245 3154 aiios
264 3103 295 3155 F.
307 3105 320 3171 ΙΙ
336 3101 375 3155 15.
393 3104 472 3170 ipsis}
493 3107 550 3153 suis
569 3101 600 3156 F.
612 3102 626 3170 Η
638 3106 774 3168 inopinata
789 3117 835 3171 pr.
853 3102 886 3154 A.
905 3101 916 3169 ΙΙ
938 3100 979 3155 lli.
998 3103 1103 3152 subitae
1121 3101 1179 3151 eius
1198 3103 1225 3150 ei
1242 3101 1395 3164 inopinatae

92 3190 105 3241 i.
174 3174 206 3227 F.
222 3174 234 3242 ΙΙ
253 3173 292 3225 ii.
312 3175 363 3223 sibi
383 3176 546 3223 amicissimo
564 3173 597 3224 Ε.
614 3174 626 3243 ΙΙ
640 3177 766 3225 incertum
787 3181 814 3225 et
832 3189 957 3238 sparsum
977 3171 1012 3224 D.
1024 3173 1037 3240 ΙΙ
1057 3171 1097 3224 18.
1116 3172 1225 3221 absiste
1243 3170 1334 3234 iuquit]
1355 3185 1394 3219 re·

90 3290 94 3312 ,
175 3245 283 3309 spondit
301 3245 403 3293 absiste
420 3241 457 3294 D.
474 3243 489 3309 ΙΙ
504 3245 575 3293 istud
595 3260 643 3297 om.
663 3244 693 3297 Γ.
709 3243 723 3310 ΙΙ
742 3242 782 3295 id.
801 3244 928 3309 tunicam]
949 3240 1010 3293 add.
1029 3245 1082 3292 iam
1101 3255 1170 3293 corr.
1189 3237 1225 3291 D.
1238 3238 1251 3306 Η
1263 3253 1328 3290 esse
1346 3253 1395 3291 om

90 3355 93 3381 .
177 3315 255 3366 Torr.
266 3311 334 3382 1120.
353 3330 463 3376 quorum
478 3329 523 3380 pr.
541 3312 573 3366 A.
586 3315 600 3383 Η
611 3315 676 3381 ista]
696 3329 771 3382 apr.
790 3312 822 3365 A.
842 3329 876 3364 aa
894 3327 963 3365 corr.
982 3311 1014 3364 A.

90 3491 106 3507 ἡ
248 3436 349 3491 Punica
361 3435 505 3493 calliditas.
518 3435 638 3489 Romana
650 3436 722 3488 clara
729 3435 885 3504 prudentia)
902 3437 994 3500 inepte
1010 3449 1121 3498 prorsus
1134 3435 1258 3484 Valerius
1270 3433 1397 3484 Punicam

90 3503 105 3554 i
177 3511 349 3561 calliditatem
368 3525 428 3560 eum
448 3510 533 3560 tuisse
558 3511 633 3567 dicit.
657 3524 726 3574 quoe
749 3508 926 3556 {iannibaIem
951 3512 978 3556 et
1001 3507 1195 3555 Hasdrubalem
1220 3505 1396 3554 Romanorum

177 3582 332 3632 oonsulibus
351 3581 521 3643 decipiendos
540 3582 685 3630 tradiderit.
726 3580 818 3641 inepte
834 3579 957 3638 inquiam.
982 3577 1087 3626 etiamsi
1106 3578 1139 3624 ad
1162 3575 1331 3626 calliditatem
1351 3577 1397 3624 ad-

176 3654 238 3704 iecit
260 3650 380 3704 Romana
404 3649 477 3702 elasa
494 3648 654 3718 prudentia,
683 3651 807 3715 quomam
831 3649 979 3698 Poenorum
1008 3647 1138 3696 calliditas
1163 3648 1189 3695 in
1216 3647 1268 3696 hoc
1291 3647 1395 3710 quidem

93 3768 97 3781 ,
178 3725 300 3788 exempto
313 3727 426 3787 apparet
444 3725 525 3774 uuita
563 3723 685 3772 Dobebat
696 3722 777 3788 igitur
793 3720 911 3770 scribere
923 3717 1043 3769 Romarm
1056 3713 1209 3784 prudentia,
1228 3713 1397 3768 calliditatem

100 3816 104 3824 ·
178 3792 283 3846 eludens
299 3793 443 3845 Poenorum
465 3821 501 3831 -
520 3790 640 3845 tradidit.
682 3793 776 3853 Neque
799 3795 889 3841 tumen
914 3791 973 3840 ideo
997 3790 1081 3854 probo
1106 3789 1192 3856 Pigbii
1218 3789 1329 3846 farctum,
1352 3789 1396 3854 qui

177 3869 305 3916 bonorum
326 3868 445 3916 codicum
464 3865 589 3932 uestigiis
612 3865 694 3932 ionga
716 3863 815 3912 relictis
838 3877 855 3912 e
872 3859 943 3910 Susii
967 3865 995 3910 et
1012 3860 1151 3908 Puimauui
1175 3860 1309 3908 codicibus
1328 3860 1396 3908 haee

177 3939 217 3986 sic
235 3937 449 3992 transformarit.
473 3933 516 3985 lta
533 3963 569 3973 -
592 3934 693 3986 Punica
715 3929 849 3984 calliditas
865 3931 1002 3998 frustrata
1018 3927 1091 3996 suits
1114 3927 1234 3980 Romana
1252 3925 1396 3996 prudentia

90 4008 95 4060 ἱ
176 4005 350 4060 Hannibalem
368 4004 468 4059 Neroni
486 4035 519 4044 —
539 4002 720 4072 decipiendam
743 4000 866 4057 tradidit.
890 4004 1037 4064 mertioque
1057 4003 1213 4052 eonomine
1233 4002 1397 4064 uituperatur

178 4096 196 4129 a
215 4080 328 4135 Vorstio.
347 4081 443 4128 dumne
463 4080 505 4128 hic
524 4080 584 4140 ipse
605 4080 724 4126 nostram
743 4077 901 4139 scripturum
920 4078 1055 4139 tamquam
1075 4074 1212 4123 meliorem
1230 4073 1398 4135 praedicaret

178 4165 264 4216 neque
283 4151 423 4215 quiequam
442 4165 502 4200 earn
522 4150 584 4198 taisi
603 4151 649 4196 aut
672 4148 759 4197 manci
780 4147 883 4195 habere
902 4147 1080 4195 contenderet.
1122 4144 1214 4192 Incidit
1236 4143 1346 4205 saepius
1369 4143 1396 4190 iu

90 4278 91 4287 p
178 4224 243 4272 tatia
262 4222 400 4279 Valerius.
425 4237 484 4270 erim
511 4224 686 4284 praepostero
710 4218 755 4266 iiio
779 4217 946 4266 declamandi
970 4217 1058 4265 strutio
1077 4214 1166 4264 uerbis
1186 4214 1275 4280 magis
1294 4212 1397 4278 grande

178 4294 334 4344 sonantibus
353 4293 467 4341 inhiaret
485 4307 564 4357 quum
583 4290 721 4341 sententiis
740 4289 913 4351 prospiceret.
951 4287 991 4336 ita
1010 4286 1079 4335 onim
1092 4286 1189 4334 tactum
1209 4285 1298 4332 estut
1316 4295 1396 4344 quam

178 4365 335 4415 sententiam
355 4364 427 4412 initio
445 4369 518 4412 recto
537 4365 626 4411 monto
644 4361 800 4422 concepisse
819 4359 921 4407 uidetur
939 4353 991 4416 (lta
1008 4353 1110 4407 Punica
1127 4349 1260 4404 calliditas
1277 4347 1397 4402 Romam

177 4434 249 4487 elaea
268 4437 306 4484 eet
322 4431 489 4502 prudentia).
511 4435 580 4483 inter
603 4432 772 4481 scribendam
790 4431 927 4495 tamquam
950 4428 1030 4478 nimis
1053 4427 1168 4476 ieiunam
1191 4439 1224 4472 ac
1248 4421 1396 4486 simplicem

90 4510 91 4529 ³
176 4509 231 4558 tam
249 4505 329 4556 toede
346 4507 516 4567 detorqueret
532 4507 560 4554 et
576 4503 703 4552 turbaret.

248 4574 274 4629 il·
293 4577 331 4626 Cf.
351 4576 419 4627 Piut.
436 4576 565 4640 apophth.
584 4577 676 4636 (Caes.
693 4572 793 4624 Mareu.
810 4568 849 4635 2).
868 4569 943 4622 Auel.
962 4571 996 4620 de
1015 4569 1062 4617 uir.
1080 4566 1116 4618 iii.
1135 4560 1179 4616 111.

249 4645 382 4701 ‘Absista'
400 4645 495 4714 inquil)
511 4647 621 4697 Metello
639 4645 686 4695 Pio
704 4645 756 4694 hoc
774 4643 872 4692 dictum
889 4642 978 4691 tribriit
995 4638 1111 4690 Frontis.
1129 4639 1205 4688 strat.
1223 4636 1244 4697 1,
1265 4631 1288 4697 i.
1310 4631 1351 4689 ii.
