3409 5400
264 453 329 522 314
665 454 726 523 nsi
748 450 1081 523 MODERATIONE.

263 615 443 693 creabatur,
467 638 566 703 quam
588 618 691 703 potuit
713 625 902 683 constanter
924 638 1000 683 cum
1022 615 1145 704 populo
1165 619 1233 705 egit
1253 626 1290 683 ut
1312 616 1490 706 aliquando

262 725 471 790 uacationem
492 723 590 789 huius
613 722 749 791 honoris
773 724 895 791 Fabiae
919 727 1010 813 genti
1032 725 1162 800 darem,
1184 746 1252 791 non
1276 725 1366 813 quod
1387 727 1489 792 uirbi-

263 830 348 895 tibus
365 829 422 895 titii
438 830 608 907 diffideret,
631 834 803 899 eratenim
818 830 965 900 inluster.
988 833 1106 899 sedne
1120 835 1298 899 maximum
1313 835 1490 919 imperium

260 938 297 1003 in
320 958 387 1001 una
408 938 535 1003 familia
557 941 809 1006 continuaretur.
857 940 946 1023 Quid
975 940 1039 1006 hac
1066 941 1291 1006 moderatione
1320 940 1488 1005 efficacius

262 1053 319 1109 aut
341 1044 518 1122 ualentius,
542 1069 626 1135 quae
649 1050 747 1113 etiam
768 1048 896 1135 patrios
918 1047 1081 1125 adfectus,
1106 1050 1162 1136 qui
1182 1048 1404 1135 potentissimi
1425 1045 1511 1113 bct-s

262 1154 391 1229 bentur,
415 1154 606 1241 supersunt

220 1256 251 1323 0.
351 1258 427 1325 Non
462 1261 563 1326 defirit
596 1263 775 1329 maioribus
811 1272 907 1349 grata
935 1283 1030 1326 mens
1065 1262 1109 1326 ad
1143 1264 1291 1348 praemia
1324 1262 1490 1347 superiori

262 1366 421 1433 Africano
446 1369 661 1447 exsoluenda,
685 1369 849 1458 siquidem
871 1370 1015 1436 maxima
1038 1371 1108 1434 eius
1130 1370 1248 1434 merita
1274 1368 1411 1454 paribus
1434 1390 1488 1432 or·

263 1477 425 1541 namentis
450 1476 607 1541 decorare
631 1479 740 1543 conati
762 1488 847 1542 sunt.
882 1476 1066 1541 Voluerunt
1087 1475 1133 1541 illi
1147 1488 1273 1541 statuas
1289 1476 1324 1539 in
1345 1476 1488 1551 comitio,

262 1584 298 1648 in
320 1582 453 1657 restria,
482 1584 517 1647 in
541 1585 645 1661 curia,
674 1586 708 1648 in
731 1586 807 1671 ipsa
829 1584 971 1672 denique
992 1580 1082 1649 Iouis
1106 1585 1221 1669 optimi
1241 1584 1378 1648 maximi
1405 1581 1527 1649 cellam

262 1708 401 1776 ponere;
435 1688 609 1755 uoluerunt
642 1692 823 1779 imaginem
857 1694 928 1757 cius
968 1688 1154 1777 triumphali
1191 1700 1308 1755 ornatu
1341 1689 1488 1754 indutam

264 1794 455 1881 Capitolinis
486 1796 712 1882 puluinaribus
742 1798 927 1885 applicare;
954 1798 1127 1863 uoluerunt
1154 1798 1185 1862 ei
1213 1798 1401 1861 continuum
1428 1817 1488 1883 per

264 1924 379 1969 omnes
403 1904 489 1967 uitae
505 1925 611 1969 annos
628 1904 834 1972 consulatum
851 1917 1106 1992 perpetuamque
1126 1903 1322 1968 dictamram
1337 1904 1489 1968 tribuere.

265 2010 414 2091 Quorum
436 2008 518 2077 nihil
541 2011 604 2076 sibi
626 2031 733 2098 neque
760 2012 931 2097 plebiscito
956 2013 1029 2077 dari
1049 2032 1157 2099 neque
1180 2019 1315 2076 senatus
1337 2010 1488 2077 consulto

265 2116 394 2181 decerni
418 2117 572 2204 patiendo
588 2140 693 2204 paene
712 2129 836 2185 tautum
853 2141 891 2184 se
914 2121 949 2184 in
970 2120 1162 2184 recusandis
1184 2117 1366 2184 bonoribus
1383 2119 1489 2207 gessit
1498 2144 1527 2189 ss

265 2234 422 2311 quantum
445 2236 560 2312 egerat
580 2227 616 2289 in
639 2226 834 2293 emerendis.

352 2331 479 2397 Eodem
503 2333 621 2398 robore
643 2336 763 2399 mentis
784 2355 920 2399 causam
937 2331 1133 2400 Hannibalis
1148 2335 1184 2398 in
1201 2343 1318 2398 senatu
1339 2334 1488 2419 protexit,

265 2462 340 2504 cum
362 2459 438 2503 eum
461 2440 552 2503 ciues
577 2441 629 2505 sui
651 2443 765 2507 missis
787 2442 907 2530 legatis
926 2453 1095 2529 tamquam
1113 2440 1293 2505 seditiones
1316 2440 1406 2527 apud
1427 2461 1487 2505 cos

263 2558 450 2611 mouentem
485 2560 688 2613 accusarent.
746 2548 877 2614 Adiecit
916 2572 1046 2636 quoque
1087 2571 1157 2614 non
1192 2559 1342 2634 oportere
1377 2559 1487 2634 patres

265 2654 468 2740 conscriptos
492 2674 529 2720 se
552 2656 766 2742 reipublicae
783 2655 1110 2746 Karthaginiensium
1126 2659 1343 2744 interponere,
1367 2656 1525 2725 abissi-no

262 2781 384 2848 maque
417 2761 642 2828 moderatione
670 2765 801 2830 alterius
831 2765 930 2831 saluti
951 2766 1129 2843 consuluit,
1163 2765 1297 2831 alterius
1326 2764 1488 2852 dignitati,

264 2869 402 2935 motoria
424 2881 518 2951 tenus
542 2873 708 2960 utriusque
731 2872 862 2938 hostem
885 2875 998 2961 egisse
1020 2884 1202 2939 contentus.

224 2965 253 3033 7·
353 2977 397 3042 At
419 2977 463 3044 M.
488 2977 675 3058 Marcellus,
701 2981 755 3067 qui
777 2982 902 3067 primus
926 2991 957 3045 et
978 2979 1199 3048 Hannibalem
1220 2980 1309 3045 uinci
1331 2989 1364 3044 et
1385 2979 1487 3067 Syra·

266 3174 289 3229 l.
308 3177 475 3228 uacationem
495 3177 637 3243 aliquando
658 3175 735 3232 Torr.
749 3174 801 3248 111.
821 3180 898 3231 daret
916 3177 1004 3232 FPar.
1035 3175 1094 3232 Vid.
1113 3174 1150 3229 od
1171 3173 1247 3232 Viti.
1270 3174 1310 3236 11,
1329 3175 1355 3230 1.
1372 3174 1386 3244 ΙΙ
1403 3175 1485 3243 quod]

264 3247 309 3312 qui
326 3244 359 3300 Β.
371 3244 385 3315 ΙΙ
396 3243 422 3299 3.
441 3249 487 3298 tilii
506 3249 645 3299 uirtutibus
667 3246 743 3302 Torr.
756 3250 769 3318 ΙΙ
781 3251 892 3301 illustris
910 3248 1049 3304 EFTcrr‘.
1060 3249 1074 3318 ss
1085 3244 1111 3301 5.
1130 3249 1263 3302 ualentius
1284 3251 1332 3300 aut
1348 3249 1486 3300 efficacius

266 3316 341 3370 Tcrr.
364 3318 376 3387 ΙΙ
396 3336 450 3383 qua
467 3317 504 3372 D.
521 3317 535 3386 ΙΙ
553 3318 645 3388 edam]
666 3323 692 3371 et
710 3319 746 3375 E.
758 3323 772 3389 Η
784 3323 868 3386 patris
886 3319 915 3373 F.
931 3321 945 3389 ΙΙ
963 3319 987 3375 i.
1006 3323 1066 3372 Non
1084 3347 1119 3358 —
1137 3317 1187 3386 (8.)
1205 3319 1311 3387 merita]
1335 3319 1487 3384 Superioris

264 3391 382 3443 Africani
399 3391 494 3442 merita
512 3391 630 3442 rnaiores
648 3389 680 3443 Γ.
692 3391 705 3458 ΙΙ
717 3387 741 3444 8.
755 3395 813 3444 eius
832 3395 952 3444 maxims
962 3388 1062 3459 11110.
1077 3393 1241 3442 dedecorare
1251 3388 1279 3444 F.
1291 3390 1304 3458 ΙΙ
1319 3387 1359 3443 10.
1377 3390 1488 3440 maximi

264 3475 313 3514 om.
332 3460 396 3515 ΕΓ.
408 3460 422 3528 Η
437 3458 476 3516 tt.
495 3461 571 3530 nibil]
592 3477 640 3513 om.
658 3459 684 3515 F
701 3468 727 3514 ct
739 3478 784 3531 pr.
802 3461 834 3515 A.
850 3471 913 3532 port
930 3465 982 3514 sibi
1000 3477 1070 3515 corr.
1082 3460 1113 3514 Δ.
1128 3467 1141 3529 ΙΙ
1156 3457 1197 3514 ib.
1211 3462 1253 3529 se]
1264 3467 1327 3529 poet
1340 3461 1487 3513 honoribus

266 3530 343 3586 Torr.
357 3532 369 3604 11
387 3529 427 3585 tt.
446 3549 461 3585 e
483 3533 551 3600 crat]
570 3537 697 3602 gesserat
714 3531 822 3588 PTcrr.
844 3533 886 3602 Cs.
910 3529 971 3589 VII.
993 3532 1017 3594 7.
1038 3531 1062 3587 7.
1076 3531 1089 3605 ΙΙ
1103 3535 1237 3585 merendis
1255 3531 1283 3584 Ε
1302 3537 1328 3583 et
1343 3531 1372 3583 is
1389 3545 1488 3583 recuro

262 3601 296 3656 Β.
316 3606 436 3656 emendis
457 3549 514 3659 FF.
533 3606 659 3674 gerendis
678 3603 710 3658 F.
724 3611 736 3670 ΙΙ
753 3602 794 3659 18.
814 3607 886 3673 eum]
906 3608 978 3658 enim
994 3603 1027 3658 Β.
1039 3602 1053 3672 ΙΙ
1065 3608 1107 3657 sui
1124 3604 1228 3672 missis]
1248 3605 1402 3655 summissis
1419 3600 1487 3656 Dr.

277 3673 289 3742 ΙΙ
305 3677 462 3728 seditionem
472 3672 503 3728 F.
518 3671 530 3746 ΙΙ
547 3671 587 3729 10.
607 3678 761 3730 molientem
779 3673 836 3729 EF
853 3683 879 3728 et
896 3691 967 3732 cerr.
988 3675 1016 3731 C.
1028 3677 1042 3744 ΙΙ
1053 3678 1202 3739 adiecitque
1220 3673 1253 3728 Γ.
1263 3673 1277 3742 ΙΙ
1289 3672 1333 3727 10.
1343 3675 1488 3726 se—Kar·

263 3746 484 3814 tbaginicnsium]
503 3749 728 3816 cartaginensium
751 3750 830 3800 tactis
854 3746 887 3801 F.
900 3748 913 3816 ΙΙ
924 3763 954 3800 re
977 3750 1085 3813 publica
1108 3745 1143 3801 E.
1158 3747 1170 3816 ΙΙ
1190 3744 1235 3800 11.
1257 3747 1394 3816 uictoriam
1417 3744 1450 3799 F·
1462 3743 1477 3814 ΙΙ

263 3813 481 3884 110811311110.
498 3820 573 3882 prius
591 3815 626 3872 E.

334 3992 454 4056 inluster)
472 3995 529 4047 Vno
547 3997 690 4060 praeterea
708 3999 787 4048 huius
806 4000 896 4063 operis
915 3999 982 4056 loco,
1001 3999 1046 4048 ubi
1064 3999 1141 4050 ulrile
1158 3999 1238 4049 buius
1257 3997 1382 4048 adiectiui
1399 4008 1488 4064 genus

265 4067 339 4120 recto
356 4081 422 4116 casu
441 4068 557 4131 positum
576 4070 626 4128 est,
646 4071 739 4121 codem
758 4071 838 4120 morto
857 4071 883 4119 in
905 4071 1013 4132 optImIs
1031 4071 1181 4136 quibusque
1204 4070 1280 4120 libris
1305 4068 1429 4118 scribitur
1447 4065 1488 4116 s's·

265 4137 356 4192 mer.
376 4138 432 4197 1111,
452 4132 477 4198 3,
497 4133 523 4188 5.
558 4140 599 4191 De
618 4156 672 4206 qus
689 4141 888 4198 terminatione,
908 4142 1013 4191 etiamsi
1032 4141 1104 4190 aliud
1123 4143 1181 4191 eius
1200 4142 1351 4206 exemplum
1369 4139 1488 4190 nondum

264 4212 412 4263 inuenerirn
430 4210 538 4274 praeter
556 4212 678 4262 Marcelli
695 4212 821 4276 Empirici
844 4212 940 4262 medici
962 4213 989 4262 iu
1012 4212 1088 4262 titulo
1113 4213 1186 4271 libri,
1211 4213 1257 4275 qui
1277 4211 1429 4262 inscribitur
1452 4210 1487 4259 de

265 4283 486 4336 medicaminibus
510 4284 656 4347 empiricis,
685 4285 756 4346 qnod
780 4283 931 4346 exemptum
962 4284 1053 4333 citauit
1076 4283 1267 4343 ForcellInins,
1296 4298 1350 4334 non
1375 4283 1419 4332 est
1440 4295 1488 4330 cur

263 4356 426 4414 dubitemus,
446 4367 506 4404 curu
524 4353 639 4405 aliarum
657 4369 761 4420 quoque
780 4355 988 4418 appellationum
1000 4354 1076 4405 uirile
1095 4369 1183 4422 genus
1200 4357 1280 4406 modo
1298 4356 1326 4405 in
1345 4367 1382 4412 er,
1406 4354 1486 4403 modo

266 4429 293 4477 in
311 4425 336 4478 s'r
353 4427 467 4484 desinat,
486 4427 515 4474 ut
523 4422 624 4476 celeber
642 4429 669 4476 et
687 4421 807 4479 celebris.
825 4421 932 4476 saluber
944 4422 1106 4485 etsulsbrs's,
1125 4441 1188 4478 acer
1200 4432 1227 4478 et
1239 4425 1322 4482 rere.
1340 4439 1392 4476 nec
1409 4424 1489 4476 aliter

266 4502 391 4564 equester,
410 4501 542 4554 terrester,
562 4493 690 4550 siluestris
727 4497 765 4547 Ct'.
784 4497 890 4562 Zumpt.
909 4499 959 4549 art.
979 4499 1004 4561 s.
1026 4494 1077 4550 100
1094 4502 1149 4553 not.

337 4563 364 4618 0.
383 4568 420 4619 Cf.
441 4568 498 4618 Liu.
517 4567 666 4627 XXXVIII,
685 4561 729 4620 bt.

336 4635 550 4690 animatore
567 4636 668 4699 mentm)
685 4639 724 4692 Cf.
743 4639 802 4692 Liu.
821 4639 946 4699 XXXIII,
964 4637 1009 4692 ti.

339 4705 364 4764 i.
384 4709 423 4760 ct.
441 4709 499 4764 Liu.
516 4710 614 4771 XXVI,
632 4704 668 4762 10
686 4713 713 4760 et
730 4724 789 4780 sqq.
807 4711 876 4766 Plut.
894 4713 979 4764 Marc.
995 4706 1040 4772 13.
