3409 5400
546 486 628 555 nra.
652 485 707 565 111,
732 442 770 553 οξ
793 487 824 565 s,
846 486 921 555 aa.
944 496 976 566 r.
1001 487 1030 553 ι.
1053 485 1086 555 e.
1361 488 1428 559 err

205 648 361 736 patienda
383 648 475 737 pueri
497 650 606 735 magis
630 648 810 716 delectatus
835 660 901 724 est,
932 646 996 711 boc
1019 649 1139 713 certius
1161 650 1429 734 perseuerantiae

205 758 460 843 experimentum
484 776 614 822 sumere
637 754 749 821 uoluit.
796 755 954 821 Consulto
969 756 1057 827 enim
1073 756 1274 820 sacrificauit
1295 754 1429 831 diutius,

204 882 264 927 nec
292 862 357 927 hae
385 884 419 925 re
450 882 525 929 eum
555 862 725 948 proposito
754 861 883 947 repulit.
940 862 978 925 Si
1006 860 1081 925 huic
1111 861 1269 926 miraculo
1295 860 1427 927 Dareus

203 970 396 1033 inseruisset
418 966 543 1045 oculos,
567 970 687 1034 scisset
710 970 780 1031 eius
810 970 921 1054 stirpis
951 968 1071 1032 milites
1103 970 1193 1032 runci
1220 989 1287 1032 non
1315 989 1427 1053 posse,

174 1076 297 1139 senius
320 1075 485 1145 infirmam
508 1085 647 1141 aetatem
671 1085 759 1141 tanto
782 1075 900 1139 robore
923 1074 1105 1160 praeditam
1128 1073 1427 1141 animaduertisset.

292 1179 353 1245 Est
374 1192 408 1244 et
428 1180 483 1247 illa
507 1180 686 1247 uehemens
710 1192 742 1245 et
764 1193 922 1247 constans
946 1182 1047 1247 animi
1071 1180 1195 1254 militia,
1221 1181 1334 1248 litteris
1357 1178 1427 1264 pol·

202 1287 286 1364 lons,
309 1286 545 1353 uenerabilium
562 1289 727 1355 doetrinae
743 1310 913 1355 sacrorum
929 1290 1065 1353 antimes
1078 1285 1298 1374 philosophia.
1333 1286 1428 1367 Quae

202 1394 259 1461 ubi
281 1404 413 1479 pectore
437 1406 570 1479 recepta
592 1406 650 1470 est,
677 1393 872 1474 [hominem]
903 1392 1077 1459 inhonesto
1106 1405 1204 1479 atque
1238 1393 1342 1459 inutili
1370 1392 1428 1457 ad·

205 1502 290 1565 iectu
307 1498 467 1585 dispulsa,
491 1511 593 1565 totum
608 1502 641 1565 in
658 1501 784 1567 solidae
800 1502 929 1566 uirtutis
952 1502 1152 1565 munimento
1175 1500 1348 1564 confirmat
1368 1521 1427 1584 po·

167 1609 388 1693 attentiusque
412 1616 500 1671 metu
522 1607 601 1671 facit
624 1628 663 1673 ec
687 1607 811 1672 dolere.

207 1754 222 1773 „
293 1709 452 1797 Incipiam
474 1724 583 1779 autern
607 1734 628 1777 a
649 1713 779 1779 Zenone
804 1713 926 1777 Eleate.
974 1711 1136 1792 Quicum
1159 1708 1469 1795 essetindispi·2.

205 1818 324 1885 cienda
351 1838 460 1883 rerum
491 1829 610 1885 natura
637 1822 799 1885 maximae
827 1819 1019 1905 prudentiae
1048 1821 1147 1905 inque
1176 1816 1355 1896 excitandis
1370 1815 1429 1881 ad

206 1929 355 2013 uigorem
386 1928 541 1993 iuuenum
572 1926 691 1991 animis
726 1927 1008 2011 promptissimus,
1043 1936 1291 2012 praeceptorum
1331 1923 1428 1987 iidem

208 2031 355 2117 exemplo
370 2033 498 2097 uirtutis
515 2051 595 2097 suae
611 2030 795 2117 publicauit.
843 2032 988 2097 Patriam
1005 2034 1092 2097 enim
1114 2053 1282 2118 egressus,
1304 2032 1340 2095 in
1364 2051 1430 2115 qua

82 2188 84 2221 ,
169 2138 269 2203 rofi-ui
298 2160 417 2203 secura
450 2137 599 2203 libertate·
624 2148 764 2222 poterat,
803 2135 1023 2224 Agrigentum
1058 2138 1237 2202 miserabili
1273 2137 1428 2201 seruitute

206 2245 467 2328 obrutumpetit,
492 2256 581 2309 tanta
604 2244 722 2308 fiducia
745 2244 870 2330 ingenii
896 2266 935 2308 ec
959 2258 1087 2309 morum
1111 2265 1246 2308 suorum
1269 2242 1371 2305 fretus
1394 2252 1430 2302 ut

208 2391 231 2477 i.
250 2422 350 2491 magis]
370 2422 575 2487 catepatientia
593 2418 626 2475 E}
640 2420 652 2489 ΙΙ
665 2426 708 2473 est
724 2438 773 2476 ora.
793 2418 1028 2473 BCDEPTorr.
1040 2422 1053 2489 ΙΙ
1065 2422 1127 2487 boc]
1147 2426 1175 2471 et
1193 2422 1243 2471 boc
1262 2435 1331 2472 corr.
1343 2417 1375 2470 Α.
1395 2434 1429 2469 ex

207 2498 257 2545 boe
276 2491 342 2545 Dr.
368 2494 447 2544 butes
466 2490 501 2543 E.
519 2494 533 2563 Η
551 2488 576 2543 3.
596 2510 613 2545 a
631 2496 768 2558 proposito
789 2492 867 2545 Torr.
885 2492 898 2562 ΙΙ
918 2495 1019 2557 depulit
1041 2492 1104 2544 Par.
1122 2497 1147 2544 et
1169 2506 1239 2544 cerr.
1259 2491 1288 2543 A.
1303 2496 1317 2558 ΙΙ
1337 2489 1428 2539 darius

206 2562 466 2630 suberrant}
478 2559 503 2616 d.
523 2566 572 2615 idst
589 2592 624 2602 -
643 2563 709 2629 (ld.)
729 2565 820 2615 dolore
838 2581 887 2616 om.
907 2562 938 2615 Γ.
950 2560 1001 2629 118.
1019 2563 1164 2629 bominem]
1183 2562 1211 2615 D
1229 2569 1256 2613 et
1268 2577 1313 2629 pr.
1331 2558 1362 2613 A.
1381 2563 1428 2610 bo·

206 2639 272 2687 mini
290 2632 343 2687 BC
359 2640 385 2686 et
401 2648 470 2691 corr.
488 2633 520 2687 A.
548 2638 619 2687 omui
636 2634 670 2688 Ε.
700 2638 836 2687 bominum
858 2634 934 2688 Torr.
950 2635 964 2702 ΙΙ
981 2630 1007 2688 9.
1025 2636 1252 2701 potentioremque
1270 2631 1298 2684 D
1316 2638 1342 2685 et
1358 2645 1429 2681 corr.

209 2706 237 2760 0.
249 2709 263 2774 ΙΙ
278 2704 317 2770 lii.
336 2708 409 2773 iacit]
424 2711 488 2774 pert
505 2709 596 2758 dolore
610 2706 687 2761 Tem.
699 2708 713 2775 ΙΙ
727 2706 767 2762 ll.
786 2709 912 2773 Incipiam
924 2734 960 2746 —
970 2707 1031 2773 Qui]
1045 2710 1119 2758 Zeno
1131 2704 1286 2760 Eleatael'.
1299 2706 1313 2774 ΙΙ
1324 2705 1429 2758 aeleate

114 2828 120 2835 ,
207 2776 268 2831 Δί’.
286 2779 393 2829 meliate
411 2775 444 2831 E.
459 2775 471 2848 ΙΙ
487 2780 660 2843 despicienda
677 2778 709 2830 Γ.
724 2778 736 2848 Η
754 2775 793 2832 13.
814 2780 1023 2844 promptissimis
1035 2793 1081 2846 pr.
1099 2776 1132 2830 A.
1150 2778 1164 2845 ΙΙ
1175 2780 1334 2842 praeceptor
1351 2774 1388 2832 D.
1402 2768 1416 2846 ii

210 2844 251 2901 ii.
271 2851 373 2900 uirtutis
391 2851 514 2914 exempto
532 2848 568 2903 E.
580 2851 594 2918 Η
609 2845 648 2902 lii.
667 2852 741 2914 petiit
758 2847 898 2902 EFTorr.

206 3011 349 3078 praeterea
367 3011 393 3058 in
413 3010 504 3060 codice
516 3011 648 3060 Beruensi
665 3015 705 3062 est
720 3013 784 3076 post
797 3007 947 3064 debetores.
983 3011 1100 3079 Egregie
1112 3010 1257 3062 Torrenius
1269 3009 1429 3062 sententiam

206 3081 322 3134 restituit
339 3082 411 3132 dacili
430 3083 627 3138 emendations,
654 3097 734 3147 quam
758 3083 865 3133 omnino
889 3086 1074 3133 necessariam
1098 3095 1163 3132 esse
1186 3097 1221 3132 ne
1245 3083 1304 3145 ipse
1322 3082 1446 3146 quidem.

208 3152 312 3201 uidetur
332 3153 516 3216 perspexisse.
562 3152 697 3206 Seiuncte,
723 3169 792 3219 quae
809 3154 966 3218 plerumque
989 3154 1143 3209 cohaerent,
1167 3166 1218 3219 quo
1241 3179 1277 3190 -··
1294 3151 1378 3217 caepis
1394 3165 1430 3201 no

208 3237 288 3284 quem
308 3223 453 3282 offendunt,
472 3239 605 3288 epponem
630 3224 718 3274 simite
737 3225 822 3273 Taciti
841 3224 1001 3288 exemplum,
1021 3224 1064 3288 qui
1087 3225 1113 3272 in
1132 3224 1169 3272 ili
1188 3239 1249 3274 ann.
1268 3217 1430 3285 descripsit

208 3290 322 3344 saraae
339 3297 423 3344 tumen
440 3292 517 3359 stipor
535 3291 618 3350 animi
635 3309 665 3346 eo
684 3293 775 3345 acrior
792 3309 841 3360 pao
859 3307 974 3344 romeam
992 3298 1018 3342 et
1034 3290 1157 3346 imum
1172 3292 1258 3358 mapa
1274 3289 1429 3343 creamur:

277 3368 386 3431 pectore
402 3369 508 3430 receptu
526 3369 574 3418 eet,
597 3363 744 3430 [manem]
771 3363 915 3425 intonato)
941 3365 1023 3414 Vncie
1036 3365 1089 3413 iliis
1107 3365 1239 3426 ademptis
1258 3377 1327 3427 quae
1346 3376 1430 3425 supra

209 3436 280 3486 edidi
311 3435 451 3499 archetypi
473 3437 679 3499 repraesentent
700 3436 873 3499 scripturam,
901 3451 955 3486 non
978 3449 1046 3484 sane
1065 3449 1097 3483 eo
1121 3435 1201 3484 modo
1225 3433 1429 3489 emendandam,

208 3523 261 3569 quo
281 3507 384 3556 tactum
399 3507 456 3556 erat
475 3507 502 3557 ia
521 3509 640 3576 uolgatis
660 3507 859 3569 exemplaribus
878 3507 906 3556 et
928 3508 982 3555 iem
1006 3506 1033 3554 in
1051 3504 1153 3556 Veneto
1172 3519 1197 3552 a.
1218 3499 1294 3553 1478.
1324 3502 1429 3552 Etenim

207 3575 338 3628 hminem
356 3578 417 3628 terri
436 3579 542 3640 poterut
560 3580 727 3628 coniunctum
751 3592 810 3626 cum
833 3577 930 3640 plurali
951 3589 1062 3626 numero
1079 3570 1246 3641 pectoribus,
1272 3571 1301 3621 te
1319 3577 1429 3638 pectore

207 3646 338 3699 haim
355 3651 462 3714 recepte
480 3647 597 3698 alienum
616 3650 658 3699 cst
675 3651 710 3698 ab
729 3663 775 3699 ore
794 3648 898 3700 Latino.
940 3649 970 3696 ln
995 3646 1081 3696 altera
1105 3647 1193 3693 autern
1216 3646 1294 3708 parte
1318 3643 1429 3694 alterius

168 3765 171 3770 .
210 3719 326 3770 familiae
345 3719 452 3769 codices
471 3717 570 3768 homini
581 3719 714 3777 exhibent,
734 3719 804 3770 unde
822 3734 876 3768 nou
888 3717 999 3768 maisin
1012 3717 1221 3780 Guelferbytano
1233 3711 1260 3766 E
1272 3716 1430 3779 temptatum

208 3789 279 3840 onesi
289 3788 432 3844 immuto.
447 3791 589 3846 dummodo
600 3789 648 3840 itta
659 3792 791 3854 scriptura
803 3791 943 3854 archetypi
954 3788 1134 3838 testimonium
1144 3787 1301 3838 contineret.
1330 3788 1429 3838 Verum

208 3859 334 3918 mnium
345 3862 429 3911 masei
446 3861 568 3924 potuisse
586 3875 620 3911 ex
638 3860 708 3910 amai
725 3876 758 3912 ne
777 3860 935 3912 'lenonium
953 3859 1063 3925 quidem
1077 3859 1104 3908 et
1127 3858 1306 3916 Perizonium,
1333 3859 1429 3924 quibus

208 3930 278 3982 omni
296 3948 313 3980 a
332 3932 438 3982 Valerio
457 3933 573 3994 positum
597 3933 749 3991 uidebatur,
776 3944 954 3982 concessuros
977 3945 1046 3980 nunc
1071 3943 1135 3980 esse
1157 3929 1259 3993 opinor.
1300 3929 1430 3994 Equidem

209 4003 296 4054 nullus
321 4003 411 4052 dubito
434 4004 498 4067 quin
520 4000 647 4052 bominem
671 4004 828 4066 ascripserit
849 4003 988 4059 librarius,
1016 4001 1075 4066 qni,
1101 4016 1160 4050 cum
1184 4016 1237 4052 non
1260 4002 1430 4068 intellegeret

208 4076 296 4130 totam,
315 4073 386 4137 quod
405 4073 485 4136 paulo
505 4074 702 4138 postsequitur‚
723 4075 773 4122 dici
785 4075 819 4124 de
832 4075 949 4138 pectore,
968 4073 1140 4123 desiderabat
1152 4074 1357 4130 substantiuum,
1376 4087 1429 4137 quo

208 4145 271 4194 iliud
290 4144 383 4193 reterri
402 4148 505 4207 posset.
540 4143 634 4194 incidit
651 4157 718 4212 ergo
736 4145 762 4194 in
780 4145 820 4203 td,
839 4146 910 4207 quod
928 4145 1078 4207 proximum
1097 4147 1166 4202 crat,
1189 4135 1345 4201 tomhem'
1356 4145 1384 4192 et
1401 4144 1430 4190 at

208 4214 331 4277 proxima
348 4215 487 4264 dumtaxat
504 4217 598 4264 curant
614 4217 734 4266 infelices
751 4216 797 4265 isti
815 4217 994 4274 correctores,
1021 4216 1055 4265 de
1078 4229 1169 4266 errore
1192 4230 1226 4264 no
1249 4216 1304 4264 tum
1323 4215 1428 4279 quidem

209 4285 321 4334 moetus
340 4287 391 4344 est,
411 4301 470 4338 cum
490 4288 630 4351 sequentia
648 4288 760 4354 legeret,
777 4285 958 4353 potentemque
974 4289 1044 4339 mea
1052 4283 1135 4350 seed.

279 4352 306 4406 2.
325 4356 365 4404 Gi.
384 4357 437 4406 Cic.
456 4356 536 4408 Taso.
555 4357 587 4414 ll,
606 4353 650 4416 22,
668 4352 712 4408 52
731 4357 809 4424 Diog.
827 4357 917 4408 Laert.
938 4357 985 4413 lX,
1003 4352 1140 4413 tueare.
1156 4371 1184 4407 a.
1201 4352 1303 4418 Ζήνων.

279 4424 448 4493 mntem
475 4423 622 4478 manubrii
649 4427 775 4480 emitote
798 4423 918 4478 etnam
934 4427 1024 4493 petit)
1049 4428 1090 4478 De
1112 4426 1287 4494 Agrigentino
1311 4423 1428 4476 Zenonis

207 4497 302 4549 itinere
320 4499 396 4548 solus
415 4499 540 4549 Valerius
563 4499 679 4562 scripsit.
716 4498 802 4548 Ceteri
825 4501 950 4549 auctores
971 4499 998 4548 ia
1022 4512 1056 4548 eo
1079 4499 1136 4548 iere
1159 4497 1326 4562 consentiunt
1344 4496 1428 4546 Eleae

209 4585 227 4623 a
251 4570 376 4622 Nearcho
401 4583 476 4630 eum,
501 4571 548 4620 aut
572 4583 590 4618 a
613 4569 727 4635 Dcmylo
751 4570 798 4619 aut
821 4585 839 4618 a
861 4569 1052 4626 Diomedonte,
1076 4583 1135 4618 cunr
1158 4567 1274 4624 consilii,
1299 4568 1368 4631 quod
1394 4567 1428 4616 de

208 4639 390 4694 interficiendo
425 4641 535 4704 ceperat
557 4642 686 4704 tyranno,
722 4640 846 4706 conscios
875 4640 993 4690 indicere
1021 4640 1117 4697 nollet,
1158 4639 1240 4689 uariis
1267 4637 1428 4688 cruciatibus

208 4711 396 4781 interemptum
413 4725 485 4762 esse.
517 4711 552 4760 ut
569 4723 636 4762 sune
652 4711 812 4771 Phalaridis,
830 4711 907 4760 mins
928 4711 1046 4762 aemtem
1065 4713 1137 4761 reete
1153 4707 1225 4761 cirea
1240 4708 1430 4776 Olympiadem
