3409 5400
260 434 327 506 422
483 429 543 495 nn
564 424 752 528 emulsa
774 422 898 493 unca
919 413 1153 491 almurus
1173 419 1268 491 aro.
1336 427 1339 437 ¹

261 601 367 689 pietas
382 593 574 668 uslausein
596 591 760 678 uniusque
774 590 921 688 pet-entis
938 597 1091 677 aspectus
1107 585 1337 653 bellumatrox
1353 581 1492 651 salutari

288 727 346 773 aee
368 702 514 772 mutauit.

221 730 285 877 dp
352 809 477 877 Eadem
507 808 614 893 pietas
644 806 769 871 uiribus
800 805 871 869 suis
900 803 1139 869 inflammatum
1169 799 1361 867 Africanum
1391 821 1490 885 supe·

263 918 385 987 riorem
412 914 546 981 uixdum
574 934 680 987 annos
709 907 888 998 pubertatis
917 912 1105 997 ingressum
1139 909 1183 975 ad
1217 928 1314 994 opem
1344 908 1428 993 patri
1456 908 1491 972 in

266 1028 336 1094 acie
359 1022 530 1089 ferendam
552 1019 639 1083 uirili
662 1020 779 1084 robore
804 1018 952 1084 armauit.
1001 1016 1179 1081 Consulem
1195 1016 1283 1080 enim
1302 1037 1377 1079 eum
1402 1014 1524 1102 apud⁵

266 1135 414 1199 Ticinum
446 1128 566 1192 flumen
596 1125 746 1191 aduersis
776 1126 934 1212 auspiciis
965 1145 1041 1215 cum
1064 1122 1249 1188 Hannibale
1276 1132 1491 1209 pugnantem,

268 1241 413 1331 grauiter
436 1235 586 1303 saucium
608 1234 789 1298 intercessu
806 1252 868 1297 suo
892 1232 1047 1306 seruauit,
1070 1249 1176 1315 neque
1190 1228 1281 1293 illum
1298 1241 1355 1293 aut
1376 1230 1491 1294 aetatis

267 1348 439 1415 infirmitas
463 1352 520 1408 aut
541 1340 675 1406 militiae
699 1340 882 1404 tirocinium
906 1349 963 1402 aut
984 1336 1124 1401 int'elicis
1143 1336 1258 1421 proelii
1280 1337 1378 1401 etiam
1402 1346 1493 1400 uete-

268 1476 351 1521 rano
374 1452 523 1517 bellatori
544 1446 825 1535 pertimescendus
850 1446 955 1509 exitus
971 1442 1186 1529 interpellare
1198 1442 1300 1507 ualuit
1316 1444 1494 1529 quominus

270 1561 392 1648 duplici
416 1558 523 1646 gloria
545 1556 744 1641 conspicuus
767 1571 925 1617 coronam
948 1553 1145 1636 imperatore
1169 1549 1264 1615 simul
1288 1560 1320 1613 et
1337 1562 1429 1636 patre
1455 1568 1537 1614 exto
1636 1620 1637 1629 ἵ

269 1671 346 1756 ipsa
367 1676 472 1732 morte
494 1672 589 1748 rapto
613 1675 799 1726 mereretur.
829 1687 831 1692 s

231 1773 263 1840 3.
362 1770 505 1836 Auribus
528 1769 594 1832 ista
616 1779 681 1831 tam
699 1766 870 1852 praeclara
885 1763 1034 1851 exempla
1050 1765 1202 1829 Romana
1222 1763 1339 1828 ciuitas
1360 1764 1497 1847 accepit,

272 1880 331 1946 ills
352 1878 433 1943 uidit
456 1877 572 1942 oculis.
616 1876 655 1940 ll.
684 1873 807 1939 Manlio
831 1873 995 1960 Torquato
1024 1872 1109 1937 diem
1139 1871 1181 1935 ad
1210 1870 1368 1958 populum
1396 1870 1496 1936 Pom·

278 2038 302 2093 l.
322 2040 433 2090 salutari
450 2007 500 2088 om.
518 2035 550 2090 F.
562 2034 575 2105 ΙΙ
587 2031 612 2087 3.
626 2039 735 2111 auritus
749 1995 779 2087 l'.
792 2035 805 2101 ΙΙ
817 2032 842 2087 t.
855 2034 1014 2099 puerilitatis
1032 2029 1151 2084 ACDE
1157 2030 1182 2083 F
1187 2004 1294 2084 llari.
1305 2028 1319 2097 ΙΙ
1332 2031 1496 2152 'agressum1

276 2125 421 2180 egressum
441 2106 517 2162 Tetra
538 2106 600 2160 aad.
619 2109 638 2159 Ι.
657 2110 686 2161 P.
706 2124 765 2157 cum
782 2107 872 2157 adhuc
890 2107 1076 2190 praetextatus
1096 2106 1272 2168 essetmrpo
1284 2100 1316 2154 Α.
1331 2099 1344 2170 ΙΙ
1377 2140 1384 2154 .
1403 2104 1498 2186 coqsul

278 2180 367 2321 alet
379 2172 951 2319 {elnathanaaa
963 2176 1210 2315 aalma
1221 2172 1279 2298 u
1348 2172 1498 2315 reme

276 2325 340 2377 uilio
358 2250 513 2376 AGDEl'.
532 2323 648 2372 mamilio
667 2317 699 2372 F.
722 2318 756 2371 Vt
773 2334 821 2369 uos
839 2318 900 2373 Par.
925 2316 984 2371 Vid.
1004 2315 1041 2369 ad
1058 2244 1094 2379 ll,
1115 2316 1140 2377 7,
1160 2316 1186 2369 tl.
1197 2316 1211 2384 11
1223 2318 1267 2368 die
1286 2313 1317 2369 F.

349 2462 375 2518 2.
394 2466 432 2517 ct.
451 2466 510 2516 lriu.
530 2464 603 2523 XXI,
622 2457 665 2515 lt.
690 2463 756 2515 Ptin.
775 2462 801 2515 h.
820 2477 846 2514 n.
865 2458 986 2521 Xlel.
1011 2462 1106 2514 Senec.
1126 2462 1159 2512 de
1179 2460 1265 2511 benef.
1284 2460 1334 2519 111,
1353 2455 1397 2511 ³3.
1423 2458 1499 2509 iluct.

280 2539 314 2587 de
332 2537 380 2588 uir.
398 2537 435 2587 ill.
454 2531 497 2587 lt.

350 2603 457 2657 eisdam
475 2619 557 2655 aanor
570 2602 720 2671 pubertatis
737 2601 892 2670 inpressum)
920 2607 1022 2654 Omnes
1041 2619 1108 2669 quas
1127 2605 1250 2670 aquidum
1269 2603 1374 2667 inspexi
1394 2604 1500 2653 codices

280 2691 422 2742 perperam
443 2673 606 2743 puerilitatis
628 2674 771 2756 inpressum
795 2676 929 2728 exhibent.
970 2676 1062 2742 ltaque
1089 2675 1198 2745 Pighius
1224 2690 1239 2726 e
1263 2675 1354 2725 codice
1377 2674 1500 2726 tt'inehc·

281 2749 352 2798 licito
371 2750 398 2797 ct
416 2748 567 2797 Coloniensi
582 2745 744 2814 paerstitetr'e
761 2761 892 2812 epressam
915 2749 1017 2811 posuit,
1042 2750 1112 2809 quau
1138 2748 1237 2797 mansit
1258 2748 1284 2797 in
1309 2748 1500 2797 recentioribus

209 2871 213 2876 ,
282 2819 450 2868 editionibus.
485 2818 629 2880 Equidem.
652 2820 838 2884 praeterquam
865 2820 933 2884 quod
959 2835 993 2869 ne
1018 2834 1066 2882 per
1084 2834 1115 2867 se
1137 2820 1243 2880 quidem
1262 2820 1330 2868 adeo
1350 2819 1502 2869 uerisimitis

283 2891 326 2939 est
343 2890 389 2938 illa
407 2888 566 2946 emendatio,
585 2890 664 2939 ualde
677 2891 767 2938 dubito
787 2906 848 2939 nuru
868 2890 1018 2953 puerilitate
1038 2893 1109 2940 reete
1122 2891 1230 2953 puerilis
1244 2892 1321 2940 uetus
1334 2888 1500 2957 insigniatur.

284 2975 343 3009 cam
362 2978 380 3008 a
397 2959 502 3009 Seneca
520 2975 561 3023 ep.
581 2961 615 3008 ud
633 2959 718 3012 lareit.
738 2957 762 3010 l.
786 2957 883 3018 (actiae
901 2958 967 3010 euim
986 2975 1037 3010 aaa
1051 2958 1186 3027 pueritia,
1211 2958 1273 3015 red.
1300 2958 1371 3027 quod
1388 2964 1426 3010 est
1441 2974 1501 3026 pra·

283 3029 343 3080 uiue
355 3028 498 3097 puerilitas
515 3035 652 3086 remanet)
670 3035 763 3095 aperto
776 3033 956 3100 distinguatur
968 3033 1077 3083 ulterius
1092 3033 1167 3082 uocis
1181 3033 1342 3100 significatio
1359 3035 1395 3082 ab
1408 3032 1500 3083 altere.

284 3101 369 3163 Atque
388 3103 469 3151 etiam
481 3102 566 3152 Varro
585 3101 639 3165 (ap.
654 3102 719 3154 Non.
733 3103 802 3159 vul,
815 3098 879 3166 toa,
898 3104 1021 3165 qtramuis
1035 3118 1136 3167 anceps
1150 3105 1283 3153 sententia
1301 3105 1336 3153 sit
1353 3105 1501 3158 uerborum,

285 3187 353 3237 quae
371 3173 562 3240 grammaticus
582 3174 679 3231 citauit,
699 3174 732 3222 ud
749 3175 865 3223 animum
879 3176 968 3238 potius
987 3178 1013 3225 ct
1031 3188 1121 3224 mores
1139 3189 1220 3235 qnam
1234 3177 1267 3224 ad
1281 3189 1366 3225 annos
1379 3175 1502 3224 retulisse

285 3244 388 3294 uidetur
406 3244 590 3308 puerilitatem.
628 3247 794 3309 Quapropter
813 3247 938 3296 mendum
956 3246 983 3294 in
1001 3247 1053 3295 hac
1067 3246 1235 3308 potissimum
1248 3261 1315 3296 uoce
1327 3247 1410 3297 latere
1429 3249 1502 3297 ratas

285 3329 344 3363 cum
363 3314 439 3372 Allo,
460 3313 568 3364 laudato
587 3330 620 3365 eo
639 3317 744 3364 nornine
763 3316 918 3366 a'Parrcnio
938 3319 964 3365 ct
978 3317 1091 3380 Kappic.
1110 3317 1178 3366 edidi
1188 3313 1340 3383 pubertatis
1350 3318 1502 3382 inpressu.

285 3383 361 3433 ‘Tum
380 3387 491 3448 primurn
511 3387 710 3451 pubescentem'
729 3389 755 3436 in
774 3388 869 3436 endem
890 3388 1032 3438 occasione
1051 3388 1143 3435 Liuius
1161 3386 1313 3450 Scipionem
1332 3391 1425 3446 uocat.
1445 3389 1503 3438 Plu·

285 3455 394 3505 tarchus
413 3460 439 3506 et
458 3457 539 3507 Iulius
560 3458 637 3507 Paris
657 3461 853 3520 praetextatum
872 3460 975 3514 adhucr
1003 3459 1184 3526 rlrrodeutginti
1205 3473 1291 3508 annos
1309 3463 1401 3510 natum
1420 3460 1503 3510 inisse

284 3526 366 3576 refert
384 3530 453 3579 auct.
473 3529 506 3578 de
529 3529 576 3580 uir.
596 3529 632 3578 ill.
653 3530 668 3582 Ι.
688 3545 711 3577 c.

355 3596 427 3664 apud
447 3596 575 3659 Ticinum)
602 3600 679 3663 Apud
703 3600 827 3651 'l'rebiam
853 3602 905 3652 hoc
928 3602 1025 3651 tactum
1050 3615 1114 3652 esse
1139 3601 1208 3652 falso
1228 3602 1327 3652 Plinius
1352 3602 1380 3654 h.
1401 3616 1428 3653 n.
1446 3603 1463 3655 l.
1482 3618 1505 3652 c.

283 3671 384 3720 narrat.

354 3733 381 3786 3.
400 3740 438 3789 Cf.
458 3742 510 3792 Cic.
530 3743 563 3791 da
582 3743 627 3790 alf.
647 3742 695 3800 ΙΙΙ,
720 3738 768 3800 31,
796 3740 853 3795 tlt.
883 3745 942 3796 Liu.
969 3745 1030 3803 Vll,
1055 3741 1080 3796 5.
1108 3743 1257 3796 Senecio
1276 3745 1363 3797 benet.
1389 3745 1440 3804 ΙΙΙ,
1462 3741 1506 3796 dl.

285 3803 361 3856 Auct.
379 3810 412 3858 de
431 3810 479 3861 uir.
497 3811 534 3862 ill.
553 3809 597 3863 28.

354 3874 388 3926 L.
407 3876 509 3929 Montio
530 3878 673 3948 Torquato)
699 3882 728 3932 Si
747 3885 883 3935 Ciceronis
909 3886 1018 3944 libram,
1043 3902 1058 3936 e
1083 3902 1134 3952 qno
1159 3889 1250 3938 omnis
1273 3889 1342 3938 haec
1366 3888 1507 3952 desumpto

285 3946 361 4004 sunt,
386 3949 536 3998 accuratius
560 3955 640 4014 pacto
666 3955 796 4005 uoluisset
817 3956 967 4019 inspicere,
992 3958 1124 4008 indoctum
1148 3962 1260 4022 p'rorsus
1287 3973 1403 4010 errorem
1430 3959 1506 4009 tacite

285 4016 416 4066 saltasset
440 4019 573 4072 Valerius,
610 4023 711 4073 'Pullius
736 4027 820 4084 enirn,
846 4031 988 4091 postquam
1010 4028 1041 4077 T.
1061 4029 1153 4080 Manlii
1171 4032 1299 4093 pietatem
1319 4045 1387 4097 erge
1405 4034 1506 4093 patrem

284 4087 395 4167 Iruciprn
415 4091 545 4151 exposuit,
565 4093 635 4142 haee
653 4097 796 4154 subiunxit,
817 4095 900 4163 Atque
919 4096 962 4147 tic
982 4096 1012 4152 Τ.
1026 4097 1145 4151 Manlius
1162 4099 1186 4152 is
1205 4106 1252 4155 est,
1273 4100 1319 4168 qai
1336 4097 1373 4151 ed
1384 4099 1507 4153 aum

285 4155 366 4213 aaut,
387 4173 460 4224 quem
483 4157 516 4209 ab
536 4176 565 4211 eo
586 4170 747 4229 prouocatus
770 4164 920 4223 occiderat,
947 4168 1177 4237 torque'detracto
1201 4186 1342 4238 copnomcs
1363 4171 1507 4226 ament

286 4229 381 4290 ltaque
403 4233 473 4294 patri
497 4232 554 4281 eius
581 4234 611 4285 Ι..
630 4236 730 4286 Manlia
752 4239 826 4288 idern
848 4255 999 4308 cognomen
1022 4243 1100 4292 tribui
1124 4259 1177 4293 non
1200 4248 1320 4308 poterat,
1345 4258 1396 4294 nec
1420 4245 1507 4294 tribuit

286 4301 426 4366 quisquam
446 4306 552 4367 praeter
566 4305 708 4356 Valerium.
746 4310 896 4361 Glareanus
910 4315 998 4363 nartem
1018 4316 1052 4370 et,
1073 4318 1100 4362 ut
1119 4318 1197 4372 solet,
1216 4317 1262 4377 qui
1277 4315 1412 4366 Valerium
1431 4330 1507 4365 suurn

285 4385 395 4422 errasse
413 4389 466 4423 non
485 4375 536 4424 sibi
549 4378 655 4439 poterat
667 4382 840 4441 persuadere.
861 4383 970 4451 Pighius
983 4385 1010 4434 in
1022 4385 1146 4436 librarios
1159 4402 1219 4437 eam
1234 4387 1339 4452 culpam
1352 4388 1506 4437 uertendum

283 4455 349 4492 esse
368 4443 508 4505 duxerunt,
528 4463 608 4512 quam
626 4450 710 4512 ipsius
724 4454 841 4502 auctoris
855 4468 919 4503 esse
931 4456 1032 4518 primus
1045 4458 1145 4507 detexit
1157 4459 1290 4516 vorstius,
1309 4461 1383 4508 reete
1396 4459 1507 4508 reiciens

283 4513 446 4577 scripturam
469 4533 487 4567 a
509 4518 605 4588 Pighio
627 4522 777 4582 inuentam,
802 4521 835 4576 L.
860 4522 962 4576 Maelio
985 4523 1138 4594 Imperioso.
1180 4528 1232 4579 Sed
1258 4532 1285 4580 et
1308 4531 1368 4593 ipse
1387 4531 1508 4579 Veratius

282 4583 364 4632 aeae
381 4585 477 4650 lapsus
496 4592 546 4646 est,
566 4607 624 4642 curn
638 4594 772 4645 Valerium
792 4596 817 4645 in
831 4598 945 4647 eundern
959 4613 1076 4649 errorem
1089 4601 1215 4650 incidisse
1231 4601 1386 4664 opinaretur
1399 4600 1430 4657 V,
1444 4598 1470 4659 8.
1483 4598 1508 4653 3.

283 4651 397 4706 matur
415 4659 486 4709 enim
504 4662 574 4726 quod
592 4663 636 4722 ihi.
656 4681 716 4717 cum
735 4667 820 4720 obiter
837 4668 872 4719 de
897 4669 1034 4736 imperiosi
1060 4672 1198 4722 cuiusdam
1217 4672 1346 4735 'romualt
1365 4673 1509 4725 seaeatate

367 5145 1637 5256 Q
