3409 5400
379 531 462 598 LIB.
484 531 572 609 VIII,
596 532 634 598 0.
659 535 711 611 13,
733 534 805 603 uxi.
829 543 861 613 ς.
885 537 1022 604 6.-0.
1047 539 1099 614 14,
1123 547 1153 616 5.
1179 543 1209 608 1.
1340 543 1407 612 odi
1499 575 1503 586 ·

176 693 257 754 eius
286 713 402 777 parum
430 693 573 780 benigne
604 707 759 780 acceptus
794 694 976 772 uideretur,
1013 698 1044 760 ei
1078 719 1208 784 quoque
1238 713 1408 770 sescentos

176 796 376 884 adsignauit
397 820 515 864 annos.

509 1449 568 1515 DE
592 1449 856 1517 CVPIDITATE
881 1453 1084 1522 GLORIAE.

274 1641 386 1707 Gloria
410 1665 488 1708 uero
512 1656 570 1709 aut
591 1647 677 1711 unde
698 1648 820 1712 oriatur
844 1659 899 1713 aut
925 1650 1018 1712 cuius
1043 1649 1086 1713 sit
1107 1647 1238 1714 habitus
1263 1657 1319 1714 aut
1340 1651 1515 1737 quaXlIII.

149 1750 310 1812 eratione
333 1748 451 1814 debeat
481 1755 655 1836 conparari
683 1766 715 1817 et
743 1775 785 1819 an
808 1754 926 1818 melius
956 1777 977 1818 a
1005 1755 1121 1819 uirtute
1147 1755 1236 1820 uelut
1258 1777 1325 1820 uon
1348 1778 1405 1822 ne·

90 1842 93 1937 s
180 1857 334 1920 cessaria
355 1854 550 1944 neglegatur
572 1857 713 1922 uiderint
734 1859 779 1935 hi,
804 1881 943 1946 quorum
967 1861 1000 1923 in
1017 1861 1276 1947 contemplandis
1292 1861 1406 1928 huius·

90 1972 92 2015 i
179 1959 274 2026 modi
302 1961 400 2024 rebus
429 1983 508 2025 cura
537 1964 649 2026 teritur
672 1965 856 2052 quibusque
886 1985 970 2052 quae
1001 1963 1176 2051 prudenter
1200 1967 1406 2033 animaduer-

180 2077 291 2130 terunt
311 2067 453 2131 sacunde
477 2069 614 2156 contigit
636 2068 754 2155 eloqui.
801 2071 875 2158 Ego
899 2073 932 2136 in
948 2070 1011 2137 hoc
1028 2093 1126 2158 opere
1142 2073 1238 2139 factis
1256 2085 1405 2140 auctores

90 2228 91 2233 ,
181 2183 214 2234 et
238 2173 425 2237 auctoribus
448 2173 538 2238 facta
559 2197 622 2239 sua
643 2173 781 2240 reddere
804 2187 987 2251 contentus,
1012 2189 1135 2264 quanta
1150 2179 1311 2266 cupiditas
1335 2179 1406 2244 eius

90 2273 92 2377 ἰ
144 2293 261 2343 iocose
285 2278 390 2344 soleat
412 2280 552 2364 propriis
576 2280 734 2365 exemplis
757 2282 984 2346 demonstrare
1007 2282 1161 2350 conabor.

273 2385 432 2469 Superior
461 2383 639 2449 Ali-icanus
665 2385 752 2450 Enni
788 2397 905 2472 poetae
942 2388 1086 2472 effigiem
1121 2389 1156 2452 in
1187 2388 1405 2453 monumentis
1418 2396 1446 2462 1,

90 2566 91 2575 ἵ
184 2488 358 2553 Corneliae
382 2492 489 2577 gentis
514 2490 680 2556 conlocari
703 2492 820 2565 uoluit,
850 2491 938 2579 quod
966 2493 1197 2578 ingeniosius
1221 2516 1324 2580 opera
1346 2516 1408 2560 sua

90 2579 91 2593 ¹
182 2595 357 2658 inlustrata
377 2595 551 2670 iudicaret,
582 2618 647 2661 non
677 2597 808 2683 quidem
831 2600 985 2686 ignarus,
1014 2619 1113 2682 quam
1141 2598 1197 2664 diu
1218 2599 1406 2664 Romanum

182 2702 356 2786 imperium
373 2702 502 2765 floreret
516 2714 548 2766 et
564 2703 677 2767 Africa
691 2703 804 2767 ltaliae
819 2704 959 2789 pedibus
976 2716 1065 2767 essct
1080 2703 1227 2770 subiecta
1241 2706 1405 2792 totiusque

91 2857 92 2876 .
148 2834 174 2877 15
185 2819 341 2871 terrarum
357 2808 446 2871 orbis
462 2830 626 2873 summum
643 2808 793 2873 columen
810 2832 867 2874 arx
886 2810 1068 2895 Capitolina
1084 2810 1278 2896 possideret,
1293 2832 1406 2877 eorum

91 2935 92 2938 ¹
185 2913 331 2999 extingui
352 2916 546 2979 memoriam
569 2937 635 2979 non
658 2934 775 3000 posso3
805 2918 834 2978 si
858 2927 967 2980 tamen
988 2916 1165 2981 litterarum
1190 2938 1319 3003 quoque
1341 2914 1405 2981 illie

189 3121 211 3176 1.
229 3126 365 3193 benignae
379 3140 423 3193 pr.
442 3123 473 3179 A.
491 3127 504 3194 11
520 3130 663 3179 sexcentos
690 3124 767 3179 Torr.
792 3126 835 3194 Cf.
859 3124 902 3185 11.
922 3124 951 3185 6.
978 3122 1072 3194 7.113.
1092 3126 1172 3178 Liber
1193 3126 1253 3179 v111
1278 3129 1311 3178 de
1334 3129 1406 3193 cupi·

188 3196 267 3245 ditate
291 3197 395 3263 gloriae
413 3193 446 3249 P.
464 3198 510 3247 nii
529 3200 683 3249 GLORIAE
702 3199 910 3249 CVPIDITATE
929 3198 992 3251 Pur.
1007 3198 1018 3264 ΙΙ
1034 3194 1058 3249 l.
1078 3202 1123 3248 aut
1142 3198 1222 3263 unde]
1246 3199 1315 3247 unde
1334 3194 1365 3247 F.
1380 3196 1393 3261 ΙΙ

188 3262 213 3317 5.
231 3282 249 3315 a
265 3280 315 3316 om.
336 3264 365 3317 C.
379 3263 391 3333 ΙΙ
406 3267 484 3317 uelud
499 3282 544 3333 pr.
562 3266 594 3319 Α.
614 3270 694 3319 ueluti
715 3266 913 3321 CDFPTorr.
929 3268 940 3329 ΙΙ
960 3264 985 3318 d.
1005 3270 1112 3317 uideant
1129 3266 1166 3319 D.
1192 3266 1313 3317 uiderunt
1330 3264 1365 3316 E.
1380 3262 1393 3331 ΙΙ

92 3360 93 3386 i
188 3336 205 3385 ii
223 3332 334 3387 ETorr.
349 3334 363 3403 ΙΙ
380 3338 511 3389 eiusmodi
529 3333 589 3390 Fr.
605 3338 620 3404 ΙΙ
631 3337 657 3388 i.
675 3338 835 3404 quibusque}
856 3354 907 3403 que
926 3352 974 3388 om.
994 3335 1023 3388 Γ.
1042 3334 1104 3392 add.
1123 3339 1203 3387 etiam
1221 3334 1251 3387 F.
1273 3332 1335 3386 add.
1359 3336 1406 3384 ilia

92 3427 94 3454 i
191 3402 266 3455 Torr.
284 3405 297 3476 ΙΙ
316 3422 387 3469 quae
410 3420 458 3457 ota.
483 3403 519 3456 D.
537 3406 551 3472 ΙΙ
568 3409 810 3459 animaduerterent
828 3422 875 3473 pr.
897 3405 929 3459 A.
959 3409 1202 3458 animaduerterent
1223 3402 1258 3455 E.
1278 3406 1290 3471 ΙΙ
1310 3400 1335 3454 8.
1367 3404 1405 3453 ia·

93 3509 94 3512 =
190 3478 280 3527 euodle
299 3475 327 3529 F.
338 3476 352 3543 ΙΙ
364 3477 451 3527 contin
473 3478 492 3526 it
508 3474 573 3528 DF.
590 3476 604 3542 ΙΙ
621 3478 683 3526 ictis
701 3474 733 3529 F.
749 3476 763 3545 ΙΙ
779 3473 804 3529 9.
823 3479 880 3526 iata
897 3473 929 3527 F.
948 3472 961 3541 ΙΙ
978 3472 1019 3529 10.
1038 3482 1113 3527 esset
1133 3474 1161 3528 C.
1178 3474 1191 3541 ΙΙ
1208 3474 1314 3525 solebat
1331 3470 1368 3524 D.
1381 3471 1395 3539 ΙΙ

93 3573 95 3594 i
191 3543 230 3597 ll.
249 3548 368 3616 effigiem
387 3545 419 3600 F.
431 3492 499 3615 illd.
518 3561 595 3597 soum
614 3545 675 3613 lili
687 3561 753 3597 arax
766 3562 812 3613 pr.
829 3545 862 3597 A.
882 3560 928 3595 urs
945 3542 1005 3597 DF
1022 3550 1046 3596 et
1059 3560 1104 3611 pr.
1124 3540 1150 3596 C.
1165 3544 1178 3611 11
1194 3546 1355 3609 capitoliana
1368 3538 1404 3596 Ε.

93 3645 95 3668 t
203 3614 214 3685 ΙΙ
230 3614 269 3669 lli.
288 3618 322 3684 si]
342 3620 389 3668 scd
409 3614 441 3669 Γ.
455 3614 468 3687 ΙΙ
481 3616 545 3682 iliis]
566 3620 626 3668 uate
642 3632 749 3681 quoque
766 3614 801 3668 Ε.
815 3619 879 3682 poet
896 3617 984 3667 lumen
1005 3613 1082 3668 Torr.

192 3814 333 3863 inteream
352 3826 432 3873 qoam
451 3811 555 3861 Paridis
574 3813 658 3861 codex
677 3811 823 3861 Vaticanus
846 3812 873 3860 et
897 3824 956 3860 eam
981 3823 1060 3874 quarn
1080 3808 1191 3858 Pliniaui
1214 3809 1272 3858 libri
1290 3810 1404 3866 tradunt,

94 3937 95 3940 Ἴ
193 3888 267 3949 atque
285 3885 353 3932 adeo
372 3898 419 3945 per
438 3886 576 3947 utramque
599 3883 739 3949 insiguiter
761 3882 884 3931 munitur.
926 3882 1002 3929 Paris
1026 3880 1096 3929 onim
1120 3877 1220 3929 insulae
1243 3876 1404 3937 Lamiarum.

194 3956 264 4004 Plinii
291 3954 377 4003 codex
401 3954 591 4003 Rieeardiauus
607 3950 872 4019 petropaiatnt'oram
893 3947 1007 4017 (periplo
1029 3947 1204 4009 Isetmionnt)
1225 3950 1347 4007 exhibet.
1366 3952 1403 4000 ita

193 4030 291 4075 utnon
313 4028 369 4074 tam
392 4026 426 4074 de
450 4022 641 4073 constituendis
662 4038 744 4084 quam
768 4024 802 4072 de
830 4021 996 4084 explicandis
1026 4022 1100 4069 hisce
1125 4022 1214 4071 uerbis
1244 4023 1403 4089 ambigatur,

193 4111 248 4145 com
265 4110 361 4160 neque,
380 4108 450 4160 quac
468 4095 530 4143 oiim
549 4094 637 4143 Latmi
655 4108 752 4143 nomeu
770 4107 789 4141 a
806 4092 893 4140 uicino
912 4092 1006 4141 Curiae
1032 4093 1120 4141 moute
1138 4096 1295 4156 acceperat.
1320 4092 1403 4141 itera·

194 4168 247 4217 elea
269 4168 348 4229 (Ptin.
367 4167 404 4223 V,
423 4160 473 4222 29,
492 4158 536 4216 ³⁰.
561 4164 651 4215 Sirab.
669 4163 758 4220 xliii.
779 4160 808 4218 1,
832 4159 849 4211 8
873 4177 898 4225 p.
924 4155 976 4212 635
1000 4162 1072 4223 Cor.)
1098 4162 1201 4211 insulae
1224 4163 1404 4226 appellatione

95 4279 96 4300 .
194 4238 332 4305 significari
348 4237 471 4299 potuerit.
489 4250 577 4297 neque
595 4236 650 4284 aila
668 4234 756 4283 adbuc
767 4233 909 4282 innotuerit
922 4224 1084 4282 Latmiorum
1102 4234 1197 4284 insula.
1234 4238 1319 4294 Quum
1339 4230 1405 4281 diiii·

195 4310 312 4357 coitatem
329 4308 395 4356 mibi
412 4320 465 4356 non
483 4308 573 4373 magis
591 4306 718 4369 expedire
730 4304 842 4369 contigit
860 4316 938 4366 quam
951 4302 1064 4370 Silligiu.
1083 4306 1126 4368 qui
1144 4306 1258 4354 insulam
1272 4303 1404 4367 quandam

95 4425 96 4436 ,
194 4380 269 4427 maria
281 4378 375 4427 Baitici
393 4377 437 4426 oei
449 4378 573 4426 Atlantici
591 4376 713 4426 denotari
730 4373 881 4431 arbitratur,
899 4388 969 4434 quae
987 4375 1073 4423 maria
1085 4374 1288 4435 Xenophontem
1302 4371 1404 4420 adiisse

194 4450 313 4500 sciamus.
349 4448 455 4498 Priores
475 4448 574 4497 Valerii
592 4447 709 4497 editores
728 4444 867 4494 arbitraria
890 4446 1032 4493 admodum
1057 4458 1116 4493 cum
1139 4444 1313 4493 deterioribus
1333 4440 1403 4489 codi-

194 4521 263 4569 cibae
281 4534 329 4583 pro
347 4514 452 4569 imae
469 4516 537 4567 eain
554 4518 700 4581 posueruut
716 4512 745 4567 lc
762 4512 837 4575 caim
856 4516 884 4563 et
900 4515 1065 4579 interpretati
1083 4518 1145 4563 sunt
1163 4514 1196 4563 de
1215 4514 1280 4562 urbe
1299 4511 1403 4569 Latmo,

194 4592 248 4640 oiim
265 4606 284 4639 a
301 4590 388 4639 uicino
405 4591 496 4638 monte
514 4590 554 4638 sic
572 4589 716 4652 appellata.

255 4660 339 4719 xiiii,
360 4658 383 4711 l.
402 4660 442 4712 Cf.
460 4660 513 4711 Cic.
530 4674 580 4724 pro
597 4660 678 4710 Arcb.
695 4653 722 4719 ii,
739 4654 783 4711 Ἡ.
805 4658 865 4710 Llu.
883 4656 1032 4714 XXXViiL
1051 4650 1095 4707 50.
1119 4654 1182 4704 Plio.
1201 4653 1228 4702 h.
1240 4666 1266 4703 n.
1285 4652 1341 4713 vii,
1359 4647 1403 4713 30.

194 4730 231 4794 ³1.
248 4729 332 4797 (itt).

1191 4812 1233 4876 42
