3409 5400
358 515 455 596 52Ἰ

357 675 486 740 haustis
510 671 618 738 mariti
641 667 773 732 ossibus
795 661 922 750 potioni
945 659 1090 746 aspersis
1120 656 1217 722 tradit
1243 658 1356 721 uiuum
1384 675 1424 719 ac
1448 651 1541 738 spirat

359 781 503 848 Mausoli
542 777 726 864 sepulcrum
761 772 831 836 iieri
865 768 1022 834 uoluisse.
1073 764 1231 831 Eiusdem
1261 761 1486 852 neglegentiae
1517 780 1541 821 er

363 890 450 980 quod
474 885 556 970 (IIII,
581 887 611 960 7,
635 884 655 948 2
680 880 768 968 apud
790 880 975 964 utrumque)
997 873 1148 939 inductus
1160 871 1286 937 Valerii
1297 871 1407 934 uerbis
1425 871 1458 933 ia
1477 868 1541 932 aa

358 999 447 1062 domo
470 1005 530 1060 etc.
555 988 770 1078 praecedente
795 985 842 1050 Ti.
874 981 1024 1049 Graccho
1055 981 1097 1046 ad
1124 979 1262 1044 eundem
1289 977 1377 1043 hune
1400 974 1541 1040 Graccho

358 1104 467 1168 retulit
490 1120 574 1189 quae
597 1097 751 1162 Valerius
773 1105 861 1158 recte
884 1091 926 1156 ds
949 1090 1032 1155 Gaio
1057 1085 1208 1154 Graccho
1231 1087 1406 1160 nuntiauit,
1437 1097 1467 1148 et
1494 1105 1541 1169 qn

360 1209 418 1286 VI,
443 1210 474 1284 3,
500 1209 518 1271 1
543 1203 766 1269 Gracchorum
789 1201 864 1265 filiis
888 1201 939 1264 ius
963 1196 1162 1262 humationis
1186 1193 1331 1259 ablatum
1347 1213 1422 1257 esse
1444 1192 1541 1276 scrips

362 1316 412 1380 of.
436 1325 605 1402 praeterea
627 1334 681 1376 uu.
704 1312 833 1374 merum
860 1310 931 1390 ipso
952 1306 1003 1370 die
1025 1305 1174 1386 triumphi
1203 1300 1253 1378 V,
1287 1304 1323 1376 7,
1355 1302 1377 1366 2
1408 1320 1479 1363 omn
1507 1295 1540 1358 V

360 1420 405 1500 -V,
431 1424 483 1496 10,
506 1423 538 1487 2.
561 1454 606 1466 -
633 1439 688 1483 uu.
711 1437 782 1482 oum
803 1435 932 1498 reparent
953 1413 1096 1478 Euboeae
1118 1410 1180 1473 siti
1197 1409 1418 1492 proposuisset
1438 1405 1461 1482 Ι,
1485 1406 1515 1480 8,

361 1551 437 1596 cum
461 1527 536 1594 Val.
560 1526 585 1602 Ι,
609 1527 640 1602 8,
666 1527 718 1590 10.
742 1557 787 1572 --
809 1521 864 1597 ΙΙΙ,
890 1523 919 1596 7,
946 1523 963 1585 1
988 1543 1062 1585 cum
1084 1517 1160 1583 Vel.
1184 1514 1239 1590 ΠΙ,
1266 1517 1298 1590 0,
1324 1517 1354 1591 1,
1378 1515 1452 1580 alia.

451 1636 647 1722 Plerumque
660 1653 765 1705 uero,
789 1629 845 1693 ubi
868 1652 891 1693 a
910 1625 1047 1692 Valerio
1071 1623 1279 1691 abbreuiator
1302 1623 1468 1696 discessit,
1497 1619 1541 1683 hu

363 1745 437 1810 aliis
462 1765 590 1830 quoque
614 1737 826 1824 scriptoribus
851 1756 947 1799 usum
967 1733 1124 1799 nonnulla
1140 1733 1363 1818 assumpsisse
1387 1740 1541 1794 etmutas

362 1850 524 1916 interdum
547 1847 737 1932 primarium
755 1841 881 1908 Valerii
897 1843 1020 1908 fontem
1035 1843 1151 1906 iterum
1175 1841 1300 1904 adiisse
1323 1850 1355 1902 et
1377 1859 1465 1903 noua
1489 1858 1541 1922 qut

365 1957 442 2022 dam
472 1953 548 2018 inde
576 1953 675 2038 petita
706 1949 876 2014 addidisse
904 1949 1113 2015 manifestum
1142 1959 1201 2012 est.
1254 1945 1304 2011 lta
1331 1948 1418 2011 enim
1448 1955 1541 2009 tantu

278 2111 280 2114 -
363 2062 463 2130 modo
487 2059 663 2146 explicatur
686 2056 916 2140 discrepantia,
941 2074 1025 2141 quae
1048 2055 1218 2120 intercedit
1236 2055 1320 2118 Inter
1331 2052 1486 2116 Paridem
1507 2050 1533 2125 Ι,

364 2170 386 2235 2
410 2181 441 2233 et
462 2165 539 2232 Val.
567 2165 655 2230 Max.
679 2162 712 2238 Ι,
738 2164 767 2236 l,
802 2164 860 2235 17,
893 2185 966 2229 cum
996 2185 1080 2251 quae
1108 2163 1162 2226 hic
1192 2162 1368 2224 uniuersae
1396 2157 1541 2222 Potitiort

365 2276 454 2366 genti
478 2272 641 2339 accidisse
664 2271 832 2357 scripserit
861 2270 916 2335 ille
938 2272 1020 2335 mira
1042 2269 1195 2334 Ambiuio
1223 2265 1375 2330 histrioni
1397 2264 1541 2329 Potition

364 2382 518 2448 familiari
541 2379 669 2445 tribuat.
716 2376 753 2441 P.
779 2376 885 2442 Clodii
907 2379 1047 2452 facinus,
1072 2375 1159 2463 quod
1182 2370 1258 2438 Val.
1281 2369 1373 2446 VIII,
1403 2372 1440 2447 5,
1473 2371 1538 2437 ab

364 2492 446 2554 niter
471 2501 637 2573 tamquam
661 2484 860 2572 sacrilegum
877 2484 1035 2571 flagitium
1056 2482 1231 2556 denotauit,
1254 2480 1351 2546 Paris
1369 2479 1487 2544 eodem
1508 2478 1541 2543 lil

368 2606 400 2657 et
423 2597 528 2679 capite
551 2594 684 2657 uberius
702 2592 861 2677 exposuit,
886 2613 960 2655 eum
983 2591 1091 2655 bonae
1118 2589 1200 2654 deae
1223 2587 1379 2674 templum
1401 2589 1541 2676 ingress·

367 2720 442 2765 esse
466 2720 617 2775 narrans,
640 2710 675 2761 ut
699 2710 809 2784 stupro
826 2699 991 2785 pollueret.
1038 2694 1240 2772 TemereIlI,
1263 2696 1295 2771 2,
1320 2696 1372 2770 17,
1395 2694 1541 2780 nescio(

366 2822 407 2871 ex
436 2804 524 2869 fonte
548 2806 730 2889 desumpta,
762 2805 805 2867 ad
827 2803 953 2871 Valerii
984 2805 1206 2870 narrationem
1238 2800 1298 2880 III,
1327 2802 1364 2879 2,
1394 2803 1436 2868 18
1469 2800 1541 2865 addt'

365 2915 490 2996 ictuque
513 2912 586 2974 saar
607 2912 788 2975 autumatur
814 2916 877 2985 est,
913 2933 997 2998 quae
1026 2913 1140 2976 merito
1171 2906 1327 2973 Valerius
1357 2910 1484 2985 omisit,
1520 2930 1538 2969 c

365 3040 434 3083 non
458 3039 508 3092 ea,
536 3015 577 3079 de
601 3038 666 3102 qua
689 3036 797 3081 sermo
823 3028 882 3092 est,
911 3028 1101 3105 tempestate
1129 3016 1175 3082 M.
1199 3016 1359 3081 Aemilius
1387 3014 1498 3102 lapide
1522 3036 1541 3099 p

366 3144 485 3190 cussus
516 3123 558 3187 sit
589 3121 649 3185 sed
679 3123 714 3185 in
744 3122 845 3186 turbis
875 3146 896 3187 a
925 3125 961 3187 0.
992 3124 1148 3189 Norbano
1178 3124 1231 3189 die
1260 3120 1301 3203 Q.
1330 3122 1473 3188 Seruilio
1509 3122 1541 3186 di

367 3231 526 3295 excitatis.
573 3226 976 3305 (troiclldeontt,
1001 3232 1075 3297 197.
1121 3230 1165 3295 At
1190 3228 1245 3304 III,
1273 3231 1309 3306 3,
1333 3230 1354 3295 8
1376 3250 1431 3295 uu.
1457 3231 1513 3312 put

366 3337 595 3419 mnosopln'stae
610 3342 769 3411 uocantur,
794 3357 878 3423 quae
901 3359 968 3403 non
990 3336 1151 3402 habentur
1174 3360 1227 3424 ap.
1250 3336 1326 3403 Val.
1339 3336 1394 3413 ΙΠ,
1419 3338 1451 3411 3,
1477 3346 1541 3398 ext.

367 3444 511 3510 fortasse
536 3441 577 3507 ab
600 3442 829 3528 interpolatore
854 3445 996 3530 quodam
1019 3442 1175 3510 Vaticani
1206 3445 1330 3509 codicis
1355 3445 1487 3511 adiecta
1510 3463 1541 3505 st

366 3550 417 3620 De
440 3540 638 3616 Anaxarcho
661 3546 858 3635 philosopho
881 3550 1053 3637 uulgarem
1071 3548 1168 3614 Paris
1192 3553 1337 3638 sequitur
1359 3553 1496 3624 famam,
1523 3572 1541 3636 q

369 3680 443 3723 amu
467 3680 488 3722 a
509 3652 725 3720 Nicocreonte
748 3666 887 3741 tyranno
910 3658 945 3720 in
968 3657 1069 3742 pilam
1092 3657 1258 3722 coniectus
1282 3658 1487 3733 tunderetur,
1521 3677 1540 3718 e

369 3782 467 3827 casse
482 3764 582 3826 fertur
606 3758 739 3838 ‘Tunda
763 3762 872 3838 tunde,
893 3762 1005 3828 follem
1019 3764 1099 3828 feris
1115 3761 1324 3830 Anaxarchi!
1368 3764 1488 3852 Longe
1506 3764 1540 3828 al

255 3952 260 3969 ι
368 3866 445 3934 Val.
468 3866 523 3943 ΙΠ,
548 3869 579 3942 3,
604 3880 665 3932 ext.
689 3870 720 3934 4.
766 3868 895 3934 Deinde
917 3868 973 3944 ΠΙ,
996 3871 1032 3945 2,
1056 3870 1111 3946 23,
1134 3870 1239 3935 relata
1266 3872 1447 3937 secundum
1471 3870 1541 3936 Val

368 3975 471 4041 uerba
495 3965 606 4039 Cassii
627 3964 779 4040 Scaeuae
800 3977 876 4041 forti
906 3996 1034 4063 pugna,
1058 3977 1094 4040 in
1121 3978 1184 4039 tine
1208 3976 1299 4041 addit
1325 3979 1394 4060 ipse
1420 3981 1541 4042 interae

369 4083 609 4147 eommttitonum
642 4070 800 4158 sanatas,
836 4102 920 4169 quae
955 4084 1053 4149 ducta
1079 4094 1154 4148 sunt
1188 4094 1243 4148 aut
1277 4104 1295 4146 e
1327 4082 1499 4149 Plutarchi
1532 4107 1541 4145 r

371 4189 525 4255 Caesaris
565 4210 593 4251 c.
627 4188 667 4253 10
707 4184 821 4270 (αὐτὸς
851 4189 887 4253 st
918 4183 1068 4268 διεσώθη
1099 4187 1165 4252 τῶν
1200 4182 1328 4255 οἰκείων
1358 4187 1541 4277 περισχόντ

371 4307 427 4363 aut
450 4314 489 4359 ex
513 4294 577 4359 alio
602 4296 760 4381 scriptore
783 4296 900 4361 eadem
924 4296 1090 4381 prodente.
1143 4294 1188 4371 Π,
1220 4298 1260 4373 2,
1283 4296 1303 4363 5
1325 4292 1380 4361 uu.
1401 4300 1541 4367 'eatstan

369 4401 537 4475 mensibm,
566 4422 649 4489 quae
673 4424 739 4465 non
763 4414 921 4490 apparent
944 4404 1030 4489 apud
1054 4400 1129 4469 Val.
1153 4400 1193 4480 Π,
1219 4405 1248 4479 7,
1273 4404 1304 4478 5,
1327 4405 1447 4469 asciuit
1472 4425 1490 4465 e
1514 4402 1541 4469 L

325 4558 330 4567 .
370 4506 442 4587 XL,
467 4510 525 4585 41;
548 4510 625 4574 item
648 4530 703 4573 ua.
726 4510 796 4573 totle
818 4512 920 4593 tepuit
941 4510 1076 4573 cadauer
1097 4507 1140 4585 V,
1165 4512 1195 4584 7,
1221 4511 1262 4574 10
1286 4531 1304 4571 e
1325 4509 1399 4574 Liu.
1422 4508 1464 4585 ΙΙ,
1490 4510 1512 4574 8
1539 4534 1541 4562 ¹

370 4613 448 4681 Val.
472 4613 522 4692 V,
553 4617 611 4691 10,
645 4616 697 4696 1.).
748 4612 961 4682 Manifestum
988 4613 1114 4681 Valerii
1144 4637 1287 4682 errorem
1317 4614 1467 4681 confusis
1499 4613 1541 4695 (V

373 4714 404 4797 9,
429 4724 473 4805 l.)
487 4698 631 4825 Valerio
654 4718 825 4790 Publicola
847 4735 879 4788 et
899 4722 1053 4791 Menenio
1076 4720 1226 4809 Agrippa
1249 4723 1364 4789 doctus
1389 4722 1541 4789 abbreuia
