3409 5400
261 408 328 476 488
690 400 749 464 DE
772 394 1062 465 SEVERITATE.

263 567 417 632 Horatius
435 566 552 651 [prius]
570 562 694 649 proelio
712 562 808 625 trium
821 560 1051 633 consciorum,
1066 559 1263 623 condicione
1274 578 1426 646 pugnae
1441 578 1532 620 om·

265 675 355 739 nium
369 672 572 736 Albanorum
587 670 702 741 uictor,
723 688 798 731 cnm
819 690 861 730 ex
879 666 938 731 illa
951 667 1140 733 clarissima
1158 668 1231 730 acie
1246 665 1387 729 domum
1407 684 1530 748 repe·

265 795 336 844 tens
352 800 500 843 sororem
513 800 609 841 suam
620 776 783 861 uirginem
796 774 922 839 Curiati
932 776 1048 860 sponsi
1060 786 1198 840 mortem
1208 774 1383 859 profusius
1396 794 1528 858 quam

265 886 321 951 illa
342 896 435 951 actas
459 882 599 947 debebat
622 882 752 946 flentem
767 880 917 955 uidisset,
940 881 1065 969 gladio,
1087 902 1153 969 qno
1169 881 1297 967 patriae
1312 902 1389 944 rem
1418 878 1526 942 bene

265 1004 427 1081 gesserat,
448 992 627 1061 interemit,
656 1010 772 1074 parum
796 988 937 1073 pudicas
958 1000 1050 1053 ratus
1078 989 1251 1063 lacrimas,
1281 1008 1372 1074 quae
1400 1008 1549 1073 prae-s

266 1120 405 1187 propero
421 1099 526 1162 amori
541 1095 711 1161 dabantur.
758 1094 866 1175 Quem
881 1094 946 1158 boc
968 1097 1101 1159 nomine
1121 1116 1214 1159 reum
1229 1094 1319 1181 apud
1334 1093 1522 1180 populum

266 1218 373 1271 actum
396 1216 489 1290 pater
519 1202 673 1268 defendit.
723 1200 773 1265 Ita
801 1201 901 1287 paulo
923 1203 1120 1289 propensior
1142 1203 1272 1266 animus
1295 1200 1442 1287 puellae
1471 1199 1520 1262 ad

265 1312 460 1378 memoriam
481 1312 579 1375 futuri
607 1310 670 1373 uiri
699 1320 732 1372 ct
753 1309 888 1372 stalrem
915 1310 1061 1373 ferocem
1084 1309 1248 1373 uindicem
1271 1320 1306 1372 et
1326 1307 1521 1375 uindictae

268 1430 334 1485 tam
356 1418 499 1505 rigidum
522 1416 739 1483 adsensorem
762 1426 890 1501 patrem
911 1415 1036 1481 habuit.

226 1528 258 1591 7.
357 1522 528 1590 Consimili
551 1524 725 1589 seueritate
749 1532 885 1587 senatus
909 1534 1025 1609 postca
1051 1544 1134 1587 usus
1157 1524 1216 1608 Sp.
1239 1520 1419 1587 Postumio
1450 1517 1516 1583 Al-
1530 1540 1554 1580 11

266 1634 355 1708 bino,
379 1630 420 1711 Q.
444 1630 572 1695 Marcio
596 1629 747 1715 Philippo
772 1628 964 1693 consulibus
986 1629 1158 1694 mandauit
1182 1627 1382 1701 uidebis,
1414 1649 1516 1713 quae

268 1741 374 1805 sacris
390 1735 648 1803 Bacchanalium
663 1738 787 1800 incesto
804 1757 885 1799 usae
901 1736 1041 1809 fueram,
1061 1738 1273 1823 inquirerent.
1318 1732 1351 1797 A
1375 1733 1513 1819 quibus

269 1868 344 1911 cum
373 1844 494 1909 multae
522 1855 635 1907 essent
661 1842 856 1918 damnatae,
889 1845 924 1907 iu
953 1866 1070 1908 omnes
1100 1844 1236 1931 cognati
1261 1844 1348 1906 intra
1377 1840 1510 1906 domos

272 2006 296 2059 l.
314 2004 399 2072 priua]
423 2004 486 2069 post
503 2002 539 2056 E.
564 2018 632 2053 onos
656 2001 732 2056 Torr.
752 2002 764 2068 ΙΙ
784 2007 887 2067 proelio
903 2034 941 2045 -
958 2004 1078 2072 pugnae]
1106 2002 1136 2054 ia
1157 2017 1256 2054 roura
1278 2000 1310 2053 A.
1329 2002 1344 2072 fl
1361 2003 1507 2066 proelibrn

273 2074 510 2146 CERileuriatqm
519 2074 548 2126 ia
559 2089 656 2126 rasura
668 2073 701 2126 A.
713 2076 852 2127 curialium
865 2073 955 2128 CBF.
967 2078 1129 2126 curiatorum
1138 2072 1361 2142 Dileondicionel
1376 2078 1505 2124 ceterum

271 2150 425 2201 condicione
448 2162 546 2199 rorare
566 2145 598 2198 Α
621 2148 785 2197 condictione
803 2145 836 2199 F.
852 2148 868 2214 ΙΙ
882 2146 1003 2215 pugnae}
1022 2144 1086 2197 add.
1107 2161 1142 2195 ac
1159 2144 1197 2197 D.
1217 2145 1230 2211 11
1248 2142 1275 2196 2
1292 2149 1383 2197 acles
1401 2143 1436 2196 Δ.
1448 2140 1503 2211 113.

272 2222 380 2272 curiatis
399 2218 430 2271 A
445 2216 458 2289 ΙΙ
472 2218 577 2285 spousi]
597 2216 626 2268 ia
642 2217 781 2271 roseros.
801 2232 932 2283 sponsam
949 2217 1010 2285 El}
1022 2212 1047 2269 l.
1065 2218 1165 2286 gaudio
1183 2214 1237 2286 En
1253 2214 1279 2269 5.
1298 2216 1502 2282 praepropero!

273 2307 385 2358 propero
396 2289 430 2342 Α.
447 2305 559 2343 mam
576 2288 690 2359 matiam
707 2288 827 2341 relictas·
844 2288 874 2339 ia
885 2288 923 2347 D.
940 2287 997 2341 aad.
1009 2286 1073 2340 odd.
1090 2304 1272 2353 praepropero
1284 2302 1376 2355 scarpo
1395 2285 1435 2338 D.
1447 2286 1501 2354 111.

272 2365 352 2429 paulo
370 2379 420 2415 ont.
438 2361 473 2415 E.
484 2360 499 2428 ΙΙ
510 2362 536 2414 8.
555 2365 582 2412 et
601 2364 733 2411 uindictae
750 2376 800 2412 om.
819 2359 853 2412 Ε.
865 2358 916 2425 1111.
934 2364 1039 2425 patrem
1056 2374 1212 2410 messorem
1224 2357 1261 2412 Β.
1278 2362 1386 2423 patrem
1399 2374 1500 2409 essen·

272 2450 362 2486 sorem
380 2432 412 2487 F.
423 2432 438 2501 ΙΙ
453 2431 493 2484 lo.
512 2434 539 2497 ἦ.
557 2431 583 2485 i.
601 2448 651 2484 om.
669 2430 701 2485 Γ.
717 2430 731 2498 ΙΙ
749 2432 827 2499 usus]
846 2429 909 2483 aad.
927 2435 972 2483 est
988 2430 1024 2484 E.
1042 2431 1055 2493 11
1072 2434 1199 2495 postumo
1216 2429 1253 2482 Ε.
1271 2429 1284 2499 ΙΙ
1303 2430 1414 2496 Albino]
1433 2428 1500 2479 add.
1589 2447 1590 2490 3

273 2510 298 2557 et
311 2504 430 2559 eorr.D.
452 2502 529 2555 Torr.
541 2501 555 2569 ΙΙ
569 2501 751 2567 ll.q.martio
768 2500 826 2562 (red
842 2500 893 2553 titt.
911 2521 928 2568 q
946 2519 965 2553 o
981 2508 1065 2563 corr.)
1081 2499 1113 2552 A.
1124 2502 1139 2569 ΙΙ
1158 2498 1199 2555 li..
1217 2504 1336 2553 incertae
1352 2501 1439 2571 pas.
1459 2504 1498 2552 in·
1589 2545 1590 2560 ,

273 2580 365 2627 castae
383 2573 498 2627 carad.
516 2576 619 2626 incesto
634 2573 691 2629 CF.
710 2578 811 2627 incesto
833 2572 936 2640 Torali
950 2568 990 2626 tt.
1009 2575 1111 2642 cognat
1125 2600 1138 2626 ο
1155 2572 1190 2627 A.
1209 2570 1268 2633 (red
1278 2577 1415 2642 <regnata⁸
1433 2571 1498 2622 oli·
1589 2615 1590 2640 q

264 2646 356 2716 saissa
372 2644 496 2701 eidem-i
519 2645 755 2716 cognitionione
779 2645 828 2697 litt.
848 2650 937 2706 erare)
952 2642 988 2697 B.
1007 2648 1142 2714 cognatae
1161 2643 1191 2697 C.
1209 2648 1343 2716 cognatas
1353 2641 1497 2696 DFTorr.
1589 2657 1590 2678 ¹

284 2717 378 2786 11111111
396 2733 446 2772 om.
466 2713 631 2786 (1111111111
652 2716 681 2771 0.
702 2721 807 2769 domurn
826 2715 859 2771 F.

275 2857 392 2912 arrosit
409 2860 493 2924 repeti
513 2861 619 2923 posset.
643 2861 867 2924 quemadmodum
890 2876 959 2911 sane
982 2861 1156 2925 repetendum
1180 2861 1224 2909 est
1245 2861 1272 2911 in
1293 2873 1406 2924 prorsus
1423 2859 1495 2910 sirni-

275 2933 345 2982 libos
364 2932 495 2995 exemplis
514 2931 570 2988 llll,
585 2929 608 2988 l.
621 2927 648 2991 b,
664 2945 748 3000 pocae
767 2936 866 2982 11111111
883 2947 913 2983 re
924 2930 952 2981 ia
964 2927 1271 2984 recreandirtoaoribrr
1279 2929 1493 2998 emaque-r·-

276 3007 366 3068 eperot
383 2999 412 3052 ia
429 2999 581 3059 eneam.
600 3006 628 3053 et
647 3003 714 3060 vill,
734 3000 759 3062 l,
779 3005 832 3055 ert.
851 3001 878 3062 8,
896 3000 957 3054 dara
976 2999 1175 3054 addiscendam
1189 3017 1291 3071 seraper
1308 3017 1337 3054 re
1349 3016 1494 3070 pauperem

276 3069 400 3127 eredidit.
420 3069 457 3124 ad
474 3069 617 3124 11111πά1111
627 3073 699 3140 fecit
716 3072 958 3142 locupletissimo.
984 3077 1029 3124 ubi
1053 3075 1223 3143 grammatici
1247 3075 1355 3139 praeter
1377 3076 1492 3126 necmi-

276 3147 359 3197 tatem
377 3145 467 3194 inuitis
486 3145 561 3195 libris
579 3145 768 3208 manuscriptis
788 3149 849 3211 post
858 3143 932 3212 secit
948 3147 1118 3196 inseruerant
1133 3160 1170 3197 re.

346 3214 476 3268 Horatiae
495 3215 600 3284 [prise]
622 3215 735 3282 proelio)
760 3218 871 3288 Pighius
895 3234 911 3268 e
935 3218 1071 3268 codicione
1095 3218 1299 3281 manuscriptis,
1323 3218 1423 3276 nteit,
1444 3233 1491 3280 pro

273 3285 352 3357 prius
363 3289 578 3353 pomeretam,
597 3289 664 3354 qnod
678 3291 836 3354 receperunt
847 3302 942 3340 omncs
955 3290 1051 3340 deinde
1062 3289 1239 3357 grammatici.
1259 3289 1383 3354 quamuis
1399 3305 1488 3354 parum
1589 3306 1590 3309 ¹

278 3361 422 3411 uerisimile
447 3359 482 3408 slt
503 3361 542 3410 itu
565 3362 711 3412 aberrasse
734 3363 868 3412 librarios.
904 3361 999 3427 Neque
1016 3361 1123 3410 omnino
1142 3361 1252 3410 adrem
1276 3360 1391 3424 pertinet
1412 3375 1489 3424 eppo

278 3431 339 3481 sitio
362 3432 435 3482 inler'
453 3445 535 3482 1111111
565 3432 637 3481 illum
668 3433 805 3485 Horatium
834 3435 863 3484 et
889 3433 960 3483 inter
995 3432 1170 3482 Curiatiorum
1199 3431 1416 3494 Albanorumqne
1445 3447 1490 3481 nu·
1589 3468 1590 3481 .

277 3517 388 3554 merom.
436 3502 470 3551 Ni
496 3502 588 3560 fallor.
612 3503 709 3554 similis
728 3507 796 3554 haec
815 3505 985 3568 interpolatio
1003 3504 1126 3562 esicius,
1143 3519 1225 3569 quam
1244 3503 1332 3553 detexi
1350 3503 1370 3563 1,
1389 3499 1414 3562 8,
1432 3499 1447 3553 l
1463 3503 1489 3552 in
1589 3494 1590 3563 Ϊ

277 3575 330 3624 illis
350 3571 456 3640 [111111]
475 3571 518 3625 tir
534 3571 632 3629 eoae,
652 3573 723 3626 ‘Rite
740 3591 780 3626 rae
797 3580 933 3626 matronae
951 3571 1062 3625 dedistis
1078 3573 1178 3641 riteque
1190 3571 1350 3626 dedicarat.
1387 3575 1489 3625 lidelur

278 3646 1488 3781 11111311111111111111111..1111111111111311111
1589 3706 1590 3729 ¹

279 3789 312 3836 de
337 3787 461 3836 omnibns
485 3785 596 3840 Albanis
621 3791 783 3852 reportatam
808 3790 938 3838 statuisse
961 3803 1065 3854 easque
1086 3791 1207 3852 tempore
1231 3790 1391 3840 seiunxisse.
1425 3789 1488 3838 Fieri

279 3871 344 3906 uero
363 3856 443 3906 etiam
462 3857 565 3920 potest,
591 3861 618 3907 111
637 3859 699 3908 illud
715 3857 794 3925 prius
812 3859 879 3908 miro
898 3861 1013 3923 quodam
1032 3873 1098 3909 caso
1116 3862 1275 3910 nasceretur
1293 3875 1309 3910 e
1327 3861 1418 3910 litteris
1435 3875 1488 3924 pro

279 3927 350 3977 xime
369 3927 545 3988 sequentibus
562 3933 616 3996 (pr)
638 3931 665 3978 ot
683 3921 907 3993 praecedentibus
923 3928 995 3990 (isa).
1031 3933 1089 3992 Quo
1104 3934 1206 3981 mmoto
1219 3932 1308 3981 omnia
1325 3932 1420 3995 optime
1433 3947 1487 3995 pro·

280 3997 383 4048 cedunt.
420 4001 509 4059 Quare
527 4013 621 4049 uocem
639 4001 720 4050 ualde
738 4005 893 4067 suspectam
912 4003 1021 4054 seclusi.

351 4065 377 4120 i.
396 4067 434 4120 Gi.
451 4068 511 4118 Liu.
529 4069 655 4130 xxxix,
677 4067 716 4124 18.

351 4137 448 4192 incerte
465 4144 538 4201 arae)
555 4138 660 4197 incerte.
681 4159 750 4210 quac
769 4148 901 4197 recentior
912 4147 1045 4209 scriptura
1056 4144 1099 4193 est
1116 4157 1165 4207 pro
1183 4159 1225 4204 eo,
1245 4146 1313 4210 quod
1333 4145 1486 4209 archetypos

281 4214 366 4264 codes
384 4213 541 4263 exhibuisse
559 4213 677 4273 uidetur,
699 4215 826 4276 incertae,
850 4218 995 4267 Torrenlus
1013 4217 1154 4265 inuenerat
1171 4216 1198 4265 in
1217 4216 1353 4266 codicibus
1372 4216 1485 4266 Vllraiec·

279 4285 351 4343 tinia,
370 4283 499 4336 Leidensi
516 4285 616 4350 quinto,
635 4287 750 4339 editione
762 4289 929 4357 illogunliua,
948 4289 1027 4350 idque
1039 4301 1105 4352 prae
1118 4288 1215 4337 ceteris
1228 4288 1253 4337 ei
1265 4288 1380 4352 placuit;
1398 4288 1485 4352 recepit

280 4357 412 4420 Kappius‚
432 4357 570 4408 confirmat
586 4372 656 4408 nune
674 4359 777 4410 Paridis
799 4359 992 4422 compendium.
1030 4358 1069 4408 cl.
1087 4359 1140 4409 Cic.
1159 4373 1209 4422 pro
1227 4359 1300 4410 cael.
1323 4355 1365 4416 tl,
1383 4353 1422 4410 1111

352 4425 457 4494 comati
473 4425 546 4480 intra
564 4425 663 4494 1111111)
681 4431 711 4480 11
730 4432 878 4494 archetypo
891 4431 983 4480 codice
997 4433 1092 4496 copaat
1102 4430 1149 4479 aot
1161 4433 1272 4495 coponio
1284 4429 1369 4479 fuisse
1387 4430 1483 4482 uidetur.

281 4499 357 4548 Vnde
376 4501 445 4566 quod
464 4500 491 4549 io
511 4500 647 4567 plerisque
666 4503 739 4552 libris
765 4501 864 4550 fuctum
887 4507 959 4561 erat,
984 4505 1117 4567 copnotur.
1139 4502 1218 4550 nimis
1237 4501 1325 4552 securi
1343 4507 1484 4565 receperunt

281 4570 459 4636 grammatici.
496 4569 670 4623 Desideratur
682 4573 752 4622 enim
762 4573 801 4622 ila
813 4572 961 4623 subiectum
975 4574 1050 4625 uerbi
1061 4569 1310 4632 minadaermaat
1325 4573 1399 4622 cuius
1410 4574 1482 4624 locon

283 4639 355 4690 certo
372 4653 427 4692 non
444 4641 562 4693 obtinent
579 4644 719 4704 consules,
741 4645 769 4694 ut
787 4645 947 4707 opinabatur
964 4645 1119 4696 Turranius.
1161 4646 1239 4706 Quod
1256 4646 1282 4696 si
1297 4645 1424 4697 notasset
1435 4645 1481 4695 Va·
