3409 5400
475 510 558 578 LIB.
580 510 639 590 IX,
663 511 699 580 G.
726 513 778 592 ll,
799 511 871 578 Est.
896 519 926 590 t.
952 513 1070 578 1—4.
1323 515 1386 581 719

138 671 188 738 ln
217 693 290 760 quo
315 673 370 760 qui
393 683 449 738 aut
470 667 622 738 homines
650 672 733 737 ullos
763 672 930 738 adiutores
959 673 1118 738 inuenerit
1147 682 1203 736 aut
1231 673 1313 738 deos
1337 675 1386 738 in·

102 801 104 836 ;
141 800 285 844 uocare
310 799 411 842 ausus
436 779 487 852 sit,
511 785 530 854 †
554 801 632 865 prae
657 780 871 847 admiratione
895 779 1003 846 habet.

253 883 464 970 Quamquam
490 885 654 971 quidhoc
680 888 773 973 quasi
798 887 987 952 inusitatum
1016 885 1079 948 iltis
1108 884 1260 972 gentibus
1290 885 1427 952 mire-3.

102 993 105 1054 1
146 1013 246 1064 mur,
272 1012 345 1054 cum
370 990 535 1056 Sariaster
558 992 718 1058 aduersus
743 1003 869 1078 patrem
892 1015 988 1058 suum
1012 990 1187 1078 Tigranen,
1212 987 1387 1054 Armeniae

102 1112 133 1164 εδ
148 1117 290 1184 regern,
314 1098 359 1160 ita
382 1119 455 1160 curn
480 1099 595 1162 amicis
619 1101 838 1173 consenserit,
868 1113 903 1162 ut
925 1120 1040 1164 omnes
1070 1097 1211 1160 dexteris
1235 1093 1388 1160 manibus

102 1233 106 1280 t
150 1203 360 1290 sanguinem
385 1205 547 1268 mitterent
569 1215 664 1290 atque
689 1225 762 1270 eum
787 1207 928 1270 inuicem
951 1202 1147 1270 sorberent‘t
1181 1201 1246 1268 Vix
1269 1198 1387 1267 serrem

149 1329 219 1394 pro
247 1309 353 1374 salute
378 1313 522 1396 parentis
547 1323 611 1376 tam
636 1323 770 1375 cruenta
793 1313 1034 1396 conspiratione
1063 1309 1181 1375 foedus
1204 1305 1386 1376 facientem.

253 1414 324 1478 Sed
353 1416 429 1502 quid
461 1437 524 1504 ego
554 1419 617 1481 ista
645 1428 818 1482 consector
848 1429 905 1482 aut
932 1416 1009 1504 quid
1038 1417 1092 1482 his
1114 1419 1287 1490 immoror,
1312 1416 1428 1481 eumd.

102 1587 103 1600 ἶ
153 1523 261 1585 nnius
298 1522 462 1606 parricidii
499 1525 696 1610 cogitatione
730 1537 847 1588 cuncta
883 1524 1010 1588 scelera
1042 1535 1198 1608 superata
1227 1519 1387 1588 cernam?

102 1628 264 1708 3¹⁰Omni
288 1628 387 1712 igitur
411 1629 531 1713 impetu
554 1631 683 1704 mentis,
707 1631 859 1696 omuibus
883 1631 1118 1717 indignationis
1140 1630 1264 1694 uiribus
1289 1627 1388 1692 adid

102 1777 106 1816 ι
155 1733 377 1798 lacerandum
402 1735 457 1820 pio
481 1737 590 1824 magis
615 1759 714 1822 quam
738 1737 848 1802 ualido
872 1737 1001 1802 adfectu
1024 1738 1144 1821 rapior.
1193 1735 1276 1817 Quis
1300 1737 1387 1798 enim

102 1885 105 1924 ς
157 1841 327 1906 amicitiae
352 1839 414 1904 tide
439 1843 579 1906 extincta
601 1863 708 1930 genus
731 1843 911 1910 humanum
935 1843 1076 1908 cruentis
1104 1843 1138 1907 in
1169 1843 1310 1906 tenebris
1335 1862 1388 1904 se·

159 1947 266 2033 petire
297 1959 449 2012 conatum
485 1948 647 2033 profundo
682 1949 809 2016 debitae
841 1951 1058 2016 execrationis
1087 1950 1168 2014 satis
1198 1948 1387 2013 efficacibus

102 2103 105 2142 ἶ
161 2054 276 2118 uerbis
312 2053 485 2142 adegerit?
526 2053 574 2118 Tu
607 2055 759 2121 uidelicet
793 2058 949 2121 efferatae
983 2051 1154 2120 barbariae
1189 2055 1389 2121 immanitate

102 2175 151 2252 ;15
162 2161 376 2225 truculentior
398 2159 547 2225 habenas
572 2161 714 2226 Romani
738 2164 884 2249 imperii,
914 2183 997 2248 quas
1024 2163 1178 2247 princeps
1202 2179 1389 2248 parensque
1429 2213 1434 2222 ,

162 2279 278 2332 noster
301 2267 437 2332 salutari
460 2267 594 2331 dextera
610 2269 762 2342 continet,
787 2291 906 2354 capere
921 2266 1080 2354 potuisti?
1114 2266 1180 2329 Aut
1202 2277 1232 2330 te
1250 2275 1389 2350 conpote

162 2375 285 2438 furoris
308 2373 450 2438 mundus
473 2374 507 2438 in
530 2395 591 2438 suo
615 2385 701 2438 statu
718 2373 923 2438 mansisset?
951 2369 1075 2438 Vrbem
1096 2396 1118 2438 a
1133 2371 1235 2438 Gallis
1258 2384 1389 2456 captam

102 2537 103 2542 ,
165 2491 197 2544 et
221 2489 436 2544 trecentorum
458 2479 588 2544 inclitae
606 2481 712 2568 gentis
736 2481 881 2544 uirorum
898 2489 1009 2567 strage
1027 2479 1193 2544 foedatum
1208 2478 1389 2543 Alliensem

171 2693 194 2748 t.
208 2693 263 2762 qui]
277 2695 337 2761 quis
348 2689 661 2816 AODEi'flinuenerit]
674 2695 797 2746 habuerit
804 2691 880 2764 [112.
892 2692 1014 2760 proDE,
1026 2692 1054 2746 in
1064 2708 1161 2747 rasura
1171 2691 1204 2752 A.
1215 2708 1284 2749 corr.
1293 2690 1389 2763 aliha·

169 2770 247 2817 betur
256 2763 408 2818 onerer
416 2779 485 2816 carr.
522 2802 529 2817 .
540 2766 640 2818 haereo
652 2763 676 2817 T
674 2762 773 2835 orrdtd.
783 2768 809 2831 s.
817 2761 834 2817 ³
843 2782 892 2819 om.
903 2764 1014 2835 tilluttts
1024 2763 1194 2836 sonent.
1200 2769 1341 2835 tigrsnncn
1343 2779 1389 2831 pr.

168 2835 200 2891 A.
218 2839 350 2907 tigranem
370 2832 697 2907 CDETorr.ssarminise
710 2851 756 2905 pr.
772 2836 803 2889 A.
814 2834 860 2959 lp?
880 2840 979 2889 exteris
997 2834 1083 2907 dliii.
1104 2840 1254 2889 emitterent
1269 2833 1321 2903 Β.Ι
1335 2838 1389 2887 sot·

170 2912 262 2961 nerent
278 2905 403 2961 AODE.
419 2905 431 2969 ΙΙ
452 2909 550 2959 terrent
567 2906 772 2962 ACDETorr.
789 2908 803 2975 ΙΙ
837 2946 844 2961 .
865 2910 890 2973 s.
909 2905 926 2960 t
944 2925 992 2961 oss.
1011 2908 1043 2961 Γ.
1059 2907 1074 2975 ΙΙ
1091 2907 1254 2975 [consector]
1273 2905 1305 2960 A.
1331 2903 1336 2975 Ι
1356 2907 1389 2957 tis

172 2978 247 3033 Torr.
267 2976 279 3048 ΙΙ
301 2980 438 3045 [immoror
456 3004 490 3017 —-
510 2974 560 3045 (9.)
580 2980 725 3047 parrilctdii
742 2977 774 3031 A.
791 2978 805 3045 ΙΙ
822 2978 846 3035 9.
873 2979 1045 3050 [cogitatione
1062 3008 1098 3019 -
1116 2979 1254 3045 superata}
1273 2977 1305 3032 A.
1319 2978 1332 3044 ΙΙ
1349 2972 1389 3029 16.

171 3054 306 3118 conpotem
313 3066 358 3119 pr.
369 3048 399 3101 Δ.
411 3049 425 3117 ΙΙ
440 3045 479 3101 tr.
490 3050 615 3117 muudus}
624 3057 688 3118 post
696 3055 768 3102 statu
780 3048 857 3105 t'arr.
868 3050 883 3117 ΙΙ
893 3054 974 3121 gattis
983 3066 1028 3120 pr.
1040 3049 1072 3105 A.
1084 3050 1098 3118 Η
1113 3049 1152 3105 18.
1166 3053 1300 3105 foedatam
1312 3048 1336 3102 T
1334 3064 1389 3101 arr.

240 3248 339 3311 †prae
359 3242 532 3297 admiratione
550 3244 636 3308 tradet)
661 3248 734 3309 Qrtod
754 3264 804 3299 nos
824 3250 848 3299 in
860 3248 989 3299 Beruensi
1008 3249 1099 3299 codice
1118 3248 1241 3315 tegimus,
1257 3260 1326 3312 prae
1344 3242 1390 3295 ad·

173 3314 308 3371 miratione
325 3314 411 3373 tabet,
430 3332 489 3365 eum
509 3318 534 3367 in
554 3318 614 3367 aliis
634 3320 713 3369 etiarn
735 3320 809 3368 tibris
828 3320 975 3369 inuenerint
988 3320 1098 3386 Pighius
1118 3323 1145 3367 ct
1163 3317 1316 3373 'sorrentum
1334 3330 1388 3364 non

102 3384 103 3407 ³
175 3390 227 3435 tam
246 3389 277 3435 de
295 3387 447 3437 testimonio
466 3388 606 3451 archetypi
626 3388 724 3437 codicis
745 3389 858 3438 dubitari
876 3392 965 3451 potest
983 3405 1063 3452 qrrrrm
1089 3389 1121 3438 dc
1140 3387 1262 3437 sanando
1282 3386 1390 3435 uulnere

175 3457 209 3508 ilii
227 3457 291 3506 libro
309 3458 361 3507 inm
382 3457 464 3510 illato.
501 3456 594 3522 Neque
604 3458 673 3507 enim
693 3460 761 3523 qrrod
782 3461 806 3508 in
827 3459 947 3523 plurimis
967 3460 1102 3509 codicibus
1118 3458 1258 3521 profertur,
1273 3469 1326 3522 pro
1345 3450 1391 3504 ud·

174 3526 307 3579 miratione
324 3524 442 3587 babetur,
461 3527 604 3596 significat,
625 3528 805 3580 ut'i'orrenius
817 3530 947 3593 opinatur,
966 3528 1060 3578 haberi
1079 3528 1141 3577 iliud
1156 3542 1204 3590 pro
1223 3541 1251 3576 ro
1271 3526 1390 3577 miraculi

176 3600 257 3662 plena,
278 3614 372 3661 nequo,
392 3600 414 3649 si
434 3600 612 3666 signiticaret,
632 3602 696 3663 epta
714 3600 845 3650 sententia
871 3604 959 3657 esset,
981 3616 1035 3661 qus
1058 3600 1082 3647 id
1109 3598 1220 3648 aliorum
1244 3597 1389 3654 hominum,

102 3664 103 3689 ³
176 3685 225 3721 non
243 3671 326 3733 ipsius
345 3671 462 3721 arrctoris
482 3670 604 3720 iudicium
624 3672 845 3733 pronuntiaretur.
883 3670 973 3720 Taceo
990 3672 1023 3719 de
1037 3668 1148 3736 uulgata
1161 3670 1301 3732 scriptura,
1321 3681 1390 3732 quae

102 3738 104 3755 '
177 3740 299 3809 aPighto
318 3741 438 3805 protecta
457 3744 508 3797 cst,
525 3755 593 3807 prae
612 3738 787 3791 admiratione
804 3740 907 3799 daereo,
930 3745 957 3791 ct
981 3744 1014 3791 de
1037 3742 1098 3790 attis
1122 3740 1280 3791 coniecturis
1304 3752 1390 3803 acque

102 3804 104 3819 '
177 3812 398 3876 improbabilibus.
439 3812 506 3863 Nam
531 3813 591 3863 sote
615 3828 683 3863 nune
702 3812 832 3863 Perizonti
857 3812 997 3881 ingeniose
1021 3813 1138 3875 suspicio
1152 3808 1325 3877 praecipuam
1344 3805 1390 3859 ad-

177 3880 333 3933 mirationem
350 3878 428 3935 tadet
445 3884 536 3946 specio
550 3883 670 3934 ueritatis
683 3884 891 3935 commendatur.
927 3886 987 3942 Qus
999 3898 1078 3949 qoam
1091 3883 1224 3947 proteram
1236 3896 1288 3931 non
1302 3882 1389 3931 babeo

177 3969 240 4005 nune
255 3954 400 4005 meliorem.

240 4020 264 4077 ³.
284 4025 323 4078 Cf.
343 4025 410 4091 App.
431 4024 520 4077 ntitas.
541 4018 599 4081 104.

245 4090 294 4147 vta
304 4094 422 4161 serrem)
443 4096 484 4146 ita
503 4096 652 4147 Gronouius
663 4096 815 4149 emendauit
831 4095 1103 4162 corruptumserrent,
1123 4112 1182 4147 curn
1195 4096 1306 4166 Pighius
1320 4095 1390 4146 mate

179 4167 299 4219 edidisset
326 4162 378 4219 Vir
392 4165 503 4232 ferrent
520 4162 575 4222 itti,
601 4183 649 4231 pro
668 4185 720 4230 quo
739 4168 865 4219 Itarthins
887 4170 1004 4219 malebat
1023 4166 1080 4219 aiii.
1124 4169 1247 4220 Debebat
1266 4166 1391 4220 Grououit

180 4238 391 4296 emendationem,
411 4253 491 4301 quarn
510 4240 651 4301 probabat,
671 4240 789 4303 recipere
808 4238 961 4292 Turranius.

243 4307 267 4361 t.
284 4314 372 4375 serape
380 4305 522 4374 foedatam
539 4305 678 4359 Alliensem
697 4306 776 4375 diem)
800 4308 844 4360 Sto
857 4325 957 4361 omnes
975 4312 1097 4371 codices,
1121 4324 1189 4373 artos
1211 4308 1333 4375 equidem
1352 4306 1389 4355 tn·

180 4380 257 4445 spesi,
275 4382 411 4447 tamquam
430 4394 482 4431 non
501 4380 534 4430 nd
556 4382 723 4439 Cremeram,
748 4383 795 4430 sod
816 4382 848 4431 ad
869 4381 967 4433 ,tiliam
986 4383 1060 4433 caesi
1083 4384 1176 4432 essent
1194 4378 1278 4431 Fabii.
1315 4381 1390 4438 Quae

182 4467 233 4501 cum
250 4454 397 4519 repugnent
415 4452 558 4511 historiae,
583 4452 709 4518 Pighius.
733 4456 762 4501 ut
781 4452 914 4505 Valerium
933 4453 1012 4518 culpa
1032 4454 1170 4511 liberaret,
1195 4450 1286 4500 deleta
1309 4448 1389 4497 tacite

182 4524 268 4587 copula
286 4526 349 4573 unte
375 4518 553 4573 Trasimenum
579 4523 661 4573 odtdtt
683 4526 796 4589 atrapens
806 4520 935 4588 soedam.
961 4522 1099 4576 Attiensem
1123 4521 1191 4573 diem
1210 4524 1235 4572 et
1252 4532 1391 4587 oppressos

182 4590 206 4641 is
221 4589 349 4661 Hispania
366 4589 504 4659 Scipiones
528 4596 578 4645 otc.
603 4592 681 4659 idque
706 4596 840 4659 persuasit
863 4596 1015 4654 Perizonto,
1043 4596 1111 4660 quod
1137 4595 1229 4650 miror,
1257 4604 1316 4641 eum
1340 4605 1390 4641 nec

182 4664 312 4715 uiolentam
332 4680 384 4730 quo
403 4677 468 4713 usus
494 4666 536 4713 est
559 4666 703 4714 remedium
722 4680 771 4715 nec
789 4667 929 4716 uerborum
949 4667 1027 4723 ordo,
1046 4665 1091 4729 qui
1112 4664 1149 4713 ita
1167 4664 1264 4720 existit.
1283 4662 1390 4725 probari

183 4736 266 4801 possit.
310 4736 393 4787 Multo
418 4736 504 4786 minus
528 4738 615 4800 ipsius
637 4736 764 4787 Perizontt
788 4738 943 4787 contectura
960 4737 1061 4800 placet,
1085 4740 1194 4801 recepta
1216 4752 1235 4786 s
1252 4735 1411 4796 Torrente.'
