3409 5400
594 531 742 609 nmis,
764 533 801 598 0.
827 535 858 609 1,
881 541 912 610 ς.
936 534 1058 601 5-7,
1164 573 1173 588 ·
1375 544 1438 608 1111

91 785 92 788 ¹
204 716 304 761 mam
335 716 431 762 snum
462 694 709 759 concinniorem
740 694 918 771 efficerent,
940 718 1072 763 smnme
1094 718 1168 761 erm
1192 696 1360 783 diligentia
1383 678 1505 766 ce-'
1616 698 1617 723 ¹

206 802 312 889 pillos
337 804 447 867 cinere
469 800 649 865 rutilemnt.
693 798 782 864 Nulli
806 802 895 865 enim
918 812 993 867 tunc
1009 804 1242 870 subsessorum
1257 804 1438 873 alienorum

206 910 499 975 matrimoniorum
528 906 614 997 oculi
640 905 883 981 metuebantui‚
906 908 968 973 sed
990 912 1111 995 pariter
1135 922 1174 1008 et
1188 910 1300 975 uidere
1324 924 1437 977 sancte

207 1028 245 1081 et
270 1016 379 1103 aspici
400 1012 662 1102 mutuo-pudore
682 1014 979 1112 custodiebantura

183 1135 199 1180 s
306 1120 467 1203 Quotiens
496 1143 576 1210 nepo
604 1124 688 1186 inter
715 1122 822 1185 uimm
855 1132 887 1185 et
914 1144 1048 1189 uxorem
1079 1123 1203 1212 aliquid
1231 1127 1317 1213 iurgi
1338 1122 1479 1189 inter-ti.

208 1239 394 1303 cesserat..
411 1230 448 1293 in
483 1228 642 1294 sucellum
677 1227 760 1293 dees
793 1226 999 1315 Viriplecee‚
1036 1231 1124 1317 quod
1157 1242 1206 1296 est
1235 1234 1270 1297 in
1298 1230 1437 1303 Peletio,

207 1336 402 1410 ueniebant,
417 1345 450 1399 ct
459 1336 505 1400 ibi
520 1323 775 1408 inuiesm'locuti
791 1356 877 1421 quse
892 1336 1073 1415 uoluerunt,
1087 1339 1295 1403 contentione
1312 1340 1437 1403 enimo-

208 1465 287 1507 rum
310 1442 462 1529 deposita
482 1435 666 1507 concor'dcs
684 1443 944 1529 reuertebentur.
989 1442 1063 1509 Dee
1090 1440 1212 1509 nomen
1234 1443 1297 1508 hoc
1322 1468 1344 1510 e
1365 1444 1462 1531 ple·¹
1518 1524 1520 1530 Α

210 1550 332 1616 caudis
360 1550 442 1614 uiris
467 1550 571 1614 fertm
601 1540 776 1623 adsecuta,
814 1550 1007 1617 uenerande
1035 1548 1165 1637 quidem
1198 1560 1230 1611 et
1257 1553 1370 1615 nescio
1395 1574 1438 1615 en

173 1657 405 1743 ttpreecipuis
435 1667 468 1719 et
497 1655 667 1746 exquisitis
696 1644 867 1721 secriliciis
892 1656 1040 1747 colende,
1064 1667 1173 1743 utpote
1189 1656 1374 1721 cotidianae
1399 1679 1437 1721 ec

211 1753 419 1829 domesticae
442 1763 683 1860 paciscnstos,
706 1763 741 1826 in
763 1762 835 1848 pari
858 1763 941 1849 iugo·
961 1762 1106 1833 ceritetis
1124 1765 1202 1849 ipse
1223 1764 1275 1828 sui
1293 1762 1437 1849 'appella-

211 1872 306 1934 tionc
326 1871 475 1935 uirorum
497 1869 663 1934 maiestati
685 1867 828 1937 debitum
852 1891 874 1933 a
895 1869 1026 1944 feminis
1050 1868 1193 1937 reddens
1216 1868 1392 1933 honorem.

304 1974 504 2041 Huiusmodi
532 1976 617 2041 inter
638 1975 797 2061 coniuges
819 1968 1033 2039 uerecundia.
1079 1974 1183 2057 Quid,
1206 1978 1289 2040 inter
1313 1969 1480 2041 ceteras?-

211 2082 478 2154 necessitudines
512 2102 624 2145 nonne
658 2092 795 2167 apparet
827 2078 1078 2151 consentanea?
1124 2082 1211 2149 Nem
1240 2095 1277 2146 ut
1293 2084 1439 2147 minimo

176 2200 205 2243 ¹⁵
213 2190 338 2255 indicio
360 2190 539 2255 maximum
562 2190 630 2253 uim
653 2189 733 2252 eius
748 2188 944 2275 significem,
968 2186 1158 2273 aliquandiu
1182 2210 1242 2253 nec
1257 2198 1348 2273 pater
1364 2211 1462 2253 cum·

214 2296 284 2360 tilio
306 2296 429 2382 pubere
451 2317 513 2359 nec
536 2315 633 2360 socer
655 2316 730 2359 cum
753 2313 875 2379 genero
898 2292 1078 2358 leuabatur.
1115 2292 1327 2357 Manifestum
1340 2295 1438 2379 igitur

215 2416 269 2465 est
303 2412 428 2467 tantum
463 2401 634 2489 religionis
668 2399 824 2485 sanguini
853 2410 885 2462 et
915 2398 1073 2463 adfinitati
1102 2408 1257 2484 quantum
1280 2400 1363 2483 ipsis
1387 2398 1438 2463 dis

213 2507 441 2573 inmortalibus
470 2507 638 2581 tributum,
671 2506 750 2592 quia
777 2505 861 2569 inter
890 2507 956 2570 ista
984 2516 1051 2569 tum
1080 2516 1197 2569 saneta
1219 2503 1350 2569 uincula
1372 2526 1439 2569 non

215 2615 326 2702 megla
355 2636 453 2702 quem
482 2617 518 2679 iu
541 2614 652 2702 aliquo
684 2623 815 2677 secreto
837 2612 911 2678 loeo
940 2611 1065 2678 nudare
1089 2634 1126 2677 se
1149 2611 1244 2677 nefas
1270 2632 1345 2677 esse
1369 2632 1438 2675 cre·

177 2721 365 2786 edebatur.

721 2827 934 2842 Ἣ

214 2895 451 2952 suessanorum
469 2913 539 2953 corr.
560 2897 589 2952 0.
608 2901 801 2952 subsessorum
818 2898 847 2951 ie
865 2913 962 2954 rosere
979 2893 1015 2954 Ε.
1034 2884 1211 2952 subsessores
1224 2897 1256 2952 Γ.
1271 2896 1283 2970 ΙΙ
1297 2893 1321 2951 3.
1341 2901 1441 2964 pariter

216 2973 301 3024 uideri
318 2967 354 3023 E.
365 2966 415 3038 114.
434 2973 633 3024 custodiebatur
650 2969 683 3023 Γ.
694 2969 708 3037 ΙΙ
719 2966 744 3023 5.
764 2971 790 3035 s.
809 2965 834 3022 o.
852 2986 902 3021 om.
914 2969 946 3024 Γ.
958 2968 971 3037 Ι]
982 2973 1093 3032 Quoties
1101 2986 1146 3041 pr.
1159 2969 1191 3024 A.
1204 2971 1217 3041 ΙΙ
1229 2969 1254 3023 8.
1266 2987 1364 3024 nomen
1376 2969 1438 3035 hoel

209 3048 278 3128 post
294 3043 359 3093 uiris
376 3039 438 3109 11.ΙΙ
455 3040 497 3095 10.
522 3045 572 3094 sed
590 3043 730 3130 erfquisitis
748 3039 801 3093 ΑΒ
809 3039 906 3094 CDE.
923 3040 937 3109 ΙΙ
954 3057 986 3092 ee
1010 3043 1173 3094 domesticae
1192 3058 1240 3130 ope:
1260 3042 1294 3096 Ε.
1307 3040 1379 3166 thil.
1400 3041 1439 3106 inl

217 3109 540 3252 'dorffl’deid'l
553 3111 595 3238 1⁰³1
607 3109 1328 3252 tulisti-stitillinitiitfftft'tttd..
1345 3109 1441 3234 lli:

227 3252 244 3319 ΙΙ
255 3254 426 3320 uerecundia]
446 3253 509 3309 add.
528 3257 662 3311 fuitum.
685 3253 713 3307 0.
728 3253 741 3321 ΙΙ
760 3252 800 3307 15.
818 3257 913 3305 iudicio
931 3252 1026 3309 Beli.
1039 3255 1053 3322 ΙΙ
1068 3253 1107 3307 lti.
1130 3258 1302 3308 Manifestum
1321 3284 1355 3294 -
1374 3249 1441 3318 (19.)

216 3328 379 3377 medebatur
395 3340 445 3379 on.
463 3324 494 3378 Γ.
506 3325 520 3394 ΙΙ
536 3325 576 3378 11.
594 3331 638 3378 est
654 3342 703 3378 ors.
721 3323 755 3378 B.
770 3323 785 3394 ΙΙ
798 3322 840 3378 ts.
860 3328 1011 3378 crederetur
1030 3325 1084 3385 B..

216 3487 340 3544 adderet.
357 3487 513 3551 parenthesi
531 3502 591 3536 cum
603 3487 707 3537 censali
718 3487 849 3551 particule
862 3499 927 3534 risus
940 3499 1005 3536 esse
1016 3501 1102 3550 nsque
1118 3483 1341 3536 animaduertisse
1361 3497 1441 3548 quem

215 3559 372 3626 neglegens
389 3559 465 3608 fleret
482 3558 577 3615 oratio,
594 3557 620 3606 si
637 3557 790 3607 retinuisset
807 3557 922 3606 formem
941 3558 998 3606 eius
1017 3559 1052 3606 eb
1067 3557 1143 3606 initio
1152 3555 1327 3619 propositam.
1364 3555 1441 3604 Pote-

216 3631 261 3679 rst
277 3629 331 3680 hoc
348 3629 471 3679 eocidere
488 3629 590 3679 auctori
608 3628 722 3679 celerius
740 3627 875 3677 scribenti.
911 3627 1050 3676 Librerios
1063 3642 1123 3677 cem
1135 3637 1293 3690 peruersam
1312 3625 1443 3676 retionern

214 3703 258 3750 tot
274 3699 402 3749 adhibitis
420 3700 539 3750 nrtidciis
556 3714 605 3764 pro
623 3698 824 3761 simplicissime
841 3699 870 3746 et
880 3697 1060 3760 spertissime,
1080 3699 1166 3763 quetis
1178 3699 1221 3748 cst
1234 3711 1312 3763 quarn
1326 3697 1442 3747 editores

214 3773 365 3822 trr'bnerunt
382 3771 499 3831 Vsterio,
517 3771 643 3822 effecisse
659 3784 713 3820 non
730 3768 795 3818 mibi
813 3769 999 3831 persuadetur.
1042 3769 1168 3823 Similiter
1190 3767 1254 3818 illud
1273 3773 1300 3818 et
1317 3769 1379 3818 ente
1397 3765 1441 3818 te·

214 3846 300 3900 nato.
319 3843 391 3908 quod
407 3841 504 3892 melius
522 3856 591 3894 sene
608 3843 734 3898 ebcsset.
756 3840 907 3890 detenditur
923 3839 996 3890 mele
1014 3854 1146 3904 expresse
1163 3842 1215 3894 hec
1234 3841 1351 3892 sectoris
1371 3841 1442 3908 cogi·

215 3915 328 3971 uticae,
346 3914 415 3962 inter
431 3914 472 3962 tot
487 3914 576 3963 tristis
593 3915 621 3963 et
637 3914 746 3963 horride
762 3913 935 3962 honestes
954 3926 1088 3978 quoque
1107 3912 1223 3962 comitati
1242 3913 1328 3964 locum
1347 3912 1441 3962 fuisse.

289 3978 317 4034 b·
334 3984 375 4034 01.
393 3983 461 4034 etue
479 3987 583 4049 qusest.
601 3985 677 4035 Rom.

291 4051 428 4114 metiens)
453 4055 590 4106 Vsterinm
613 4053 731 4122 quotiens
754 4057 781 4105 et
804 4055 902 4105 similia
926 4069 987 4104 curn
1011 4055 1099 4106 littere
1116 4055 1296 4120 rescripsisse
1319 4054 1443 4120 suspicor

215 4125 328 4189 propter
345 4139 509 4176 comensem
525 4127 630 4176 Peridis
649 4128 677 4176 et
693 4127 853 4191 reliquorum
866 4126 966 4177 Valerii
984 4129 1112 4178 codicum.
1147 4127 1221 4178 Libri
1235 4128 1367 4178 Danielini
1378 4128 1442 4176 Ber·

216 4197 312 4247 nensis
329 4197 419 4259 prims
435 4211 532 4247 menna
556 4199 711 4248 constanter
734 4199 791 4248 fere
809 4199 933 4248 breuiore
952 4197 1038 4248 forme
1056 4212 1108 4249 use
1131 4201 1187 4258 est,
1214 4200 1263 4248 sed
1287 4199 1444 4249 emendator

217 4269 475 4390 ppolnoqusaeooco
492 4269 624 4319 omissam
640 4269 757 4318 ruerem
774 4269 918 4333 suppleuit.
960 4269 1000 4321 Ci.
1019 4272 1112 4320 Osenn
1136 4273 1170 4320 sd
1190 4271 1243 4320 Cic.
1270 4271 1302 4318 de
1321 4283 1376 4331 rep.
1395 4265 1442 4325 111,

255 4375 264 4399 s
317 4353 370 4401 ·P·
443 4375 451 4390 ·

286 4407 320 4458 is
333 4407 410 4476 peri)
438 4407 485 4459 Sic
507 4411 583 4460 solus
607 4410 675 4461 liber
696 4410 776 4460 Bcrn.
807 4408 838 4460 In
863 4411 950 4461 elters
968 4413 1088 4463 codicum
1113 4410 1214 4460 inmitte
1231 4409 1330 4475 legitur
1347 4404 1376 4456 r'e
1393 4419 1443 4473 pso

212 4476 290 4546 μή.
309 4481 379 4545 qued
398 4481 551 4532 Perizonius
569 4483 764 4532 emendandum
783 4482 887 4532 censuit
903 4480 981 4549 taque
996 4482 1071 4551 pari.
1108 4483 1236 4532 l'ortessc
1254 4477 1386 4542 illudque
1404 4479 1443 4526 tn·

217 4550 380 4614 tomolatum
399 4553 442 4602 est
460 4567 478 4602 e
494 4552 611 4612 librario,
631 4553 675 4618 qul
693 4553 762 4603 hsec
786 4567 846 4602 curn
870 4555 1044 4620 sequentibus
1068 4547 1215 4604 tumber·
1238 4547 1306 4598 teter
1324 4545 1444 4614 meree

217 4618 379 4673 wudu
397 4624 585 4692 coniungendo
601 4624 715 4688 putaret.

290 4690 317 4744 1.
334 4695 390 4746 cte.
408 4695 442 4744 dc
461 4695 506 4745 on.
523 4695 545 4751 l.
569 4689 619 4753 so.
645 4689 696 4744 ue
721 4707 774 4744 sna
797 4696 887 4744 estate
910 4696 991 4746 etiam
1015 4699 1071 4746 tum
1096 4693 1268 4746 obseruatum
1292 4705 1355 4743 csse
1380 4691 1444 4742 illud

220 4766 400 4817 moundise
417 4779 505 4834 genus
522 4767 645 4817 testetur.
671 4765 711 4818 00
730 4766 798 4818 Plut.
816 4767 873 4815 cat.
890 4768 954 4816 mei.
971 4763 1015 4818 2⁰.

1184 4851 1251 4916 12*
