3409 5400
271 516 340 588 3110
512 508 571 578 Dia
593 502 887 575 HVMANITATE
909 502 967 571 ΕΤ
990 498 1253 572 CLEMENTIA.

272 676 408 744 Minime
431 674 534 761 digua
554 690 621 736 uox
644 671 697 734 oui
720 666 882 733 adiciatur
905 684 1044 732 eamex
1065 666 1196 754 tyranni
1218 686 1275 730 ore
1299 665 1359 745 [de
1380 663 1500 731 buma-

272 786 389 863 nitus]
412 798 579 846 manasse.

360 888 398 955 In
420 886 509 951 hunc
531 882 667 950 modum
690 882 777 947 lili'ae
805 882 960 946 iniuriam
988 878 1068 956 tulit,
1096 901 1194 947 suam
1221 868 1323 945 multb
1352 879 1503 946 laudabi-

271 997 345 1065 lius.
379 993 411 1059 A
426 992 610 1079 Thrasippo
627 992 733 1055 amieo
750 991 834 1054 inter
850 1006 989 1053 caenam
1005 986 1077 1051 sine
1092 988 1157 1069 dne
1172 989 1323 1052 conuicio
1336 988 1501 1053 laceratus

271 1108 319 1175 ita
341 1112 373 1166 et
395 1102 540 1167 animum
563 1110 595 1161 et
616 1116 734 1161 uocem
757 1095 799 1160 ab
822 1096 873 1159 ira
895 1092 1051 1169 cohibuit,
1065 1105 1110 1158 ut
1127 1104 1260 1180 putares
1284 1094 1460 1159 satellitem
1483 1109 1534 1158 as

274 1222 413 1299 tyranno
436 1204 523 1271 male
547 1204 672 1269 audire.
710 1201 895 1267 Abeuntem
919 1222 1061 1287 quoque,
1084 1201 1205 1264 ueritus
1228 1222 1271 1264 ne
1285 1212 1419 1287 propter
1432 1222 1503 1265 me·

275 1327 344 1383 tum
366 1312 526 1379 maturius
550 1330 588 1376 se
612 1310 764 1375 conuiuio
788 1305 1004 1381 subtraheret,
1019 1308 1210 1373 inuitatione
1225 1308 1382 1373 familiari
1396 1310 1506 1396 coepit

276 1422 426 1490 retinere.
472 1418 690 1504 Thrasippus,
714 1400 895 1480 concitatae
919 1414 1126 1478 temulentiae
1148 1415 1272 1499 impetu
1295 1428 1439 1491 euectus,
1464 1438 1505 1480 us

277 1531 348 1596 eius
372 1535 467 1614 sputo
489 1526 656 1611 respersit,
680 1544 742 1587 nec
765 1533 874 1585 tamen
902 1522 937 1611 in
965 1520 1145 1585 uindictam
1175 1522 1228 1584 sui
1254 1520 1357 1586 uahrit
1384 1540 1505 1587 accen·

278 1636 367 1701 dere.
404 1631 465 1698 Ille
487 1640 567 1696 uero
590 1632 688 1695 etiam
711 1628 795 1693 lilios
819 1648 900 1692 suos
916 1626 1065 1691 uiolata
1088 1628 1191 1714 patris
1205 1626 1369 1693 maiestati
1385 1628 1548 1693 subus-se

278 1744 349 1809 nire'
372 1740 531 1825 cupientis
554 1736 695 1801 retraxit.
741 1734 946 1821 Posteroque
974 1736 1027 1800 die
1057 1731 1242 1819 Thrasippo
1265 1734 1462 1821 supplicium
1486 1758 1510 1800 a

280 1868 317 1913 se
339 1844 525 1909 uoluntaria
548 1850 650 1907 morte
674 1842 806 1927 exigere
828 1841 970 1919 uolente,
1001 1844 1091 1907 uenit
1112 1839 1157 1903 ad
1179 1859 1253 1905 eum
1276 1840 1419 1927 dataque
1441 1842 1510 1906 lide

279 1955 315 2019 in
338 1950 455 2015 eodem
479 1948 586 2035 gradu
610 1948 771 2013 amicitiae
793 1963 997 2024 mansurum,
1020 1949 1063 2014 ab
1084 1949 1216 2036 incepto
1244 1950 1422 2013 reuocauit
1468 1949 1510 2013 Si

280 2060 363 2129 nihil
385 2058 475 2125 aliud
498 2056 636 2141 dignum
657 2052 783 2119 honore
806 2055 985 2121 memoriae
1009 2056 1183 2143 gessisset,
1205 2053 1260 2119 his
1283 2068 1394 2120 tamen
1408 2055 1509 2121 iactis

282 2166 411 2235 abunde
433 2185 471 2231 se
494 2161 674 2250 posteritati
696 2162 972 2226 commendasset.
1519 2181 1549 2224 rs

784 2276 1001 2296 *—

282 2327 308 2383 l.
322 2327 375 2394 cui]
396 2321 463 2378 eiF.
481 2322 493 2391 Η
510 2324 543 2373 de
562 2322 727 2373 humanitate
750 2336 799 2372 um.
826 2318 904 2375 Turr.
920 2320 934 2389 ΙΙ
951 2316 977 2376 3.
988 2307 1025 2372 'lu
1044 2324 1114 2373 bunc
1132 2348 1167 2359 -
1185 2322 1347 2373 laudabilius
1371 2336 1420 2374 ora.
1439 2316 1471 2373 Γ.
1483 2318 1499 2387 ΙΙ

195 2398 197 2403 ’
281 2396 307 2452 l.
326 2401 400 2450 idem
420 2413 437 2447 a
454 2395 577 2457 trasippo
595 2389 663 2444 ΒΓ.
675 2393 767 2461 {linter
786 2406 900 2443 caenam
918 2408 967 2445 um.
985 2390 1045 2460 F·‘ii
1057 2391 1084 2446 5.
1103 2395 1219 2443 animam
1238 2390 1275 2448 D.
1294 2390 1308 2463 ΙΙ
1327 2394 1422 2457 putare
1442 2388 1471 2445 G.
1482 2393 1499 2458 ΙΙ

282 2486 301 2523 a
317 2466 445 2535 tyranno]
466 2483 483 2515 a
501 2478 551 2515 um.
564 2478 610 2531 pr.
629 2461 660 2517 Δ.
674 2462 687 2533 [Ι
701 2458 726 2515 6.
746 2464 831 2515 audiri
848 2462 886 2517 D.
900 2463 913 2528 ΙΙ
928 2461 952 2517 l.
971 2481 989 2515 a
1007 2465 1129 2515 conuiuio
1151 2479 1183 2514 se
1198 2460 1300 2588 RQ&
1318 2466 1455 2529 trasippos
1473 2461 1510 2514 A.

292 2539 413 2659 iguuectu
427 2550 473 2604 pr.
491 2533 522 2587 A.
541 2536 627 2585 eiecto
646 2548 716 2619 eurr.
734 2531 766 2584 Α.
785 2536 888 2585 euictus
906 2534 969 2585 Pur.
980 2528 1030 2601 1111.
1049 2534 1150 2601 mmcd]
1169 2536 1224 2584 tum
1274 2532 1302 2587 F.
1314 2533 1328 2601 ΙΙ
1339 2536 1422 2587 uoluit
1439 2530 1470 2585 F.
1482 2528 1499 2597 11

285 2608 297 2660 l
320 2608 495 2659 malestatis
513 2602 545 2656 A.
557 2604 571 2671 ΙΙ
591 2602 631 2656 ll.
651 2606 788 2668 cupientes
808 2601 1037 2656 CDEFl'Torr.
1056 2604 1069 2673 ΙΙ
1088 2606 1201 2655 Postero
1224 2620 1330 2673 qrmque
1349 2602 1427 2656 Turr.
1438 2602 1452 2671 ΙΙ
1465 2599 1509 2654 12

282 2679 383 2730 uolenti
400 2671 573 2798 ACKppld·
589 2675 736 2760 amicitiae]
757 2672 819 2760 add.
836 2690 868 2726 se
888 2672 976 2727 CEF.
1004 2671 1064 2730 vid.
1084 2673 1121 2728 ud
1137 2673 1204 2732 llll.
1224 2676 1252 2733 1.
1272 2681 1321 2730 est.
1334 2674 1387 2744 ’1.ΙΙ
1400 2672 1442 2729 14.
1459 2675 1509 2726 bo-

283 2764 349 2802 nore
367 2763 416 2802 um.
432 2761 476 2818 pr.
524 2743 612 2814 .iib1s
631 2750 721 2798 tamen
740 2747 818 2796 facus
837 2759 886 2797 um.
904 2743 938 2797 F.
1124 2771 1126 2775 .

294 2917 295 2924 .
355 2903 412 2942 euru
429 2903 461 2940 ec
479 2885 584 2956 mussi
601 2899 647 2938 ure
666 2884 711 2952 [de
728 2885 898 2952 tamardute]
918 2893 1047 2950 mse)
1072 2890 1114 2940 ita
1137 2905 1196 2940 curu
1220 2903 1315 2942 omues
1338 2889 1399 2941 libri
1415 2903 1509 2940 manu·

284 2961 376 3028 scripti
394 2959 546 3020 exhibeant,
565 2972 634 3020 quos
652 2973 704 3026 ege
724 2959 829 3015 contuli,
850 2960 930 3020 utque
949 2959 1031 3008 etiam
1044 2961 1197 3012 Vincentius
1211 2962 1415 3015 Bellouacensis
1433 2975 1509 3025 spec.

283 3034 348 3086 blut.
367 3031 424 3089 1111.
444 3031 513 3096 (ill.)
534 3021 567 3080 18
586 3031 613 3079 et
631 3030 714 3081 doctr.
732 3029 764 3086 V.
784 3023 828 3087 ⁴3.
847 3027 960 3096 Pighius
979 3033 1145 3092 auctoritate,
1164 3033 1193 3082 ut
1210 3024 1360 3092 ait,'trium
1379 3032 1509 3086 codicum.

285 3103 439 3162 Caucbiani,
460 3099 672 3160 (iemblacensls,
690 3099 875 3160 Pulmanniani
893 3103 982 3150 motus
997 3103 1096 3153 deleuit
1107 3119 1151 3156 uu.
1164 3100 1372 3155 deterrusitate.
1407 3103 1510 3153 Vereor

283 3189 319 3228 ne
338 3173 405 3232 eius,
424 3173 494 3235 quud
513 3172 586 3222 reete
599 3169 699 3228 iecerit,
718 3186 813 3234 parum
831 3171 966 3221 sinceram
984 3165 1129 3236 ueramque
1149 3176 1332 3226 defensionem
1350 3177 1432 3236 atque
1448 3185 1509 3223 eun·

283 3245 461 3298 firmationem
479 3243 634 3306 quaesierit,
653 3243 687 3291 ds
706 3242 825 3291 codicum
842 3242 947 3292 illorum
963 3244 1114 3294 testimonio
1127 3247 1260 3311 mentitus.
1297 3247 1338 3297 De
1356 3244 1511 3296 eusebiano

285 3317 357 3370 certe
376 3315 433 3365 selu
453 3315 523 3365 luiso
542 3326 606 3364 usse
623 3311 745 3366 relatum.
782 3312 866 3363 Erant
884 3315 973 3364 autem
992 3319 1120 3378 suspecta
1137 3317 1185 3366 illa
1202 3319 1287 3368 uerba
1304 3319 1360 3366 iarn
1376 3317 1403 3366 in
1416 3315 1511 3366 archs·

284 3390 351 3454 typo
370 3386 503 3449 exemplo.
541 3384 628 3434 Nihilo
646 3383 734 3433 miuus
753 3397 822 3434 nunc
844 3384 977 3435 neminem
1001 3398 1081 3450 spero
1105 3387 1164 3436 fore
1186 3390 1248 3452 quin
1270 3388 1405 3456 agnoscat
1422 3388 1449 3439 in
1466 3386 1513 3434 bis

246 3499 248 3504 .
285 3459 404 3523 ineptam
422 3469 534 3521 prorsus
551 3455 804 3518 interpolationem·
827 3459 913 3514 Quam
922 3457 1059 3516 tamquam
1078 3458 1220 3524 genuinam
1234 3460 1378 3510 defendere
1388 3458 1511 3511 conatus.

286 3529 354 3580 mire
371 3541 440 3577 sane
459 3527 599 3595 argutatur
617 3525 770 3576 Turranius.
807 3525 857 3574 ‘lta
875 3525 991 3575 locutum
1009 3540 1074 3577 esse
1091 3531 1235 3592 tyranuum
1254 3531 1287 3581 de
1306 3529 1471 3579 humanitate
1483 3531 1513 3577 et

287 3597 458 3667 significasse
476 3598 604 3660 quantum
621 3597 659 3646 illi
684 3596 829 3648 debeatur'.
871 3594 907 3645 st
928 3597 992 3647 iilud
1016 3599 1149 3648 Pisistrati
1173 3600 1284 3659 dictum,
1309 3601 1333 3650 si
1356 3602 1511 3654 humanum.

287 3682 458 3731 nequaquam
476 3670 566 3719 tamen
586 3669 619 3717 de
636 3668 698 3731 ipsa
717 3667 881 3716 humanitate
905 3669 963 3717 erat
986 3669 1195 3732 pronunciatum.
1242 3672 1412 3740 ingeniosius
1430 3684 1513 3732 quam

288 3738 455 3802 probabilius
474 3738 638 3788 Perizonius.
657 3741 686 3786 ut
703 3739 805 3787 mittam
825 3737 903 3795 alius,
922 3739 1066 3806 legendum
1084 3753 1148 3790 esse
1160 3743 1274 3792 coniecit
1285 3757 1344 3792 eust
1360 3756 1392 3793 ee
1406 3737 1514 3807 tyrum

290 3820 337 3858 ure
354 3803 421 3856 dieti
438 3805 621 3858 damnitatem
638 3821 764 3860 masma.
807 3809 910 3873 Nempe
928 3804 995 3859 dicti
1016 3811 1043 3859 ln
1068 3811 1143 3861 libris
1160 3814 1351 3877 manuscriptis
1374 3827 1425 3877 per
1441 3825 1513 3861 com·

289 3876 417 3940 pendium
435 3869 480 3926 dds·
497 3879 585 3927 efferri
604 3879 706 3936 suisre,
730 3881 801 3942 quud
819 3879 899 3928 facile
917 3879 944 3928 in
962 3883 1187 3944 praepositionem
1206 3879 1239 3934 de
1255 3885 1371 3934 transire
1389 3881 1513 3946 potuerit.

292 3945 347 3995 Sed
370 3946 422 3994 buc
446 3948 601 4010 compendio
625 3949 728 3999 decimu
748 3951 861 4000 saeculo
880 3951 981 4000 librarii
999 3953 1116 4002 nondum
1134 3955 1176 4003 usi
1193 3956 1269 4013 sunt,
1298 3954 1450 4018 corruptela
1465 3953 1515 4002 ill·

291 4014 374 4066 multo
393 4016 524 4078 antiquior
542 4019 591 4068 est.
630 4023 714 4080 Quum
737 4022 874 4070 diuersum
893 4021 1009 4071 diuersis
1026 4023 1191 4087 temporibus
1210 4026 1344 4076 scribendi
1366 4037 1468 4074 morem
1484 4025 1514 4072 in

292 4085 459 4149 explicandis
482 4087 509 4135 et
531 4088 754 4140 transformandis
777 4093 941 4155 compendiis
966 4094 1046 4142 bodie
1068 4109 1174 4160 quoque
1203 4112 1221 4146 a
1243 4097 1427 4164 grammaticis
1451 4107 1514 4143 cun·

291 4156 452 4208 iacturarum
477 4157 605 4206 studiosis
628 4160 709 4223 piane
732 4161 842 4228 neglegi
867 4175 952 4226 saepe
974 4165 1085 4214 miratus
1115 4180 1183 4218 sum.
1229 4167 1359 4230 Equidem
1388 4166 1451 4215 iilud
1481 4159 1515 4213 δι

292 4223 450 4279 brumiate
467 4239 626 4290 persuasum
648 4232 737 4281 habeo
761 4232 846 4280 ortum
871 4245 935 4280 esse
959 4249 975 4283 e
998 4237 1142 4304 marginali
1164 4239 1229 4298 nuta
1251 4239 1352 4300 antiqui
1375 4237 1515 4287 cuiusdam

292 4299 360 4357 libri,
380 4311 460 4359 quam
478 4299 634 4360 ascripserit
652 4302 692 4350 uir
710 4302 802 4351 nescio
821 4301 881 4362 quis
900 4303 994 4353 ductus
1013 4308 1048 4356 ad
1067 4309 1246 4359 denotandum
1264 4311 1450 4377 argumentum
1468 4308 1515 4355 aut

292 4371 339 4421 uni
357 4369 418 4418 huie
436 4369 558 4432 exemplu
578 4370 625 4418 aut
641 4373 772 4432 omnibus,
792 4385 863 4434 quae
879 4373 926 4423 itio
944 4375 1043 4427 codicis
1056 4378 1120 4428 tolio
1133 4381 1331 4444 comprehensa
1346 4381 1431 4435 crant,
1450 4379 1514 4426 sab·

291 4439 397 4492 lectum.
440 4439 516 4500 Quod
539 4442 663 4492 notarum
687 4457 774 4511 genus
798 4443 929 4494 interdum
958 4446 1191 4512 interpolatiunum
1219 4463 1331 4502 causam
1354 4449 1515 4515 praebuisse

291 4509 403 4562 notabili
420 4511 535 4561 manme
554 4512 677 4576 exemplo
696 4515 772 4563 docui
789 4515 817 4564 in
836 4519 1033 4568 commentariis
1052 4519 1088 4568 ad
1105 4521 1163 4580 Vll,
1187 4517 1214 4580 ³,
1238 4519 1264 4573 t.
1309 4521 1350 4575 De
1371 4519 1513 4570 reiciendis

292 4581 337 4631 his
360 4581 465 4640 uerbis,
494 4595 562 4648 quas
585 4582 675 4634 umen
698 4585 726 4634 ln
748 4585 866 4657 uulgatis
889 4587 1047 4638 editionibus
1069 4590 1131 4642 lude
1156 4607 1175 4642 a
1196 4592 1330 4661 Pighlana
1351 4592 1514 4646 omittuntur,

293 4651 370 4702 solus
387 4663 492 4702 meeum
509 4653 641 4704 consentit
658 4654 767 4706 ilasius.
1238 4694 1241 4699 ,

364 4715 389 4771 Δ
408 4715 556 4789 Ttruss'ppu
574 4722 668 4787 urrisu)
686 4727 725 4779 ci
744 4725 840 4779 Senes.
859 4727 893 4777 de
910 4727 952 4778 ira
968 4728 1014 4788 111,
1034 4725 1076 4780 ll.
