3409 5400
292 462 358 535 508
695 464 755 532 Dii
778 454 1104 537 manaremus

251 612 283 691 1.
382 626 463 693 (lum
485 626 694 693 Ptolemaeus
717 650 775 695 rex
798 638 934 695 tutorem
956 628 1112 716 populum
1135 628 1327 694 Romanum
1350 628 1433 693 ulio
1467 628 1559 692 reli·

293 734 429 820 quisset,
452 744 587 799 senatus
603 734 650 800 M.
664 734 837 800 Aemilium
851 735 1012 823 Lepidum
1037 737 1222 822 pontificem
1243 736 1464 811 marimum,
1496 736 1557 799 his

292 840 461 907 consulem
486 842 528 907 ad
555 844 648 928 pueri
675 842 807 907 tutelam
838 842 1019 931 gerendam
1047 840 1280 907 Alexandriam
1308 843 1431 917 misit,
1469 866 1553 906 arn·

292 948 497 1035 piissimique
521 960 553 1012 et
573 950 773 1037 integerrimi
797 950 859 1014 uiri
889 950 1110 1024 sanctitatem,
1138 950 1186 1013 rei
1212 949 1369 1035 publicae
1408 949 1550 1013 usibus

293 1064 325 1119 ei
347 1058 453 1120 saeris
477 1066 655 1141 operatam,
680 1066 830 1121 externae
852 1044 1074 1142 procurationi
1089 1076 1210 1121 uacare
1224 1056 1339 1130 uoluit,
1363 1077 1419 1119 ne
1447 1055 1569 1118 fldess

294 1162 432 1227 ciuitatis
463 1172 594 1227 nostrae
629 1164 752 1229 frustra
780 1164 880 1249 petita
915 1164 1163 1226 existimaretur.
1222 1162 1323 1227 Gaius
1352 1163 1547 1227 beneficio

293 1269 387 1355 regia
408 1269 606 1335 incunabula
628 1281 825 1335 conseruata
848 1270 969 1355 pariter
999 1290 1039 1332 ac
1070 1269 1224 1333 decorata
1251 1270 1426 1333 incernam
1453 1268 1545 1332 Pto·

293 1374 421 1439 lemaeo
444 1374 654 1441 reddiderunt
676 1378 821 1464 patrisne
844 1378 974 1442 fortuna
995 1378 1105 1465 magis
1122 1398 1165 1440 an
1180 1386 1318 1441 tutorum
1339 1378 1543 1441 maiestate

295 1480 429 1568 gloriari
451 1482 592 1549 deberet.

298 1639 320 1695 l.
340 1641 366 1705 s.
387 1638 398 1692 l
424 1656 473 1695 em.
491 1638 523 1695 Γ.
540 1640 554 1707 Η
565 1644 731 1708 ptolaemeus
749 1640 781 1699 A.
804 1647 954 1711 ptolomeus
975 1640 1099 1698 CDEF.
1114 1643 1129 1711 ΙΙ
1145 1660 1282 1695 muranum
1301 1645 1441 1709 populum
1461 1640 1499 1696 F.
1511 1644 1529 1709 ii

295 1708 321 1765 i.
340 1714 358 1764 i.
377 1714 511 1765 aemilium
530 1710 562 1767 F.
574 1711 623 1781 115.
642 1716 733 1767 eterne
753 1712 783 1769 F.
797 1714 809 1785 ΙΙ
823 1718 1006 1782 procuracioni
1024 1711 1083 1782 All
1102 1730 1200 1766 uasere
1213 1730 1259 1783 pr.
1277 1712 1309 1767 A.
1325 1714 1341 1783 ΙΙ
1357 1711 1384 1766 e.
1408 1718 1538 1765 nostrae

296 1784 410 1833 ciuitatis
429 1780 459 1835 F.
472 1782 522 1853 117.
540 1786 674 1849 ptolemeo
692 1784 724 1839 A
742 1789 876 1851 ptolomeo
895 1785 983 1840 CEP'.
1001 1788 1164 1852 ptolomeum
1174 1785 1212 1841 D.
1230 1788 1420 1837 Ptolemaeum
1444 1782 1537 1839 Tm.

298 1849 357 1973 7Ιιὸ.
376 1854 481 1905 fortune
498 1870 546 1907 om.
562 1870 606 1922 pr.
625 1854 660 1910 E.
678 1854 692 1927 ΙΙ
708 1861 796 1931 magis
815 1874 865 1911 om,
882 1856 1056 1926 Elimiotis
1078 1854 1140 1911 DE
1158 1863 1184 1909 et
1200 1856 1249 1910 litt.
1272 1858 1297 1908 is
1316 1855 1345 1907 ia
1362 1871 1475 1909 rusum
1495 1855 1534 1911 Α,

320 1938 374 1975 err.
386 1923 399 1993 ΙΙ
411 1920 435 1977 ii.
455 1928 595 1978 deberetur
612 1925 643 1980 F.

369 2068 413 2128 Vl,
434 2066 458 2119 l.
484 2067 547 2121 Cum
564 2068 725 2122 Pmiemaau
741 2078 798 2135 ren)
828 2074 893 2123 Cum
916 2073 1044 2123 incertum
1067 2071 1203 2133 reliquerit
1220 2070 1344 2122 Valerius
1368 2084 1528 2132 quemnam

297 2139 465 2203 potissimum
479 2140 689 2192 Ptolemaeorum
708 2142 735 2192 iu
753 2145 841 2194 mente
860 2144 990 2202 habuerit,
1009 2144 1160 2193 Glareanus
1173 2143 1279 2192 laudato
1292 2140 1392 2190 iustine
1414 2140 1525 2203 (XXX.

296 2206 314 2260 2
338 2211 364 2261 et
386 2207 416 2274 3)
439 2211 622 2262 Ptolemaeum
647 2214 782 2277 quartum,
809 2214 1007 2279 Philopatorem
1031 2213 1204 2281 cognomine,
1232 2213 1284 2262 hoe
1308 2213 1367 2261 loco
1391 2212 1524 2261 denotari

298 2282 408 2333 censuit.
445 2281 697 2332 staineinaim·
716 2285 852 2353 hoerege
871 2288 975 2335 mortuo
994 2290 1032 2345 ia.
1050 2300 1075 2335 ιι.
1094 2299 1118 2332 c.
1135 2278 1219 2347 tie),
1240 2298 1299 2333 cum
1317 2282 1522 2346 quinquennem

298 2352 380 2402 fllium
399 2353 550 2415 reliquisset
568 2355 595 2403 et
613 2353 738 2405 mulieres
756 2356 822 2405 initu
842 2371 902 2405 eum
919 2355 1108 2418 perditissimis
1126 2354 1256 2404 societate
1273 2353 1414 2416 imperium
1438 2368 1520 2401 necu-

297 2424 424 2486 pusaent,
452 2424 559 2490 legatos
581 2426 617 2473 ah
641 2424 827 2475 Alexandrinis
852 2428 963 2477 Romam
986 2427 1087 2475 missos
1113 2438 1178 2475 esse
1199 2424 1316 2481 tradidit,
1347 2425 1462 2473 orantes
1491 2426 1519 2470 ut

298 2494 407 2544 tutelam
433 2494 523 2558 pupilli
542 2494 700 2555 (Ptolemaei
724 2497 746 2547 V
771 2496 931 2561 Epiphania)
955 2498 1104 2559 susciperet
1126 2496 1240 2560 populus
1264 2495 1400 2545 Romanus
1427 2496 1518 2542 tuere·

299 2565 392 2629 torque
410 2578 521 2631 regnum
540 2566 658 2633 Aegypti
679 2570 772 2617 eontra
788 2568 903 2631 Philippi
928 2569 955 2617 et
972 2568 1095 2617 Antiochi
1118 2567 1244 2623 conatum
1269 2581 1319 2615 nce
1342 2564 1516 2627 displicuisse

298 2634 427 2685 Romanis
445 2650 504 2684 earn
523 2636 699 2704 legationem
724 2638 814 2704 itaque
839 2640 941 2688 missos
963 2652 1027 2688 esse
1050 2638 1096 2701 qui
1118 2638 1247 2687 Antiocho
1272 2638 1300 2686 et
1322 2635 1447 2699 Phiiippo
1469 2636 1515 2683 de·

299 2707 449 2756 nuntiarent
466 2709 495 2756 ut
513 2709 630 2774 Aegypti
648 2723 732 2778 reguo
750 2724 782 2759 se
803 2711 981 2762 abstinerentt
1007 2711 1118 2759 missum
1142 2723 1206 2759 esse
1230 2711 1258 2758 et
1278 2708 1315 2757 iii.
1334 2707 1465 2770 Lepidum
1487 2707 1513 2755 iu

300 2777 463 2846 Aegyptum,
476 2779 521 2839 qui
532 2779 627 2829 tutorio
640 2781 746 2832 nomine
758 2795 873 2849 reguum
884 2780 977 2845 pupilli
989 2780 1193 2831 administraret.
1228 2777 1283 2828 Sed
1297 2779 1351 2828 iam
1364 2777 1512 2827 Glareanus

300 2849 486 2900 animaduertit
503 2850 540 2902 M.
560 2851 699 2906 Aemilium
716 2853 778 2902 tuno
796 2852 924 2917 temporis
949 2853 1086 2901 consulein
1108 2852 1224 2900 noudum
1248 2851 1349 2907 luisse,
1372 2849 1512 2916 arguitque

300 2935 333 2971 eo
356 2920 462 2970 nomino
487 2922 586 2971 erroris
609 2921 744 2972 Valerium
767 2923 921 2972 Perizonius
945 2923 1036 2984 (anim.
1060 2922 1123 2972 hist.
1147 2936 1171 2971 e.
1195 2919 1220 2973 i.
1244 2936 1270 2985 p.
1285 2915 1338 2972 :iiii
1357 2921 1399 2971 ed.
1418 2919 1508 2976 ilarii.

300 2991 370 3052 quod
397 2991 433 3042 u.
452 2989 593 3042 Aemilium
616 2993 753 3042 consulem
777 2996 895 3043 creatum
919 3007 982 3042 esse
1007 2993 1143 3043 constaret
1160 3007 1186 3044 a.
1203 2987 1270 3050 eei,
1294 2989 1389 3040 iterum
1408 3005 1433 3038 a.
1451 2985 1508 3042 tie.

300 3060 450 3125 pontificem
470 3063 612 3112 maximum
632 3078 657 3113 a.
675 3059 729 3114 eii
752 3063 798 3128 (ci.
816 3063 875 3115 Liu.
894 3059 1036 3128 x1.,iu.).
1065 3063 1144 3128 Atqui
1161 3064 1249 3127 ipsum
1270 3062 1359 3126 potius
1378 3060 1508 3110 lustinum.

301 3131 376 3180 euius
405 3133 588 3183 auctoritatem
619 3133 757 3183 socordius
787 3135 868 3197 paulo
903 3134 987 3184 secuti
1022 3135 1085 3182 sunt
1114 3134 1162 3183 uiri
1194 3131 1403 3200 diligentissimi,
1433 3145 1506 3191 quam

301 3201 436 3253 Valerium
460 3217 568 3254 errasse
593 3206 619 3254 et
642 3204 762 3254 eiusdem
787 3205 901 3256 nominis
924 3217 1005 3272 reges
1030 3205 1184 3253 condidisse
1206 3205 1266 3253 luce
1290 3203 1388 3252 clarius
1407 3203 1506 3250 demon·

302 3273 397 3323 strauit
415 3273 710 3342 champollion-Pigeae
728 3273 853 3335 (annales
872 3277 921 3326 des
939 3275 1059 3343 Lagides
1077 3275 1109 3332 ii,
1127 3290 1153 3338 p.
1174 3269 1313 3324 itit-iet
1331 3274 1359 3323 et
1376 3271 1408 3328 ll,
1426 3287 1452 3334 p.
1468 3265 1508 3320 95.

302 3345 355 3396 not.
384 3341 431 3409 l.).
461 3347 488 3394 et
511 3345 617 3394 aliunde
640 3347 794 3396 notissimos
818 3361 882 3398 esse
905 3347 1024 3396 obiciens
1050 3345 1195 3409 Epiphania
1223 3345 1325 3394 tutores
1349 3344 1376 3392 et
1399 3344 1505 3391 aemiem

301 3415 334 3465 1..
352 3413 457 3465 Aemilii
476 3416 581 3465 omnino
605 3417 714 3466 obstare
738 3419 879 3479 quominus
897 3418 942 3467 ille
961 3416 1103 3466 admonium
1126 3417 1207 3465 eiiam
1226 3418 1280 3464 toni
1299 3413 1506 3463 adulescentulus
1606 3408 1607 3451 i

302 3485 329 3536 in
352 3497 443 3536 eorum
468 3501 577 3537 numero
600 3486 739 3540 referatur.
782 3489 867 3538 liuieit
898 3489 986 3538 autern
1017 3487 1215 3549 Cirumpolllon,
1250 3486 1286 3534 ita
1312 3487 1340 3533 ut
1367 3483 1439 3533 nulia
1460 3485 1505 3530 iam

303 3557 465 3622 relinquatur
479 3559 630 3618 dubitatio,
659 3558 753 3622 Lepidi
778 3559 888 3610 tutelam
917 3562 950 3608 ad
976 3559 1054 3608 huius
1080 3557 1225 3607 Ptolemaei
1254 3555 1414 3620 pertinuisse
1436 3554 1505 3606 iiiios,

302 3627 507 3678 Philometorem
526 3631 551 3680 et
571 3629 739 3694 Physconem
759 3629 816 3678 siue
835 3629 986 3698 Euergeten
1002 3629 1025 3677 ll
1045 3629 1224 3684 Ptolemaeos,
1243 3641 1311 3692 qnos
1331 3628 1357 3675 ut
1376 3642 1393 3673 u
1411 3623 1505 3674 Seleuci
1606 3638 1607 3687 ι

304 3695 1505 3836 estitit‘restitisti..titteristiti.stetissetisiiiii
1606 3734 1607 3761 ¹

305 3849 366 3885 auri.
384 3837 417 3892 ii,
436 3831 479 3893 ti,
498 3852 557 3887 cum
571 3839 720 3902 exemplum
740 3839 851 3890 referret
863 3841 999 3896 maiorum,
1019 3841 1062 3901 qui
1077 3840 1114 3890 M.
1126 3839 1256 3903 Lepidum
1269 3837 1413 3888 Ptolemaei
1424 3836 1504 3887 liberis

303 3905 417 3954 tutorem
427 3907 452 3954 iu
464 3905 615 3974 Aegyptum
626 3909 771 3968 misissent,
787 3911 899 3971 eiusque
908 3911 1008 3958 tutelae
1018 3913 1215 3960 monumentum
1225 3922 1288 3959 esse
1299 3909 1432 3958 denarium
1440 3908 1503 3956 iilum

304 3989 364 4022 eum
383 3975 502 4024 mullebri
522 3979 617 4041 capite,
635 3981 789 4042 inscriptum
807 3974 1067 4031 ALEXANDREA
1092 3983 1118 4032 et
1135 3982 1162 4031 in
1181 3995 1281 4032 auersa
1302 3981 1380 4044 parte
1397 3975 1434 4031 M.
1450 3973 1504 4027 nii·

304 4039 423 4097 PiDVs.
441 4043 547 4096 PONP.
565 4043 655 4099 ΜΔΧ.
676 4047 808 4102 PVTOR.
826 4047 911 4102 ΗΕΘ.
929 4048 956 4102 S.
975 4046 1013 4104 C..
1039 4053 1114 4100 cuius
1137 4052 1216 4102 iidem
1243 4050 1338 4100 iniuria
1354 4047 1505 4118 impugnanti

306 4115 466 4168 Perizonius.
513 4117 619 4182 ltaque,
650 4135 708 4170 eum
733 4121 903 4171 Ptolemaeus
926 4121 1081 4186 Epiphanes
1104 4123 1173 4173 diem
1199 4122 1293 4171 obierit
1316 4134 1462 4184 supremum
1482 4133 1503 4165 a.

305 4180 367 4245 iit,
386 4201 411 4237 u.
429 4201 454 4237 n.
473 4201 495 4238 e.
521 4189 644 4239 Valerius
668 4192 693 4240 ln
719 4206 751 4241 eo
774 4196 846 4242 certe
869 4207 963 4255 parurn
987 4195 1128 4243 accuratus
1153 4195 1206 4251 est,
1232 4193 1301 4257 quod
1325 4191 1448 4255 Lepidum
1467 4191 1502 4238 his

306 4259 361 4308 iam
379 4260 515 4310 consulem
534 4273 566 4310 eo
585 4271 703 4324 tempore
723 4262 791 4312 iecit
832 4262 902 4313 Nem
919 4263 1031 4315 alterum
1054 4264 1220 4313 consulatum
1238 4264 1317 4312 sexto
1329 4263 1431 4311 demum
1443 4275 1502 4309 auno

307 4331 369 4394 post
385 4327 530 4394 Epiphania
550 4333 661 4382 mortem
679 4333 798 4382 obtinuit.

379 4413 414 4449 es
430 4404 542 4452 tutorum
559 4400 704 4459 muimtute)
721 4403 779 4453 Nou
797 4405 955 4472 negauerim
968 4406 1116 4456 sententiae
1127 4405 1217 4473 magis
1236 4401 1434 4454 accomodatum
1449 4415 1503 4453 esse

307 4470 471 4538 singularem
491 4487 644 4533 numerum,
670 4473 776 4532 iuterim
799 4489 879 4537 quem
901 4479 1036 4540 receptum
1060 4477 1137 4526 uideo
1160 4479 1187 4526 in
1210 4476 1329 4543 uolgatis
1352 4474 1502 4526 editionibus.

307 4537 361 4590 Sed
381 4555 439 4590 eum
458 4544 634 4610 archetypum
650 4545 806 4596 exhibuisse
824 4550 956 4610 appareat
973 4551 1099 4605 talorum,
1118 4545 1227 4611 flerique
1244 4546 1333 4610 possit
1350 4547 1379 4595 ut
1396 4545 1503 4597 valuim

308 4601 467 4671 pluratiunm
484 4627 622 4666 numerum
640 4617 755 4666 omnium
774 4617 952 4670 Romanorum
969 4621 1093 4683 respectu
1116 4619 1247 4682 posuerit,
1273 4618 1308 4678 ah
1331 4617 1401 4666 iiiios
1419 4616 1504 4666 coticis

308 4678 460 4731 testimonio
477 4684 577 4736 discedi
594 4699 647 4736 non
664 4685 743 4739 licuit.
