3409 5400
274 493 339 562 458
361 492 420 557 DE
434 493 618 562 PARENT.
632 492 929 576 timeamus.
943 491 1067 562 roni.
1081 492 1202 562 ANIM.
1217 492 1466 559 TVLERVNT.

277 655 409 720 Catonis
433 657 467 720 in
490 656 659 720 consulatu
685 655 823 741 collega,
848 655 948 720 tilium
972 679 1121 722 sunrmae
1144 658 1272 742 pietatis
1296 667 1327 720 et
1348 677 1496 742 magnae

275 763 347 846 spei
371 773 411 836 et,
430 773 519 848 'quae
544 785 607 826 non
625 785 729 848 parua
745 762 941 827 calamitatis
960 764 1111 827 accessio
1126 765 1196 837 fuit,
1219 765 1349 827 unicum
1374 764 1496 835 amisit,

275 889 414 954 cumque
437 891 474 933 se
498 869 587 933 obitu
611 874 680 934 eins
705 870 875 934 subrutum
898 882 929 932 et
952 891 1103 934 euersam
1127 869 1262 944 uideret,
1285 872 1331 933 ita
1347 869 1494 933 dolorem

275 975 443 1039 altitudine
468 976 595 1040 consilii
624 979 783 1050 coercuit,
813 987 847 1040 ut
874 999 896 1040 a
922 999 1005 1064 rogo
1032 978 1162 1041 iuuenis
1190 977 1338 1061 protinus
1369 977 1495 1039 curiam

275 1093 397 1167 peteret
420 1093 649 1168 senatumque,
678 1069 774 1170 quem
805 1107 843 1146 eo
874 1084 926 1148 dic
957 1082 1032 1170 lego
1062 1082 1185 1146 habere
1209 1082 1392 1168 oportebat,
1416 1095 1522 1146 con-³

276 1198 417 1254 uocaret.
470 1186 654 1266 Quodnisi
682 1191 803 1254 fortiter
830 1211 1014 1254 maerorem
1036 1191 1122 1254 i'erre
1146 1191 1281 1263 scisset,
1310 1190 1407 1254 unius
1431 1187 1494 1250 diei

276 1293 382 1358 lucem
404 1295 487 1356 inter
510 1295 737 1360 calamitosum
764 1309 891 1382 patrem
920 1309 952 1360 et
981 1308 1148 1360 strenuam
1180 1295 1349 1360 consulem
1380 1304 1495 1359 neutra

276 1401 311 1466 in
332 1409 425 1486 parte
448 1413 578 1466 cessato
601 1403 710 1465 oilieio
736 1404 844 1488 partiri
866 1425 934 1467 non
956 1405 1126 1488 potuisset.

143 1503 215 1573 lixi.
237 1507 265 1570 1.
366 1507 523 1594 Princeps
547 1507 796 1574 Atheniensium
821 1508 982 1584 Pericles,
1009 1511 1095 1573 intra
1123 1507 1342 1594 quadriduum
1364 1507 1494 1571 duobus

279 1665 301 1720 1.
321 1669 347 1718 et
366 1669 491 1736 magnae]
512 1671 538 1718 et
551 1683 599 1719 om.
619 1665 734 1722 CEFl'.
754 1685 923 1737 magnaeque
936 1667 972 1721 D.
987 1667 999 1734 11
1013 1665 1039 1721 3.
1059 1671 1116 1720 eins
1134 1670 1204 1718 obitu
1224 1666 1252 1720 F.
1264 1666 1278 1734 ΙΙ
1291 1666 1315 1721 i.
1330 1668 1467 1718 altitudine
1482 1695 1496 1720 a

276 1737 308 1790 A.
323 1737 334 1806 ΙΙ
349 1757 366 1789 a
385 1740 464 1806 rogo]
485 1754 552 1806 agro
572 1737 599 1790 0.
613 1739 626 1804 ΙΙ
637 1737 662 1790 5.
681 1741 770 1808 legem
789 1744 891 1791 haltere
909 1739 945 1792 D.
964 1742 1019 1809 legi
1038 1744 1065 1790 et
1086 1741 1180 1790 trultori
1199 1739 1230 1792 Γ.
1242 1740 1256 1807 Η
1267 1743 1393 1790 enecaret
1410 1736 1495 1790 Aci>

175 1856 177 1864 .
276 1809 440 1862 errrore.
465 1807 499 1860 Vt
515 1825 562 1859 nos
580 1809 668 1874 Pani!
683 1807 707 1862 6.
728 1812 814 1878 Quod]
834 1828 913 1878 quem
931 1815 1000 1877 qnod
1019 1809 1050 1864 F.
1062 1811 1076 1880 ΙΙ
1089 1811 1200 1877 fortiter]
1214 1815 1278 1878 post
1290 1826 1439 1862 maerorem
1457 1807 1495 1861 Ε.

287 1877 301 1946 ΙΙ
313 1895 456 1930 memorem
473 1893 516 1946 pr.
535 1877 565 1930 A.
591 1895 720 1930 merorem
746 1880 865 1934 carad.
885 1879 941 1950 118.
961 1886 1071 1933 cassato
1089 1877 1389 1952 Ε.116.ῳιιιίτίι1ιιυω
1406 1877 1498 1932 DFP

278 1957 303 2002 et
320 1965 389 2002 corr.
407 1948 440 2008 Δ,
462 1947 538 2004 aare.
562 1947 595 2002 Vt
612 1964 660 2001 uos
679 1949 799 2006 carae.
819 1959 844 2004 et
856 1968 902 2021 pr.
920 1951 954 2004 Δ.

277 2093 335 2144 lnlii
348 2093 450 2143 Paridis
461 2095 625 2145 auctoritate.
655 2095 747 2157 Neque
762 2112 886 2158 nmquam
900 2099 1033 2155 Valerius,
1044 2099 1070 2145 nt
1080 2098 1152 2147 reete
1164 2097 1320 2147 obseruauit
1331 2096 1493 2152 Perizonius,

278 2180 312 2216 ea
330 2165 511 2228 appellatione
530 2166 652 2216 homines
671 2167 789 2216 distinxit
811 2170 863 2217 nisi
887 2170 965 2218 ualde
988 2170 1105 2218 illustres
1129 2169 1307 2228 omnibusque
1330 2166 1493 2222 notissimos,

277 2240 305 2286 nt
323 2235 461 2300 Scipiones
481 2236 621 2286 Africanos
641 2239 667 2286 cl
685 2240 809 2290 Calanae.
848 2241 916 2288 Nam
931 2241 955 2289 in
970 2240 1022 2294 Vll,
1036 2235 1062 2294 3.
1081 2242 1134 2289 eat.
1148 2237 1162 2288 1
1176 2242 1203 2289 et
1215 2236 1241 2296 8,
1260 2240 1330 2302 quod
1343 2237 1492 2300 exemplam

277 2309 335 2369 ipso
354 2321 421 2356 suae
440 2307 555 2369 opinioni
576 2308 673 2356 obiecit
692 2310 860 2365 Perizonius,
885 2311 1049 2373 snpieriorcm
1075 2313 1102 2358 et
1125 2310 1298 2372 posteriorem
1319 2309 1493 2356 llanoibalem

276 2380 312 2428 ibi
332 2380 426 2428 eodem
446 2379 524 2427 modo
543 2379 668 2445 distingui
689 2382 847 2436 arbitratus,
871 2381 976 2430 etiamsi
1000 2381 1114 2430 dubitari
1138 2383 1227 2444 potest
1244 2381 1279 2428 de
1297 2380 1444 2441 scriptura,
1467 2378 1494 2426 id

277 2451 365 2499 tamen
385 2449 561 2498 certissimum
582 2455 632 2504 cst,
654 2451 786 2500 Valerium
806 2455 916 2516 utroque
938 2453 1060 2514 exemplo
1081 2454 1114 2501 do
1137 2452 1231 2502 eodem
1251 2451 1400 2499 llannilude
1425 2450 1494 2516 cogi-

277 2527 353 2569 tasse
377 2523 458 2580 atqne
482 2522 550 2568 adeo
575 2521 636 2569 illud
663 2522 805 2571 discrimen
828 2537 881 2571 non
906 2522 1013 2573 iecisse.
1064 2524 1230 2586 Quapropter
1257 2534 1416 2584 persuasum
1447 2521 1494 2568 ha-

278 2595 329 2640 beo
353 2593 487 2639 auctorem
518 2591 569 2638 hoc
600 2592 658 2640 loeo
681 2592 834 2642 contudisse
864 2608 943 2642 annm
968 2595 1096 2644 Catonem
1125 2593 1275 2642 censorium
1299 2605 1359 2640 com
1388 2594 1494 2654 nepote,

278 2662 501 2724 ‹premadmndnm
521 2661 569 2719 ill,
594 2656 624 2722 2,
653 2659 684 2715 16
708 2665 819 2715 eundem
844 2665 994 2715 censorium
1020 2680 1077 2715 eum
1103 2665 1156 2715 nno
1178 2664 1235 2714 eius
1255 2663 1419 2713 contuderat.
1455 2663 1496 2711 lta

278 2748 337 2781 cum
351 2732 372 2780 T
375 2732 478 2781 orrcnio
497 2746 601 2797 quoquo
615 2734 754 2793 uideretur,
774 2736 868 2784 iniuria
881 2736 1040 2803 Pighianam
1055 2737 1265 2785 emendationem
1280 2736 1366 2783 denuo
1380 2734 1496 2783 defendit

279 2803 407 2864 Kappius.
445 2803 498 2851 lios
518 2803 638 2853 nitnirum
661 2807 742 2854 mullo
767 2806 853 2855 minus
877 2809 975 2869 probo,
1001 2809 1043 2872 qui
1067 2808 1130 2856 illud
1153 2803 1300 2873 superioris
1322 2807 1458 2871 tamquam
1478 2820 1495 2853 a

278 2874 431 2941 glossatore
444 2872 587 2935 ascriptum
602 2877 706 2925 omnino
720 2876 860 2926 delendum
874 2890 937 2927 esee
950 2880 1131 2933 decreuerunt,
1145 2892 1204 2927 cnm
1218 2876 1375 2940 praesertim
1390 2890 1494 2925 omnem

279 2942 488 3005 interpolationis
513 2943 766 2996 uerisimilitudinem
792 2949 915 2997 excludat
939 2949 1063 2999 librorum
1088 2954 1240 2998 nostrorum
1264 2952 1292 2997 et
1309 2947 1413 2995 Paridis
1435 2962 1496 2995 eon·

278 3026 385 3067 66116118.

350 3090 515 3145 conuocarel)
541 3088 642 3137 Omnes
668 3088 725 3137 libri
750 3091 777 3138 et
800 3092 971 3151 manuscripti
996 3095 1023 3139 et
1044 3089 1170 3154 impressi
1195 3095 1322 3141 euocaret.
1368 3088 1495 3138 Senatum

278 3174 340 3207 num
364 3170 489 3219 umquam
515 3159 622 3207 enecari
646 3160 757 3209 dixerint
781 3166 886 3210 ueteres
912 3163 992 3211 araldo
1014 3162 1112 3210 dubito.
1158 3160 1234 3210 Aliud
1253 3164 1325 3209 ccrtc
1344 3159 1495 3221 exemplum

278 3244 331 3278 rton
350 3228 447 3278 inueni.
485 3232 651 3293 Quapropter
670 3232 793 3280 usitatum
814 3233 977 3281 conuocandi
988 3234 1097 3282 uerbum
1108 3232 1168 3280 lrnic
1187 3246 1292 3295 qnoque
1312 3230 1370 3279 loco
1386 3231 1496 3279 redden·

279 3301 340 3348 dnm
361 3303 412 3355 est,
433 3300 500 3362 qnod
521 3300 546 3348 et
565 3301 690 3350 facillime
709 3302 751 3355 tn,
778 3304 839 3366 qnia
865 3306 1015 3371 peruagato
1040 3317 1130 3352 errore
1154 3302 1317 3367 praepositio
1335 3314 1399 3354 cett,
1425 3315 1495 3363 qrrae

278 3372 366 3421 littera
383 3362 400 3419 d
418 3372 567 3427 notabatur,
587 3372 753 3422 contunditur
771 3388 830 3422 cnm
850 3374 937 3423 littera
956 3389 969 3424 e
988 3375 1032 3435 (ct
1047 3374 1115 3429 vni,
1132 3371 1153 3429 l,
1171 3368 1246 3423 dubi
1264 3370 1382 3421 correxit
1398 3372 1496 3439 iegitur

278 3458 326 3505 pro
346 3438 436 3492 creuit.
474 3442 598 3505 Nipperd.
618 3444 651 3491 ud
672 3444 749 3493 Caes.
768 3446 793 3493 b.
813 3444 863 3494 eiu.
883 3444 908 3501 l,
927 3441 958 3500 2.
984 3440 1044 3508 3p.
1067 3440 1151 3508 126).
1175 3458 1225 3493 nee
1244 3442 1308 3493 'sine
1330 3444 1497 3510 grauissima

278 3513 444 3570 anctoritate,
465 3515 587 3576 quioniam
608 3515 632 3563 id
652 3514 747 3577 ipsum,
766 3516 839 3580 'qnod
860 3528 910 3563 nos
928 3517 1079 3579 ponendum
1105 3528 1169 3565 csse
1194 3513 1322 3571 diximus,
1346 3515 1373 3562 in
1392 3514 1496 3563 Paridis

278 3583 434 3647 compendio
452 3586 532 3635 extat.
1209 3617 1212 3624 »

348 3658 442 3705 amru
459 3652 580 3720 luparie
598 3659 698 3707 cessato
717 3653 816 3722 afficio)
839 3656 962 3706 Valerius
981 3657 1132 3707 duriuscule
1156 3658 1194 3705 ita
1217 3655 1368 3717 composuit
1386 3671 1435 3718 pro
1454 3671 1495 3709 eo,

279 3727 346 3789 qnod
366 3726 472 3788 proprie
492 3727 630 3776 dicendum
650 3728 708 3775 orat
725 3724 838 3790 neplecto
858 3729 901 3776 uei
919 3727 1013 3779 arndeo
1035 3726 1133 3793 officio.
1176 3726 1319 3775 Manifesta
1344 3726 1415 3775 enim
1438 3742 1497 3775 ces·

279 3796 357 3845 sandi
376 3796 457 3845 uerbo
474 3796 640 3845 transitinam
660 3797 712 3845 uim
730 3798 828 3851 tribuit,
849 3800 926 3861 qnasi
945 3801 1032 3849 aetina
1051 3800 1180 3849 diceretur
1198 3810 1270 3847 cesso
1288 3793 1413 3862 officium,
1432 3812 1493 3859 poe·

278 3868 364 3914 taram
383 3865 436 3913 sibi
455 3866 592 3915 uindicanti
611 3867 753 3922 licentiam,
776 3869 871 3931 quibus
889 3870 955 3917 talia
973 3872 1049 3919 crant
1067 3882 1206 3921 concesstu
1234 3869 1272 3919 Cf.
1298 3868 1361 3918 llor.
1386 3882 1448 3930 epp.
1475 3868 1495 3924 l,

278 3930 304 3989 ’2.
323 3930 367 3990 31,
387 3939 513 3985 erasmum
532 3932 627 3985 ducere
643 3950 772 3991 semaam,
798 3938 842 3985 nbi
858 3936 996 3989 Bentleins
1014 3942 1122 4003 praeter
1143 3940 1335 3989 necessitatem
1353 3942 1496 3988 cassandas

280 4004 421 4069 legendam
441 4018 504 4053 esse
523 4006 641 4056 coniecit.
673 4008 748 4057 Ouid.
768 4007 815 4055 1111
841 4008 901 4058 fast.
920 4006 971 4060 611
992 4011 1100 4061 artemis
1121 4008 1150 4060 itt
1167 4008 1250 4060 araia
1269 4011 1304 4061 id.
1329 4013 1437 4059 metam.
1461 4010 1495 4065 X,

279 4070 331 4123 666
350 4078 377 4123 et
394 4074 441 4125 Sil.
461 4076 518 4126 ital.
539 4076 568 4131 V,
588 4072 641 4127 53⁸).
660 4082 761 4127 cessato
779 4082 904 4144 tempora.
941 4080 985 4130 Sic
1004 4083 1084 4149 Verg.
1103 4081 1137 4130 ill
1162 4096 1248 4148 georg
1268 4073 1303 4129 33
1321 4076 1497 4146 triumphatus

276 4148 365 4210 pentes
383 4152 409 4193 et
429 4145 491 4194 lior.
510 4162 590 4198 carm.
604 4147 648 4203 lll,
668 4142 702 4199 43
715 4145 881 4215 triumphatis
891 4148 981 4201 Medis
993 4155 1121 4207 dixerunt,
1140 4154 1174 4201 de
1193 4152 1288 4216 quibus
1306 4152 1497 4214 triumphatam

279 4218 335 4273 cst,
360 4217 428 4281 qaod
454 4216 552 4266 l’linius
572 4233 677 4281 quoqne
702 4220 727 4269 in
746 4220 767 4269 V
788 4222 813 4270 tr.
835 4236 861 4274 n.
880 4218 906 4279 5,
926 4220 975 4288 (ᾗ.)
993 4218 1029 4275 36
1047 4224 1098 4271 sibi
1117 4224 1233 4278 indulsit,
1260 4224 1286 4272 ct
1305 4222 1428 4271 Ouidio
1447 4222 1497 4272 llll

280 4288 341 4337 tirsi.
365 4282 411 4337 itii
432 4284 541 4352 uipt'iala
560 4292 641 4339 aucte.
684 4292 785 4349 Quibus
804 4295 927 4343 omnibns
946 4296 1008 4344 illud
1033 4294 1190 4343 insolentius
1214 4296 1265 4347 cst,
1290 4294 1359 4357 quod
1380 4293 1415 4351 V,
1433 4288 1496 4343 8.4

278 4362 392 4422 patrem,
411 4374 428 4406 a
448 4374 498 4423 qno
518 4360 586 4409 tilius
606 4361 789 4427 degenerauit,
809 4364 1000 4431 degeneratum
1019 4370 1122 4429 patrem
1142 4364 1295 4428 appellauit.
1332 4364 1426 4424 ltaque
1444 4379 1497 4413 noa

278 4429 369 4497 magis
393 4430 525 4497 Pigniaoa
548 4431 713 4490 coniectura,
743 4434 794 4485 hoe
820 4435 878 4487 loeo
904 4441 1044 4488 cessantem
1067 4436 1212 4503 legendnm
1237 4448 1313 4493 esse,
1338 4436 1499 4485 necessaria

279 4514 359 4565 quam
378 4500 488 4551 Bentleii
506 4502 551 4551 illa
569 4502 604 4551 ad
623 4504 685 4555 lior.
704 4518 764 4568 epp.
784 4507 800 4555 l.
819 4521 841 4556 c.

348 4571 408 4622 art.
430 4570 451 4623 1.
471 4572 510 4622 Gi.
529 4574 596 4624 Plut.
616 4574 709 4627 Porioi.
727 4570 770 4627 36.
790 4576 848 4626 Ael.
867 4594 892 4628 u.
911 4580 938 4630 h.
957 4578 1003 4633 lx.
1023 4575 1048 4630 ti.

348 4638 534 4707 quadriduum)
558 4644 599 4693 lla
616 4646 707 4708 optimi
726 4648 821 4711 quique
840 4651 961 4708 codices,
981 4651 1077 4715 quibus
1096 4650 1199 4699 accedit
1216 4648 1321 4698 Paridis
1339 4649 1426 4697 codex
1445 4649 1497 4697 Va·

279 4712 392 4763 tieaaas.
433 4712 597 4777 Scriptorum
621 4718 675 4765 tarn
697 4716 837 4785 insigniter
856 4722 1038 4775 confirmatam
1062 4722 1184 4787 equidem
1202 4723 1307 4771 mutare
1323 4719 1412 4779 nolui,
1436 4735 1498 4770 cum
