3409 5400
563 548 645 617 LlB.
668 548 727 627 Vl,
750 551 787 615 Ο.
810 550 843 628 2,
866 558 897 627 ς.
921 551 1028 617 5-8.
1340 548 1407 632 475

181 708 325 775 Pulsata
352 722 428 775 tune
458 722 509 777 est
536 714 645 782 eximii
674 714 755 777 ciuis
787 714 930 799 potentia
957 710 1034 775 hine
1063 712 1229 778 inuidiosa
1252 713 1406 799 querella,

181 818 264 883 lrine
287 818 518 885 lamentatione
541 819 730 885 miserabili.

278 928 337 989 Oui
366 926 507 991 candida
536 928 639 991 i'aseia
668 948 743 991 erus
772 926 939 1013 alligatum
967 927 1099 991 habenti
1128 927 1295 993 Fauonius
1322 926 1448 995 ‘Noni

77 1118 83 1127 Ι
181 1033 304 1109 refert,
328 1034 441 1119 inquit.
466 1036 597 1122 ‘quain
624 1046 714 1120 parte
738 1035 780 1098 sit
803 1036 950 1119 corporis
974 1035 1147 1109 diadema,
1175 1036 1284 1122 exigui
1305 1033 1408 1120 panni

149 1138 393 1203 soauillatione
416 1142 526 1228 regias
551 1143 580 1205 ci
606 1143 692 1205 uires
717 1142 929 1226 exprobrans.
980 1143 1024 1207 At
1051 1144 1080 1209 is
1110 1154 1225 1207 neutra
1252 1144 1288 1206 in
1315 1150 1407 1226 parte

181 1256 309 1309 mutato
334 1247 422 1311 uultu
445 1261 615 1336 utrumque
644 1250 745 1323 cauit,
776 1268 816 1312 ne
845 1260 903 1312 aut
930 1248 1024 1314 hilari
1052 1252 1157 1314 fronte
1186 1250 1322 1315 libenter
1349 1246 1407 1313 ad·

182 1374 348 1439 gnoscere
376 1357 552 1439 potentiam
578 1396 596 1430 a
618 1398 636 1432 .
658 1394 676 1431 4
708 1356 849 1442 protiteri
878 1356 1050 1423 uideretur.
1107 1357 1223 1443 linque
1250 1357 1407 1445 patientia

181 1461 349 1526 inferioris
373 1464 469 1527 eiiam
494 1464 626 1549 generis
654 1473 687 1525 et
708 1463 858 1528 fortunae
887 1464 1073 1531 hominibus
1097 1462 1220 1529 aditum
1243 1462 1405 1531 aduersus

181 1588 221 1631 se
247 1566 344 1635 dedit.
390 1569 418 1632 n
442 1590 579 1655 quorum
603 1570 697 1635 turba
720 1571 803 1635 duos
826 1572 978 1636 retulisse
1002 1571 1131 1636 abunde
1154 1574 1223 1639 erit.

73 1728 74 1733 ,
142 1700 172 1744 ro
276 1674 411 1741 Heluius
428 1676 560 1742 Mancia
575 1677 780 1753 Formianus.
803 1678 943 1746 libertini
960 1680 1054 1755 filius,
1066 1680 1202 1745 ultimae
1219 1676 1447 1752 senectutis‚8.

688 1805 902 1819 m

186 1851 211 1908 1.
232 1856 273 1905 est
292 1858 354 1905 tanc
374 1853 450 1909 Torr.
462 1854 475 1923 ΙΙ
487 1854 512 1911 3.
532 1858 557 1922 S.
578 1856 602 1909 7.
621 1874 670 1912 om.
690 1856 720 1913 Γ.
739 1858 752 1925 ΙΙ
768 1856 794 1911 l.
815 1863 935 1925 corporis
959 1862 996 1911 sit
1015 1857 1092 1913 Torr.
1108 1857 1123 1927 ΙΙ
1140 1857 1166 1913 5.
1191 1862 1242 1911 ei·
1261 1860 1333 1910 uires
1350 1854 1408 1917 (aed

183 1924 289 1975 litterae
308 1927 333 1975 ot
353 1923 381 1977 ia
398 1934 507 1984 rasura)
523 1928 554 1980 A.
579 1932 636 1980 eins
655 1946 700 1981 res
721 1928 811 1983 CDE
816 1929 846 1982 1¹¹.
873 1928 907 1984 Vt
927 1946 975 1983 aas
993 1930 1055 1983 Par.
1075 1930 1087 1998 ΙΙ
1108 1934 1227 1982 neutram
1252 1932 1278 1979 in
1301 1931 1406 1994 partem

184 1994 299 2047 σοπίιοίί
314 1996 476 2052 Perizonius.
501 1996 560 2053 Vid.
580 1998 617 2052 ad
639 1998 669 2059 V.
689 2000 714 2059 4.
734 2007 783 2055 eat.
803 1998 828 2056 6.
841 1999 856 2071 ΙΙ
870 2001 895 2055 6.
914 2002 996 2070 catrit]
1020 2004 1112 2053 uitauit
1128 1999 1161 2052 B.
1173 2002 1188 2069 ΙΙ
1203 2003 1263 2052 ilari
1280 1998 1312 2052 A.
1329 2002 1343 2067 ΙΙ
1359 2002 1406 2050 ad·

184 2082 351 2137 cognoscere
369 2064 430 2123 AO.
445 2070 457 2133 ΙΙ
472 2070 496 2121 l.
515 2073 672 2139 polentiam!
693 2077 738 2123 aut
756 2076 905 2137 potenciam
924 2072 960 2126 E.
979 2071 1042 2128 add.
1067 2076 1113 2125 srrt
1131 2074 1198 2123 tristi
1217 2076 1283 2123 iram
1307 2066 1367 2122 DF
1381 2074 1408 2122 et

184 2152 277 2204 mama
294 2136 327 2195 A.
348 2138 425 2194 Torr.
444 2139 481 2193 Et
497 2141 537 2193 rie
555 2142 633 2195 etiam
651 2140 741 2196 loaan.
758 2143 818 2199 Sar.
831 2143 929 2197 Polier.
951 2141 1017 2198 Vll.
1036 2142 1072 2196 26
1090 2160 1118 2211 p.
1135 2142 1197 2196 518.
1211 2142 1223 2209 11
1240 2141 1280 2196 m.
1300 2144 1406 2194 heinins

184 2208 220 2262 Ε.
240 2210 308 2261 etius
320 2208 352 2265 F.
366 2213 453 2263 helias
466 2210 497 2263 Γ.
508 2212 522 2281 ΙΙ
535 2217 658 2265 mancine
670 2212 701 2267 Γ.
722 2213 764 2283 Os.
779 2214 834 2268 Cic.
854 2213 887 2267 de
898 2229 938 2268 or.
951 2213 988 2272 ll.
1008 2212 1054 2270 66,
1073 2212 1136 2267 266.
1155 2213 1242 2274 Quint.
1260 2210 1306 2268 Vl.
1320 2210 1347 2267 ³,
1361 2210 1406 2265 38.

258 2366 282 2422 t.
304 2371 341 2422 cr.
361 2370 446 2421 amm.
464 2372 549 2424 aare.
567 2374 649 2433 nvn,
670 2371 712 2433 11,
730 2364 747 2427 i

256 2439 367 2493 libenter
385 2440 554 2509 capuanae)
580 2444 645 2495 lieni
665 2448 772 2498 codices
791 2445 982 2514 adcopaoscere
1003 2448 1117 2500 tradunt.
1159 2448 1239 2497 Calas
1258 2448 1332 2497 uerbi
1351 2447 1406 2497 alia

185 2514 311 2578 exemplu
328 2518 436 2578 praeter
454 2530 495 2572 err.
514 2531 585 2579 quim
603 2518 628 2567 in
647 2518 794 2569 iorceilinii
813 2520 898 2569 lexico
917 2520 1038 2577 citantur.
1057 2519 1179 2570 Senecae
1191 2520 1224 2567 dc
1238 2521 1297 2569 ben.
1316 2518 1348 2575 il.
1364 2512 1404 2569 13.

185 2584 256 2637 l’etr.
274 2586 357 2655 Arbit.
377 2588 429 2638 sat.
448 2582 490 2637 be.
509 2586 618 2639 'redarii
637 2591 671 2639 ud
691 2606 766 2643 uxor.
785 2591 816 2650 11,
836 2588 861 2641 6.
880 2592 965 2642 eiusd.
984 2591 1138 2642 admbiare.
1151 2590 1208 2648 1111.
1226 2586 1270 2646 ab.
1288 2589 1405 2639 nondum

185 2657 282 2710 inueni.
318 2655 372 2708 Sed
397 2658 422 2708 in
446 2658 489 2708 bis
514 2661 583 2723 apud
603 2658 734 2712 Senecam
760 2664 858 2713 ncocst
881 2663 986 2726 quidem
1006 2658 1197 2728 adcapaoacerc
1219 2662 1246 2712 in
1269 2660 1405 2712 codicibus

186 2729 387 2792 rnrinuscriptis.
418 2745 485 2791 quos
510 2731 647 2783 l‘ickcrtus
673 2747 813 2799 umescere
837 2736 964 2785 exhibere
988 2735 1071 2786 rciert
1094 2737 1200 2798 praeter
1225 2734 1404 2782 Nazarienum

186 2800 303 2856 Grateri.
327 2801 354 2850 ln
379 2815 430 2866 quo
449 2798 625 2868 adapaoscere
649 2805 755 2872 legitur.
790 2806 852 2869 ipsc
871 2806 1009 2856 Fickertus
1033 2802 1192 2872 adpooccere
1212 2804 1327 2867 scripsit.
1364 2804 1405 2853 De

185 2870 347 2921 Tertulliano
366 2874 575 2924 controuersiam
594 2891 647 2926 non
666 2876 772 2926 luciam.
810 2878 895 2928 Valde
920 2877 1010 2926 dubito
1033 2879 1067 2927 de
1091 2877 1223 2927 Petronio.
1260 2875 1404 2934 Valeriam,

186 2958 244 2992 cum
264 2943 362 2992 totiens
380 2947 547 3012 agnoscendi
567 2949 648 2998 uerbo
668 2961 733 2998 usus
753 2949 796 3000 sit.
816 2950 876 2998 saio
894 2949 946 3001 lroc
959 2950 1017 3000 ioco
1030 2949 1170 3012 solumque
1188 2948 1256 2998 inter
1274 2947 1403 3008 aequales

186 3014 329 3077 scriptores
347 3011 537 3080 adcapnorcere
555 3020 679 3081 posuisse
691 3035 744 3071 non
763 3021 826 3069 mibi
839 3021 1023 3084 persuadetur.
1059 3019 1189 3084 Suspicor
1207 3021 1297 3069 utitem
1315 3032 1404 3068 emea-

186 3085 319 3136 dationem
338 3085 437 3137 librarii
462 3089 614 3146 cuiusdam,
634 3091 693 3152 qui.
718 3105 777 3140 cum
800 3092 826 3140 in
849 3093 973 3156 exemplo
991 3092 1107 3156 quodam
1126 3092 1232 3140 uetusto
1250 3103 1406 3154 copwscerc

187 3170 327 3220 perperam
361 3157 449 3206 eilerri
480 3159 716 3220 animaduerteret.
757 3164 982 3226 suprascripscrit
1005 3163 1231 3227 praepositionem
1258 3157 1310 3214 ad.
1344 3174 1405 3210 curn

187 3227 317 3290 scriptura
335 3227 382 3276 iiia
401 3228 498 3278 uitiosa
516 3231 550 3279 ad
571 3247 650 3281 unum
669 3233 805 3283 coaluisse
824 3234 993 3286 uocabulum.

252 3295 397 3362 potentiam
417 3323 485 3350 n·
499 3299 632 3366 profiteri)
659 3303 806 3368 rlrclrelypi
824 3306 923 3354 codicis
943 3305 1051 3362 lacuna,
1076 3321 1155 3369 quarn
1179 3317 1263 3366 supra
1280 3302 1403 3356 indicaui.

187 3367 212 3418 in
232 3369 349 3436 uolgatis
368 3369 526 3418 editionibus
546 3373 666 3436 expictur
683 3375 791 3424 insertis
816 3378 879 3438 post
897 3374 1043 3441 potentiam
1066 3376 1155 3424 uerbis
1173 3378 1220 3424 ast
1236 3369 1309 3422 trieri
1325 3369 1403 3421 iram.

187 3439 270 3488 Sileni
289 3440 522 3504 grammaticorum
541 3447 723 3494 commentarii
748 3447 781 3494 tle
806 3447 937 3495 uarietate
960 3450 1008 3494 aut
1029 3446 1133 3494 deiecta
1156 3445 1320 3506 scripturae.
1343 3457 1403 3490 cum

188 3515 273 3558 tamen
293 3511 319 3557 in
338 3509 444 3572 optimis
464 3513 612 3577 quibusque
631 3515 707 3563 libris
726 3517 914 3578 manrrscriptis
932 3516 985 3564 tria
1003 3516 1050 3564 ilia
1065 3517 1148 3564 acrba
1160 3529 1213 3562 iton
1230 3513 1404 3575 reperiantur.

187 3581 309 3642 ascripta
327 3581 395 3630 enim
416 3585 477 3632 sirnt
495 3587 542 3633 ast
558 3581 630 3634 tristi
648 3581 716 3634 iram
740 3587 766 3634 iu
786 3588 908 3652 margine
926 3586 985 3635 iibri
1003 3586 1148 3635 ltorncnsis
1172 3585 1277 3633 eliade
1295 3586 1406 3646 recepta

188 3653 212 3702 iu
230 3652 376 3701 ‹lateriores
396 3654 527 3714 quosdam
546 3656 661 3704 cortices.
704 3656 751 3704 nst
769 3663 860 3706 ttttietn
883 3659 978 3706 cadem
996 3669 1108 3719 prorsus
1127 3669 1217 3704 coram
1237 3657 1305 3704 cirtio
1324 3657 1404 3719 atque

189 3725 327 3774 uerborum
342 3728 489 3788 proruentes
507 3738 564 3782 ara.
589 3741 658 3791 quae
683 3727 708 3776 in
729 3726 805 3776 tertio
829 3727 908 3776 huius
927 3728 1021 3789 capitis
1041 3725 1164 3788 exemplo
1183 3725 1276 3782 reieci.
1298 3724 1326 3773 in
1343 3726 1404 3774 sota

188 3795 283 3844 librarii
303 3795 454 3844 coniectura
472 3796 591 3854 nitentia,
609 3797 661 3847 nisi
680 3799 750 3858 qam
769 3799 851 3854 lrocc.
878 3799 912 3847 ie
930 3799 1026 3860 quibas
1045 3797 1167 3865 agimus.
1191 3800 1218 3848 et
1235 3796 1403 3846 manifestias

189 3867 362 3916 coniecturam
386 3868 500 3930 produnt
524 3873 551 3918 et
575 3884 592 3918 a
615 3869 748 3920 sortientia
772 3869 861 3935 magis
889 3877 1018 3931 susspecta
1049 3871 1120 3918 sunt.
1165 3872 1303 3928 Quaenam
1332 3866 1402 3917 enirn

188 3937 316 4000 oppositio
341 3937 408 3986 iracc
432 3941 474 3987 est
498 3939 565 3990 inter
587 3935 698 3990 libenter·
721 3953 861 4005 apaoseere
879 3937 1023 4007 potentiam
1041 3942 1068 3988 ct
1093 3941 1160 3990 inter
1177 3937 1246 3988 iram
1260 3933 1405 4005 profiteri?

189 4011 230 4056 ruri
249 4009 365 4072 quinem,
384 4009 408 4057 si
427 4010 494 4060 bace
514 4010 551 4060 ita
563 4012 775 4077 pronuntiantur,
794 4013 934 4062 rrerbormn
953 4016 1001 4061 aat
1017 4007 1090 4062 tristi
1100 4008 1169 4061 aaa
1176 4007 1300 4077 prefiten'
1316 4024 1403 4060 uenus

189 4094 242 4128 ram
262 4079 323 4140 ipsu
340 4093 383 4136 re.
404 4095 483 4142 quam
503 4084 626 4144 exposuit
645 4085 755 4134 irrideri
783 4085 859 4133 Anne
884 4083 1010 4146 Pompeio
1032 4097 1080 4131 car
1103 4083 1139 4130 ab
1162 4083 1230 4132 irato
1255 4081 1328 4130 uoltu
1351 4082 1403 4131 sibi

189 4151 331 4198 errttemlnm
352 4151 457 4212 putaret
477 4153 531 4202 alia
549 4167 633 4203 cuasa
652 4169 714 4204 esse
734 4156 850 4204 debebat
868 4169 947 4218 quam
972 4154 1087 4216 simplex
1111 4153 1157 4202 itta
1177 4154 1244 4202 iram
1262 4153 1402 4216 profitendi

189 4221 363 4270 irereeundiat
392 4221 535 4272 Dicendum
554 4225 644 4284 utiqae
663 4242 715 4290 quo
734 4241 802 4274 nexu
822 4225 905 4274 tristis
923 4225 1012 4273 nultus
1030 4225 1111 4289 atque
1128 4224 1169 4275 ira
1181 4239 1214 4274 co
1226 4224 1330 4286 prodita
1342 4239 1401 4272 eum

188 4292 334 4358 regatila,
359 4306 428 4356 qnae
447 4295 658 4356 exprobrabatur
678 4297 811 4360 Pompeio.
830 4296 949 4358 potentia
972 4297 1139 4346 cohaereret.
1173 4295 1304 4345 Desidere
1321 4296 1404 4360 igitar

190 4364 253 4412 banc
272 4365 441 4422 sententiam,
460 4379 492 4414 ae
510 4370 556 4415 aut
572 4363 654 4416 illari
667 4364 761 4432 sroate
779 4363 889 4417 libenter
912 4363 1071 4431 &marcere
1089 4364 1235 4432 potentian
1262 4368 1308 4414 aut
1331 4361 1404 4414 tristi

189 4431 237 4484 iam
251 4431 374 4500 profiteri
392 4431 527 4486 uideretur
544 4438 596 4499 (sc.
616 4439 781 4500 potentiam).
817 4438 858 4486 ita
882 4439 988 4488 demum
1011 4440 1083 4488 recte
1102 4437 1244 4500 Pompeias
1264 4439 1403 4497 utrumqne

189 4505 291 4554 cauisse
311 4505 418 4564 dicitur,
441 4521 475 4556 ne
493 4507 539 4556 aui
558 4507 636 4557 hilari
656 4508 741 4558 ironic
760 4509 871 4559 libenter
889 4510 1016 4559 assentiri
1039 4509 1216 4558 tribuentibus
1240 4507 1292 4555 sibi
1310 4506 1402 4572 singu·

189 4577 266 4626 larem
286 4577 440 4639 potentiam,
460 4579 506 4626 ard
524 4578 591 4628 irato
611 4579 682 4628 uultu
702 4579 761 4642 ipse
780 4595 840 4630 eam
855 4582 973 4644 profiteri
991 4584 1019 4630 et
1037 4582 1094 4630 iere
1112 4581 1165 4628 iarn
1184 4591 1311 4627 exercere
1329 4578 1402 4627 uido-

190 4651 263 4700 rctar.
309 4647 396 4712 Atque
427 4648 452 4696 iri
481 4649 568 4712 ipsum
595 4650 728 4700 Valerium
757 4652 817 4700 oiim
846 4651 992 4714 scripsisse
1020 4651 1142 4712 equidem
1165 4648 1401 4713 persuasissimum

190 4721 280 4771 babeo.
317 4719 454 4769 Lacunam
474 4723 563 4770 atatem
583 4725 668 4770 ortam
687 4735 751 4772 esse
770 4723 859 4784 liquet,
878 4723 941 4788 quia
958 4722 1082 4772 librarius
1095 4719 1308 4769 atermiuatione
1327 4721 1401 4770 uocis

188 4787 323 4860 patentiora
343 4789 429 4860 ueloci
447 4792 525 4843 oculo
543 4792 634 4844 statim
654 4791 687 4844 ad
707 4794 817 4846 easdem
835 4794 939 4847 litteras
958 4793 985 4844 in
1004 4807 1070 4844 uoce
1088 4789 1141 4843 ian
1159 4789 1330 4844 transilierat.
