3409 5400
285 448 351 527 514
661 447 721 516 DE
743 444 844 515 FIDE
867 440 1129 520 SERVORVM.

285 615 433 683 uindicta
454 634 550 679 mens
574 612 645 677 cius
669 610 759 686 afuit,
782 618 818 673 ut
839 615 1077 694 postmortem
1099 600 1248 665 Aiiicani
1268 597 1538 663 manumissam

287 722 498 789 ancillamin
520 719 763 785 matrimonium
785 715 902 779 liberto
926 735 987 778 sue
1013 710 1113 779 daret.

245 833 276 901 2.
377 830 417 909 Q.
446 827 632 892 Lucretium
670 823 890 911 prescriptum
924 843 946 885 a
974 816 1152 883 triumuiris
1186 836 1267 879 uxor
1296 813 1398 877 Turia
1432 811 1536 875 inter

287 957 454 1013 eameram
477 944 508 997 ct
531 943 651 997 tectum
667 927 807 995 cubiculi
823 927 969 991 abditum
986 947 1052 988 una
1064 924 1200 987 conscia
1219 920 1374 986 ancillula
1397 919 1443 983 ab
1471 919 1533 981 in·

287 1046 430 1112 minente
460 1040 555 1105 exitio
585 1059 652 1101 non
683 1036 754 1101 sine
782 1054 909 1119 magno
936 1030 1080 1119 periculo
1116 1052 1176 1095 sue
1210 1039 1311 1093 tutum
1341 1025 1564 1112 praestitit-1

289 1148 513 1237 singularique
542 1144 663 1209 fideid
686 1144 823 1228 egitur,
855 1162 930 1206 curn
953 1139 1052 1201 ceteri
1073 1136 1247 1223 proscripti
1272 1136 1307 1234 in
1334 1132 1456 1197 alienis
1493 1143 1526 1191 et

287 1254 462 1321 hostilibus
490 1250 680 1339 regionibus
713 1270 773 1334 per
804 1268 952 1311 summos
981 1245 1129 1329 eorporis
1158 1254 1189 1305 et
1217 1242 1318 1309 animi
1346 1241 1526 1303 cruciatus

288 1366 344 1429 uix
367 1360 553 1435 euaderent,
575 1357 629 1422 ille
651 1357 685 1421 in
710 1352 858 1418 cubiculo
888 1364 920 1415 et
945 1353 980 1415 in
1009 1352 1161 1437 coniugis
1190 1351 1263 1413 sinu
1292 1347 1434 1411 salutem
1465 1368 1525 1410 re-

290 1472 414 1535 tinerct.

247 1578 281 1643 3.
380 1573 526 1660 Sulpicia
548 1580 672 1644 autem,
701 1588 775 1631 eum
804 1587 824 1627 a
852 1575 955 1628 matre
983 1561 1065 1627 Iulia
1095 1561 1344 1649 diligentissime
1367 1559 1563 1624 custodi-ro

289 1692 388 1759 retur,
411 1704 453 1745 ne
476 1678 650 1743 Lentulum
674 1672 946 1745 Cruscellionem,
973 1670 1080 1733 uirum
1109 1690 1223 1745 suum,
1251 1668 1473 1755 proscriptum
1489 1690 1526 1751 ⁴a

291 1788 469 1855 triumuiris
493 1786 528 1849 in
552 1784 698 1849 Siciliam
722 1788 991 1865 persequeretur,
1013 1775 1225 1840 nihilominus
1249 1774 1398 1857 famulari
1421 1785 1523 1835 ueste

293 1905 424 1980 sumpta
455 1912 528 1957 cum
557 1888 687 1955 duabus
703 1884 843 1950 ¹ancillis
873 1882 1070 1969 totidemque
1099 1883 1207 1947 seruis
1242 1880 1285 1945 ad
1321 1904 1396 1948 eum
1424 1878 1522 1942 clan-

293 2000 424 2065 destina
444 1997 527 2084 fuga
549 1996 712 2082 peruenit,
743 2016 804 2059 nee
834 1991 1002 2057 recusauit
1029 2011 1067 2054 sc
1094 1990 1202 2075 ipsam
1231 1987 1452 2085 proscribere,
1484 1997 1521 2047 ut

293 2108 325 2173 ei
347 2105 430 2199 firies
454 2105 570 2171 suain
593 2103 736 2189 coniuge
757 2100 943 2185 proscripto
967 2106 1142 2161 constaret.
1530 2116 1555 2159 rs

670 2755 730 2821 DIl
753 2753 853 2819 FIDE
876 2749 1136 2820 SERVORVM.

198 2957 286 3027 VIII,
385 2949 501 3014 Restat
527 2959 562 3013 ut
590 2970 761 3014 seruorum
796 2950 894 3014 etiam
928 2971 1010 3036 erga
1045 2949 1197 3013 dominos
1231 2969 1296 3033 que
1323 2947 1433 3011 minus
1461 2965 1515 3007 ex·

297 3063 460 3144 pectatam
481 3053 545 3118 hoe
568 3054 816 3120 laudabiliorem
840 3057 938 3122 fidem
960 3056 1153 3120 referamus.

299 3231 323 3286 1.
341 3245 418 3284 mens
437 3233 462 3282 ei
480 3228 540 3296 (sed
556 3230 659 3283 litterae
677 3245 691 3282 s
710 3237 735 3284 et
753 3235 778 3284 ei
795 3231 824 3284 in
842 3235 950 3299 rasura)
969 3231 1002 3286 Α.
1020 3229 1128 3284 rirdesse
1147 3229 1178 3285 F.
1195 3229 1210 3300 Η
1227 3229 1305 3298 ninii]
1323 3227 1351 3281 in
1369 3244 1467 3281 rarum
1483 3227 1513 3282 Α

297 3304 382 3355 abfuit
398 3301 459 3356 DE
465 3301 491 3355 F
496 3301 521 3355 Γ
538 3308 563 3354 et
580 3301 608 3353 in
625 3317 721 3354 rasura
742 3303 772 3360 C,
795 3303 873 3356 Tcrr.
892 3303 905 3372 ΙΙ
924 3303 951 3356 2.
970 3306 997 3354 in
1015 3303 1219 3369 matrimonium]
1240 3317 1350 3354 uxorem
1368 3299 1400 3353 F.
1415 3298 1426 3370 ΙΙ
1442 3303 1514 3351 daret

297 3389 347 3426 suo
366 3371 397 3427 Γ.
409 3373 422 3443 ΙΙ
434 3371 459 3426 3.
479 3375 552 3424 curia
569 3371 600 3426 F.
625 3375 708 3440 Tyria
726 3373 789 3426 Por.
812 3377 914 3426 Thurin
939 3373 1017 3426 Torr.
1036 3374 1049 3443 ΙΙ
1066 3375 1136 3425 inira
1152 3371 1184 3426 F.
1204 3373 1216 3434 ΙΙ
1236 3369 1262 3442 4.
1282 3373 1433 3424 abadictnm
1451 3369 1478 3423 F.
1490 3371 1503 3438 ΙΙ
1612 3424 1613 3427 ,

297 3445 394 3497 aneilla
411 3443 474 3497 Por.
495 3443 588 3510 Fornl
609 3441 635 3496 6.
654 3445 716 3511 tide]
737 3447 798 3496 fidei
819 3445 847 3498 C.
867 3448 938 3496 fecto
957 3444 989 3498 F.
1000 3443 1014 3512 11
1026 3447 1051 3495 id
1071 3438 1119 3496 om.
1134 3442 1189 3496 CF.
1200 3443 1214 3512 Η
1226 3445 1300 3512 degit
1311 3441 1339 3495 C.
1353 3441 1365 3514 ΙΙ
1381 3440 1406 3495 7.
1419 3444 1512 3493 animis

296 3517 419 3566 cruciatis
438 3518 480 3565 uis
499 3511 529 3566 F.
542 3513 581 3580 ΙΙΙ
603 3555 610 3568 .
629 3518 826 3568 crusieilionem
844 3515 881 3568 D.
900 3512 1088 3574 trusceiiouem
1105 3513 1139 3568 E.
1165 3516 1341 3566 erusclionem
1360 3512 1391 3566 F.
1414 3515 1513 3564 crusci-

293 3583 560 3654 lionemPor.1112.
585 3589 671 3637 sicilia
692 3586 727 3639 F.
748 3589 760 3656 ΙΙ
775 3614 787 3640 e
802 3585 1013 3650 sequeretur'A.
1037 3589 1244 3651 prosequeretur
1266 3583 1336 3638 DE.
1361 3588 1514 3649 sequeretur

294 3655 387 3710 FPcr.
408 3655 485 3708 Torr.
502 3655 517 3723 ΙΙ
534 3659 659 3708 familiari
681 3655 742 3709 DE
766 3663 792 3708 ct
809 3673 855 3725 pr.
878 3657 910 3709 A.
934 3659 1037 3708 stoiinri
1062 3655 1094 3707 F.
1111 3655 1125 3724 ΙΙ
1144 3652 1185 3709 15.
1204 3672 1255 3707 sua
1273 3670 1322 3710 om.
1341 3653 1373 3708 Γ.
1386 3653 1399 3720 ΙΙ
1417 3651 1458 3708 ii.
1475 3652 1514 3704 le·

294 3726 462 3794 scriptionem
481 3741 530 3777 om.
545 3741 589 3794 pr.
605 3726 633 3780 0.
652 3725 739 3778 Habet
756 3741 812 3777 eum
827 3734 891 3796 poet
907 3745 933 3780 n.
946 3724 1014 3795 (18.)
1033 3729 1181 3779 referamus
1199 3726 1228 3778 D
1247 3731 1273 3778 et
1291 3741 1360 3780 cerr.
1375 3725 1404 3779 0.
1415 3725 1430 3794 ΙΙ
1441 3725 1514 3776 SER-

294 3789 430 3865 VORVM]
459 3794 521 3850 odd.
544 3813 612 3867 ergo
634 3799 754 3849 dominos
778 3796 902 3850 DEFF
924 3803 950 3849 et
967 3814 1037 3852 corr.
1058 3796 1093 3853 C.
1122 3797 1198 3852 Torr.
1214 3798 1228 3867 ΙΙ
1247 3797 1289 3854 ti.
1307 3799 1402 3850 Restat
1419 3826 1454 3835 -
1472 3799 1514 3848 do-

293 3869 381 3918 mines
401 3867 462 3935 quo]
482 3867 511 3918 io
527 3881 624 3920 rasura
641 3866 674 3921 A.
687 3865 700 3936 ΙΙ
713 3869 794 3918 etiarn
813 3871 841 3917 ut
860 3883 998 3919 seruorum
1015 3866 1083 3922 Dr.

365 4039 437 4077 mene
454 4024 510 4077 eice
529 4025 609 4094 osuit)
626 4027 731 4077 incerta
749 4027 800 4077 hoc
820 4028 879 4077 loeo
898 4029 1007 4090 propter
1025 4029 1132 4078 lituram
1146 4028 1247 4078 codicis
1259 4029 1406 4080 tiernensis
1424 4031 1512 4080 arche·

294 4097 353 4164 typi
371 4099 486 4162 exempti
506 4100 639 4163 scriptura
657 4103 709 4150 est.
746 4096 875 4162 Suspicor
892 4098 920 4147 in
939 4113 971 4148 eo
990 4103 1130 4162 exerqtum
1142 4100 1205 4150 oiim
1218 4100 1302 4150 tuisse
1317 4103 1363 4150 aut
1381 4102 1406 4151 iri
1419 4103 1511 4165 ipsum.

295 4160 364 4236 quoi
383 4169 515 4234 hodieque
535 4171 609 4220 extat
626 4169 653 4218 in
672 4169 829 4218 abbreuiote
849 4168 1060 4235 Guelferbytane
1078 4173 1126 4220 aut
1143 4172 1216 4221 certe
1231 4171 1320 4221 simite
1338 4173 1446 4237 aliquid.
1481 4175 1511 4222 tit

294 4239 451 4292 correctoris
471 4241 615 4292 tiernensis
634 4240 795 4292 emendatio,
818 4240 959 4291 dummodo
977 4258 1026 4304 pro
1044 4239 1148 4292 etcum
1166 4242 1359 4292 recentioribus
1378 4245 1452 4293 tibris
1469 4260 1511 4306 po·

293 4311 381 4362 sueris
392 4308 457 4364 eice.
479 4325 537 4361 eam
552 4311 635 4360 habet
651 4311 875 4374 probabilitatem,
895 4314 924 4360 ut
935 4312 1063 4362 intectum
1076 4313 1276 4379 relinquendum
1290 4327 1354 4364 esse
1368 4315 1510 4364 censuerim

293 4384 362 4448 quod
381 4383 486 4446 priores
505 4383 621 4432 editores
640 4381 698 4430 sinc
718 4381 773 4432 ulie
791 4381 945 4445 suspicione
963 4387 1129 4446 receperent

362 4447 389 4503 2.
408 4453 447 4502 Cf.
467 4455 535 4516 App.
554 4452 604 4502 cio.
623 4451 681 4509 1111,
701 4447 745 4500 44.

362 4518 388 4574 3.
408 4523 446 4572 Gi.
465 4521 533 4586 App.
553 4523 603 4588 ein.
622 4520 678 4577 1111.
697 4515 741 4574 39.
758 4581 761 4586 Δ

361 4590 390 4642 in
408 4585 529 4644 Siciliam
544 4595 755 4660 persequeretur)
772 4591 816 4646 sie
834 4595 862 4645 in
880 4595 1031 4661 archetypo
1050 4596 1141 4648 codice
1159 4597 1232 4655 crat3
1253 4599 1324 4648 uude
1343 4598 1439 4664 quibus
1456 4614 1510 4663 per·

289 4663 421 4724 sequendi
445 4666 556 4712 uerbum
579 4662 706 4726 hostilem
730 4665 869 4716 dunstani
890 4667 1028 4727 notionem
1050 4669 1154 4732 hodiem
1175 4670 1316 4720 uidebatur
1341 4671 1388 4722 ant
1409 4671 1510 4724 omnino
