3409 5400
532 466 615 535 LlB.
638 468 697 548 Vl,
721 470 756 537 (l.
781 471 813 545 9,
836 478 867 547 ς.
893 471 1055 539 10-13.
1342 477 1407 545 527

89 689 90 716 ζ
182 626 302 691 dediti
325 627 395 693 Sed
418 628 525 693 eidem
547 641 665 714 postea
686 630 799 714 inopia
821 642 948 716 turpem
972 630 1154 697 decoctoris
1178 634 1406 717 apellationem

180 736 314 798 inussit.
360 734 532 821 Siquidem
555 736 644 799 bona
667 736 737 799 eius
760 757 781 799 a
800 737 1025 813 creditoribus
1050 740 1128 823 (pria
1151 740 1290 807 solidum
1315 766 1407 827 prac-

88 902 89 912 ,
183 852 275 905 stare
299 864 366 905 non
390 852 531 929 poterat,
554 844 735 907 uenierunt.
783 842 937 929 †Itaquc
963 846 1018 930 qui
1041 868 1154 911 antara
1177 847 1407 933 suggillatione

183 970 255 1012 non
278 950 392 1022 caruit,
415 970 489 1013 cum
513 969 617 1035 egens
640 948 837 1025 ambularet,
869 950 962 1015 diues
987 951 1029 1015 ab
1052 953 1297 1019 occurrentibus
1321 955 1408 1019 salu·

156 1078 172 1119 a
189 1052 330 1119 tabatur.

278 1160 434 1225 Crassum
459 1183 558 1227 casus
582 1162 757 1227 acerbitato
777 1161 819 1243 Q.
836 1162 959 1249 Caepio
984 1167 1213 1249 praecucurrit.
1258 1166 1291 1231 Is
1315 1170 1473 1235 nam-13.

185 1290 251 1353 que
275 1280 446 1353 praeturae
472 1269 663 1355 splendere,
690 1268 844 1355 triumphi
872 1268 1030 1345 claritate,
1060 1272 1249 1339 consulatus
1278 1274 1407 1351 decore,

184 1376 319 1441 maximi
344 1376 505 1461 pontificis
528 1376 713 1441 sacerdotio
738 1390 772 1440 ut
794 1388 929 1441 senatus
947 1386 1102 1462 patronus
1127 1378 1288 1444 (liceretur
1311 1382 1408 1447 adse·

187 1494 301 1559 cutus,
336 1472 371 1547 in
400 1482 541 1567 publicis
571 1484 710 1548 uinculis
739 1484 887 1567 spiritum
924 1482 1088 1569 deposuit,
1123 1507 1308 1573 corpusque
1337 1490 1408 1553 eius

86 1662 90 1684 ι
190 1641 217 1694 l.
235 1644 351 1708 inopiam
371 1641 396 1695 Γ
413 1650 438 1695 et
453 1659 499 1712 pr.
521 1640 549 1695 C.
564 1642 576 1709 ΙΙ
597 1646 734 1695 decacoris
752 1642 790 1695 D.
815 1645 947 1694 decoloris
965 1641 1247 1712 spatiosissimam
1265 1644 1412 1699 ADEFP

192 1712 271 1767 Torr.
290 1717 472 1781 sirperlatione
492 1714 521 1769 0.
536 1712 549 1786 ΙΙ
568 1712 594 1768 2.
613 1717 721 1767 immisit
738 1714 775 1767 D.
800 1717 880 1767 iussit
898 1712 926 1767 F.
950 1716 1060 1765 iniunxit
1081 1715 1155 1769 Tora.
1175 1717 1187 1784 Η
1207 1735 1225 1767 u
1248 1733 1298 1769 om.
1316 1716 1347 1769 Γ.
1360 1716 1410 1786 llll.

190 1784 321 1837 uenerunt
343 1782 431 1838 Dii*
450 1792 477 1837 et
493 1784 595 1854 pr.'A.
616 1783 629 1856 ss
649 1789 740 1854 ltaque
765 1786 818 1851 quil
843 1788 933 1848 itaque
959 1788 1020 1851 quia
1044 1802 1112 1839 corr.
1137 1788 1168 1841 A.
1192 1791 1283 1851 itaque
1308 1806 1411 1855 quoque
1439 1836 1440 1839 ,

190 1854 356 1909 aaaron.
374 1858 464 1920 itaque
481 1868 540 1918 (om.
555 1861 610 1923 qui)
627 1856 656 1910 Γ.
670 1858 683 1926 ΙΙ
695 1858 865 1925 sugillatione
882 1854 935 1917 (A.)
954 1858 1115 1924 sigillatione
1130 1857 1157 1911 C.
1177 1862 1366 1927 subgillatione
1380 1859 1411 1914 F.

201 1926 253 1995 114.
273 1929 368 1995 caruit]
387 1926 449 1981 add.
468 1932 532 1992 quia
549 1928 574 1981 F
578 1928 604 1981 Γ
602 1966 609 1983 .
621 1928 635 1995 ll
647 1926 672 1982 li.
691 1932 819 1979 Crassum
835 1956 872 1967 -
890 1929 917 1977 is
937 1930 1062 1995 nomque]
1084 1936 1114 1991 Q.
1133 1932 1211 1981 etiam
1231 1933 1324 1996 cuepio
1344 1928 1374 1983 Γ.
1387 1932 1401 1999 ΙΙ

191 2002 339 2050 aceruitatc
353 2014 398 2067 pr.
417 1998 632 2066 supraemos
650 1998 677 2051 E
686 1998 763 2051 Torr.
786 1995 846 2051 Vid.
860 1996 897 2049 ad
907 1995 960 2053 111.
976 1996 1001 2052 l.
1018 1997 1041 2051 l.
1054 2001 1067 2069 ΙΙ
1080 1998 1103 2053 7.
1118 2003 1270 2069 splendore]
1285 2004 1411 2066 splendor
1468 2016 1470 2023 ’

192 2075 220 2123 et
233 2086 279 2139 pr.
297 2069 328 2123 Α.
347 2073 536 2137 splenderent
555 2068 708 2123 CDEFI‘.

266 2210 412 2263 decoctoris
430 2208 639 2279 appellationem)
656 2212 686 2261 in
704 2214 782 2261 bouis
801 2212 936 2262 codicibus
955 2213 1055 2261 tentum
1076 2228 1126 2263 riou
1146 2214 1269 2263 omnibus
1284 2216 1410 2278 scriptum

194 2286 237 2335 cst
258 2280 476 2350 superlationem.
501 2284 572 2344 quod
595 2285 762 2333 commodum
785 2296 896 2333 sensum
920 2297 972 2331 non
995 2286 1116 2347 praebet.
1161 2285 1300 2334 iiulluntnr
1323 2288 1412 2335 nutem

196 2356 322 2423 Pighius,
348 2354 392 2416 qui
415 2354 623 2419 superlationem
646 2368 709 2403 esse
733 2354 867 2417 ‘superflui
885 2354 1000 2403 nominis
1019 2354 1212 2413 adiectionem',
1238 2361 1264 2403 et
1283 2356 1412 2419 Kapplue,

196 2427 240 2493 qui
257 2426 373 2490 inopiam
392 2427 493 2475 Crasso
511 2427 615 2489 turpem
634 2427 662 2475 et
679 2424 898 2490 'hyperbolicum'
918 2424 1066 2475 decoctoris
1085 2440 1179 2473 nomen
1199 2427 1338 2487 peperisse
1358 2428 1412 2489 opi·

195 2500 337 2548 nabantur.
373 2496 442 2547 Nam
462 2501 490 2546 ut
511 2497 656 2547 concedam
674 2492 820 2546 decoctoris
835 2492 1037 2561 superlationem
1061 2510 1094 2545 eo
1119 2496 1283 2561 significatu,
1306 2512 1357 2561 quo
1377 2498 1413 2547 llll

196 2570 344 2625 uoluerunt,
363 2568 459 2618 Latine
478 2568 529 2616 diei
547 2580 638 2630 posse,
657 2568 806 2631 hyberboie
825 2570 897 2616 certe
920 2566 946 2615 in
972 2582 1004 2615 eo
1029 2572 1187 2633 cognomine
1211 2568 1283 2617 nullu
1306 2570 1412 2619 omuino

196 2641 275 2697 inest,
295 2641 321 2688 et
339 2639 363 2687 si
381 2640 492 2697 inesset,
509 2654 563 2688 non
581 2640 669 2706 magis
689 2640 792 2689 adrem
810 2638 953 2702 pertineret
966 2651 1025 2687 cum
1038 2637 1148 2686 indicari
1161 2654 1239 2703 quam
1254 2640 1413 2702 superfluam

196 2713 270 2762 illam
288 2712 495 2774 appellationem
513 2710 611 2768 tuisse,
632 2712 699 2775 qued
720 2712 836 2760 electoris
856 2711 936 2760 menti
954 2723 1065 2773 prorsus
1085 2711 1242 2760 eontrarium
1262 2713 1312 2762 est
1348 2711 1414 2762 Tor·

198 2784 272 2833 renio
289 2797 344 2832 nou
362 2783 441 2850 longe
460 2798 478 2831 a
496 2795 560 2831 uero
579 2783 679 2831 abesse
697 2782 811 2835 uidetur.
832 2780 901 2845 quod
920 2781 1084 2830 Perizonium
1104 2781 1245 2846 aliquando
1266 2783 1413 2834 coniecisse

198 2856 245 2904 scd
265 2857 361 2918 postea
379 2853 458 2902 obelo
476 2853 647 2902 transfixisse
666 2856 770 2910 narrat,
792 2849 950 2902 Decocteris
968 2849 1074 2917 insuper
1092 2849 1291 2918 appellationem
1310 2852 1412 2905 inussit.

199 2926 246 2974 Cui
264 2925 408 2987 suspicioni
428 2925 539 2974 libenter
558 2924 768 2979 subscriberem,
793 2924 817 2972 si
842 2923 990 2972 decoctoris
1009 2924 1153 2986 appellatio
1178 2939 1206 2973 ro
1232 2939 1296 2974 rreru
1314 2941 1413 2994 eogno-

198 2996 275 3046 minls
293 2997 379 3045 uicem
392 2997 560 3052 obtinuisset,
578 2996 614 3044 itu
630 2998 657 3043 ul
669 2997 784 3044 Crassus
798 3009 831 3042 ea
843 2995 917 3043 iuxta
930 2995 1041 3043 alteram
1057 3009 1121 3044 usim
1135 3009 1198 3044 esse
1211 2997 1262 3046 diei
1275 2997 1414 3059 potuisset.

199 3067 254 3116 iam
275 3081 339 3116 uero
361 3069 441 3119 credo
464 3068 536 3116 recte
558 3065 680 3129 Lipsium
704 3067 852 3115 coniecisse
877 3061 1023 3114 decoctoris
1046 3063 1251 3131 appellationem.
1288 3068 1414 3118 blondum

199 3140 284 3188 ortum
303 3151 367 3187 esse
386 3139 496 3194 uitletur,
517 3138 563 3186 atet
580 3136 644 3198 quia
661 3138 779 3186 litteras
797 3151 812 3185 e
831 3137 883 3186 tine
903 3137 1012 3186 alterius
1027 3140 1101 3186 trocls
1120 3139 1197 3187 alteri
1216 3139 1348 3194 adhaesit,
1368 3141 1415 3188 ortt

200 3210 261 3273 quin
282 3208 351 3255 haec
374 3209 585 3256 contundebatur
608 3223 667 3256 cum
693 3207 891 3274 suggillationis
915 3209 1057 3264 uocabulo,
1084 3209 1153 3272 quod
1178 3210 1268 3258 statim
1287 3210 1414 3269 seqrritur.

199 3278 300 3329 Deinde
318 3292 367 3340 pro
381 3293 422 3332 eo.
442 3279 509 3342 quod
523 3279 605 3343 uulgo
618 3279 746 3328 edebatur
764 3275 887 3332 inimicit,
907 3277 1057 3326 iubentibus
1073 3279 1147 3326 libris
1166 3280 1291 3328 reuocuui
1304 3281 1413 3328 uerbum

201 3351 233 3399 de
252 3347 295 3397 bis
314 3348 357 3410 qui
376 3347 555 3414 ignominiosa
572 3352 636 3396 nota
654 3348 804 3396 alliciuntur
822 3348 1036 3396 usitatissimum.
1073 3349 1111 3397 Cl'.
1131 3349 1188 3400 l'al.
1208 3349 1251 3400 ill.
1273 3347 1297 3406 l,
1317 3352 1369 3398 ext.
1388 3345 1414 3405 d,

202 3417 401 3483 Thrasymennus
419 3415 504 3467 lacum
523 3413 584 3467 dira
596 3415 708 3468 inustum
721 3415 854 3466 memoria.
893 3417 1007 3466 illiorum
1022 3419 1178 3480 scripturum
1195 3419 1278 3468 multa
1291 3420 1416 3482 exempla

200 3489 337 3556 congessit
353 3487 535 3538 Foreellinius.
785 3532 791 3544 ,

270 3556 395 3625 'sitaque
412 3556 458 3625 qui
475 3571 568 3608 amara
587 3555 779 3624 suppillatione)
811 3557 941 3606 Vitiosum
966 3559 993 3606 et
1017 3571 1097 3606 sensu
1121 3558 1200 3620 plrure
1220 3562 1354 3610 carentem
1374 3577 1415 3612 ar·

201 3631 309 3696 chelypi
328 3631 485 3693 scripturam
505 3629 570 3678 mire
589 3630 709 3691 probauit
727 3629 864 3690 Kuppius,
889 3628 1020 3677 adnotans
1038 3629 1076 3678 itu
1095 3643 1147 3678 non
1166 3630 1237 3680 ruule
1256 3631 1281 3679 in
1301 3632 1414 3682 editione

202 3705 361 3752 subactore
385 3702 446 3768 legi.
494 3699 548 3749 Sed
578 3715 663 3764 aeque
693 3699 790 3748 salsum
820 3703 847 3748 et
878 3699 1014 3748 saleccum
1044 3700 1085 3748 est
1121 3702 1190 3760 quod
1215 3702 1350 3750 codicibus
1381 3705 1415 3752 ad

202 3774 326 3824 familiam
351 3778 386 3822 ,ν’
410 3771 601 3835 pcrtinentibus
627 3772 757 3834 proditum
788 3770 946 3832 receperent
981 3771 1162 3836 grammatici,
1198 3767 1289 3838 ltaque
1317 3787 1416 3840 qaoque

203 3859 303 3896 amara.
341 3843 495 3892 Sententiae
513 3842 601 3910 magis
615 3858 694 3906 (prtem
707 3841 814 3889 criticae
827 3841 877 3891 arti
891 3841 1058 3890 satisfactum
1072 3847 1114 3890 est
1124 3843 1150 3891 in
1170 3843 1279 3908 allerips
1298 3845 1414 3896 familiae

201 3917 249 3982 (st)
268 3916 400 3978 scriptura
417 3911 459 3964 lta
478 3927 570 3963 amara
587 3910 768 3978 sappiltutioae
784 3927 835 3960 non
853 3909 951 3966 caruit.
971 3909 1032 3979 quia
1044 3927 1101 3962 cnm
1113 3928 1188 3978 epens
1201 3917 1250 3964 etc.
1286 3916 1415 3976 Equidem

202 4001 301 4049 anceps
320 3987 429 4036 haereo.
470 3984 612 4047 Scripserit
638 3985 730 4032 lorsan
753 3983 876 4032 l'alerius
896 3977 1002 4050 Itaque.
1027 3981 1097 4050 qnod
1120 3999 1212 4036 amara
1235 3985 1415 4052 suppillatione

201 4073 252 4107 non
270 4053 357 4106 carnit
375 4057 404 4119 (i.
423 4071 447 4106 e.
466 4057 536 4116 qnod
555 4071 608 4103 non
628 4055 685 4104 sine
704 4055 878 4104 amaritudine
898 4057 1012 4120 qualum
1031 4057 1139 4122 llebat),
1159 4071 1215 4106 cnm
1235 4073 1310 4122 epens
1328 4056 1414 4110 ambu-

202 4127 275 4188 laret,
294 4125 380 4178 Diues
398 4123 431 4176 ab
449 4123 645 4176 occurrentibus
658 4121 830 4176 solidabatur.

273 4195 314 4250 ts.
333 4195 361 4248 in
374 4194 491 4264 publicis
508 4194 621 4248 uinculis
636 4194 758 4262 spiritam
777 4193 905 4262 deposuit)
924 4199 1007 4255 Quam
1022 4213 1084 4248 uere
1098 4199 1147 4248 hoe
1162 4201 1280 4250 retulerit
1292 4201 1415 4252 Valerius

201 4271 301 4321 nescio.
336 4271 456 4320 Eundem
475 4269 545 4320 cuim
563 4271 593 4326 Q.
614 4269 772 4330 Caepionem
797 4269 823 4316 in
844 4282 980 4318 carcerem
1000 4271 1159 4328 coniectum,
1184 4273 1232 4321 sed
1253 4273 1283 4322 L.
1302 4273 1415 4336 iitrogiui

201 4342 298 4392 tribuni
316 4341 403 4403 plebis
421 4343 544 4390 monibus
558 4341 679 4388 custodia
691 4340 839 4394 liberatum,
861 4340 1009 4389 uoluntario
1023 4341 1100 4390 exilio
1115 4344 1271 4404 supplicium
1285 4343 1415 4408 eli'ugisse

201 4412 307 4462 tradidit
331 4410 391 4469 llil,
418 4408 447 4467 i,
471 4407 501 4467 3.
527 4411 683 4472 quibuscum
708 4410 875 4458 consentiunt
903 4411 982 4460 reteri
1008 4426 1073 4475 quos
1098 4413 1133 4462 ibi
1159 4413 1238 4460 eitaui
1263 4411 1421 4474 scriptores

202 4483 294 4547 Neque
312 4483 392 4532 eliam
412 4482 464 4530 alio
482 4481 577 4530 iudicio
600 4484 698 4544 postea
723 4481 875 4528 damnatum
900 4495 963 4530 csse
987 4483 1145 4544 Caepionem
1171 4487 1217 4531 atri
1241 4485 1346 4530 constat
1370 4487 1416 4533 aul

203 4555 326 4604 credibile
351 4559 401 4606 cst.
439 4552 507 4600 Nam
524 4553 548 4601 si
565 4549 598 4604 l.
612 4553 712 4601 Gellius
730 4551 779 4608 111,
799 4547 824 4608 b,
845 4549 859 4600 l
883 4553 964 4602 refert
985 4548 1048 4602 Cum
1072 4549 1194 4618 oppidum
1216 4549 1370 4604 Tolosanum
1388 4553 1416 4605 io

202 4629 274 4676 terra
292 4622 381 4675 Gallia
400 4621 432 4681 Q.
452 4620 550 4690 Caepio
569 4621 659 4672 consui
675 4619 837 4690 diripuisset,
856 4620 1009 4688 molliterque
1034 4620 1095 4672 auri
1116 4621 1143 4672 in
1167 4621 1223 4673 eius
1245 4620 1338 4692 oppidi
1356 4629 1417 4676 tem·

199 4693 254 4764 plis
263 4693 375 4762 sancet.
395 4691 514 4760 quisquis
532 4708 563 4743 ea
581 4708 612 4743 ea
630 4689 777 4759 direptione
800 4705 892 4744 aarum
916 4691 1003 4758 attipit
1024 4691 1143 4743 misero
1167 4692 1424 4764 cruciabilique,
