3409 5400
571 500 651 567 LlB.
676 499 733 577 IX,
759 500 794 569 O.
820 501 873 576 12,
896 508 927 576 s.
951 500 1071 565 3-7.
1370 502 1434 571 723

204 660 323 723 mortis
348 660 625 725 denuntiationem
650 660 766 747 effugit
788 659 1035 746 sacerdotisque
1063 661 1115 724 sui
1137 661 1300 745 sauguine
1324 671 1433 727 uetus·

205 766 329 829 tissimi
352 765 417 827 ioci
441 764 644 831 maduerunt.

299 870 386 934 Acer
413 871 511 936 etiam
540 882 570 934 et
602 872 771 936 animosus
800 872 886 935 uitae
915 872 1019 937 exitus
1048 870 1192 935 Herenni
1221 872 1341 946 Siculi,
1370 875 1477 959 quoii.

206 977 246 1042 Ο.
273 974 442 1039 Gracchus
467 988 497 1038 et
521 980 673 1061 aruspice
697 988 728 1039 et
757 978 863 1041 amico
893 998 975 1042 usus
1004 977 1119 1043 suerat.
1176 976 1263 1042 Nam
1292 1000 1366 1043 cum
1394 1001 1434 1043 eo

179 1082 343 1145 enomine
367 1082 401 1145 in
425 1102 592 1175 carcerem
613 1082 799 1157 duceretur,
830 1085 865 1147 in
893 1094 1021 1169 postem
1050 1085 1121 1147 eius
1150 1083 1247 1147 inliso
1272 1086 1378 1169 capite
1401 1088 1436 1150 in

206 1188 285 1271 ipso
308 1188 509 1272 ignominiae
534 1187 622 1251 aditu
645 1188 787 1251 concidit
809 1210 848 1252 ae
873 1190 1022 1273 spiritum
1045 1190 1169 1274 posuit,
1196 1211 1262 1253 uno
1286 1190 1392 1276 gradu
1415 1212 1437 1255 a

207 1290 341 1375 publico
365 1292 524 1377 supplicio
548 1315 712 1378 manuque
736 1294 900 1357 carnificis
924 1297 1062 1359 citerior.

302 1396 471 1463 Consimili
499 1400 620 1483 impetu
643 1400 756 1462 mortis
782 1399 816 1463 C.
842 1398 989 1464 Licinius
1016 1399 1140 1474 Macer,
1168 1401 1219 1462 uir
1241 1402 1435 1485 praetorius,
1448 1412 1478 1473 7.

209 1503 305 1568 Calui
328 1514 430 1588 pater,
454 1503 706 1587 repetundarum
730 1525 818 1578 reus,
843 1505 920 1569 dum
944 1505 1124 1569 sententiae
1150 1503 1379 1583 diriberentur,
1401 1510 1437 1572 in

169 1608 423 1673 roMaenianum
448 1609 656 1673 conscendit'
701 1610 871 1696 Siquidem
903 1632 977 1673 cum
1008 1609 1052 1676 M.
1083 1610 1290 1685 Ciceronem,
1319 1612 1375 1697 qui
1402 1612 1438 1675 id

208 1714 366 1778 iudicium
391 1714 541 1800 cogebat,
565 1724 765 1799 praetextam
788 1726 968 1799 ponentem
987 1716 1140 1792 uidisset,
1169 1717 1259 1781 misit
1288 1717 1331 1780 ad
1362 1737 1436 1781 enm

211 1822 268 1907 qui
292 1821 413 1885 diceret
436 1843 472 1883 sc
496 1812 562 1885 non
586 1820 783 1897 damnatum,
808 1822 869 1887 sed
890 1844 983 1885 reum
1006 1824 1148 1907 perisse,
1177 1843 1239 1886 nec
1262 1845 1325 1887 sua
1347 1822 1437 1888 bona

209 1925 328 1990 hastae
353 1947 452 2010 posse
477 1926 597 2001 subici,
630 1950 666 1991 ac
690 1930 839 2012 protinus
869 1927 1019 2002 sudario,
1048 1927 1136 2013 quod
1163 1927 1245 1991 forte
1274 1929 1309 1992 ia
1335 1950 1437 1993 manu

211 2030 369 2107 habebat,
399 2052 455 2095 ore
485 2042 515 2095 et
545 2032 695 2096 faucibus
725 2036 794 2098 suis
819 2013 973 2098 coartatis
1005 2032 1131 2097 incluso
1156 2035 1271 2119 spiritu
1292 2028 1475 2120 poenamO

171 2148 315 2202 1⁵morte
339 2139 567 2222 praecucurrit.
615 2138 690 2217 Qua
712 2142 845 2227 cognita
868 2161 904 2203 re
921 2140 1036 2203 Cicero
1060 2140 1101 2203 de
1125 2161 1165 2201 eo
1188 2138 1269 2203 nihil
1290 2161 1434 2223 pronun·

213 2244 314 2307 tinuit.
358 2242 461 2330 Igitur
482 2244 628 2309 inlustris
651 2246 778 2332 ingenii
794 2256 911 2310 orator
934 2256 966 2308 et
988 2245 1029 2309 ab
1058 2247 1172 2331 inopia
1193 2246 1242 2308 rei
1264 2244 1434 2309 familiaris

216 2436 239 2490 1.
262 2438 317 2503 [sui
335 2440 466 2505 sanguine
492 2438 679 2504 aetueltissimi
697 2437 728 2491 A
746 2439 760 2507 ΙΙ
780 2438 806 2491 2.
836 2439 899 2505 [ioci
923 2438 1091 2503 maduerunt]
1113 2437 1142 2490 A.
1155 2437 1228 2505 litori
1246 2436 1284 2489 D.
1307 2438 1383 2489 taces
1406 2435 1435 2487 ta

212 2524 310 2560 raruru
335 2507 364 2560 C.
382 2503 438 2576 ll=³·
464 2508 545 2573 [Acer
563 2537 598 2547 —
616 2510 767 2575 animolrus
789 2508 821 2561 A.
843 2508 858 2577 ΙΙ
879 2514 907 2560 et
927 2524 978 2561 oar.
1000 2507 1036 2561 E.
1059 2512 1072 2573 ΙΙ
1098 2508 1182 2574 [uitae
1204 2535 1239 2552 -ι-
1262 2524 1314 2573 qao
1338 2507 1378 2573 a]
1401 2506 1434 2559 A.

228 2583 240 2645 ΙΙ
254 2580 373 2629 herennii
391 2576 590 2645 perrorat
601 2577 627 2633 5.
645 2584 723 2644 porte
743 2577 831 2633 CEP.
850 2578 913 2631 add.
932 2581 985 2630 Bit.
1008 2580 1080 2643 posti
1105 2580 1163 2629 eius
1187 2579 1284 2628 inflicto
1303 2594 1327 2630 c.
1344 2591 1434 2641 rampo

213 2648 246 2704 A.
259 2650 272 2716 ΙΙ
284 2650 353 2715 eius]
374 2654 433 2700 uate
452 2652 555 2714 pontem
577 2646 653 2703 Torr.
666 2651 680 2720 ΙΙ
691 2650 716 2704 i.
736 2651 867 2716 supplicio
884 2666 934 2701 ora.
952 2650 982 2702 A.
1003 2650 1014 2717 ΙΙ
1035 2648 1060 2702 8.
1085 2650 1197 2700 lucinius
1215 2646 1252 2701 E.
1269 2648 1282 2716 ΙΙ
1298 2650 1339 2699 uir
1350 2662 1435 2713 prae·

214 2724 298 2772 torius
322 2735 371 2772 om.
394 2719 426 2772 Γ.
446 2717 458 2786 ΙΙ
477 2717 500 2772 t.
525 2723 601 2771 celan
627 2727 673 2773 out
696 2724 779 2773 calari
802 2720 833 2773 Γ.
850 2722 864 2787 ΙΙ
881 2719 1055 2772 diriderentur
1077 2727 1166 2776 (erata
1187 2718 1284 2770 lineola
1306 2734 1387 2786 saper
1408 2725 1437 2772 ut

213 2792 246 2844 A.
270 2793 418 2842 dicerentur
443 2789 564 2844 curer.
591 2789 668 2844 Yorr.
691 2795 875 2844 ordinarentur
897 2790 933 2844 D.
958 2794 1119 2843 d'iuarentur
1141 2789 1172 2843 Γ.
1192 2789 1205 2858 ΙΙ
1223 2793 1250 2839 in
1268 2805 1319 2843 om.
1337 2788 1399 2841 Par.
1411 2788 1426 2856 ΙΙ

217 2861 257 2915 10.
281 2865 449 2915 moenianum
473 2862 503 2913 A.
517 2899 540 2915 ..
554 2895 576 2913 .·
590 2899 611 2915 ..
628 2863 688 2924 (ric)
706 2862 737 2916 Γ.
756 2864 769 2931 Η
788 2861 827 2915 ll.
847 2865 951 2931 agebat
972 2860 1006 2914 E.
1022 2859 1035 2926 Η
1055 2859 1094 2913 tt.
1114 2865 1286 2925 dampnatum
1304 2876 1350 2927 pr.
1368 2857 1400 2911 A.
1411 2859 1425 2925 ΙΙ

217 2931 258 2986 14.
277 2935 334 2984 suis
352 2949 401 2986 om.
418 2932 531 2992 (PtPar.
552 2932 628 2984 Torr.
640 2932 654 3000 ΙΙ
669 2930 708 2986 15.
728 2936 875 2998 praecurrit
889 2932 965 2985 Torr.
989 2929 1049 2984 Vid.
1063 2929 1099 2982 ud
1110 2929 1162 2985 lli,
1180 2931 1204 2986 1,
1220 2929 1269 2999 1.ss
1281 2946 1310 2981 re
1328 2933 1437 2998 cognita

215 3001 245 3057 Γ.
258 3001 271 3070 Η
283 3007 362 3126 niclipil
381 3008 414 3056 de
433 3021 466 3056 eo
484 3003 519 3058 Ε.
540 3003 551 3074 ΙΙ
571 3005 760 3072 pronuntiauit]
774 3002 848 3070 ,atu
873 3006 984 3055 crimine
1008 3005 1155 3054 domestice
1178 2999 1249 3053 deine
1267 3001 1376 3069 paractis
1392 3015 1437 3052 tte·

215 3079 294 3126 tatum
339 3115 346 3132 .

286 3214 312 3268 a.
331 3221 400 3266 Acer·
417 3214 495 3265 etiam
514 3220 539 3266 et
556 3215 697 3276 animosae)
713 3217 790 3266 Haud
804 3219 883 3267 dubie
902 3220 935 3266 do
953 3219 1048 3268 eodem
1068 3219 1138 3265 tuoto
1158 3215 1287 3281 cogitauit
1298 3213 1366 3264 Veli.
1378 3213 1436 3262 ret.

216 3289 249 3345 11,
260 3281 284 3340 7.
294 3284 320 3343 2,
330 3289 375 3347 qul
384 3287 465 3336 reteri
477 3288 626 3349 aruspicem
640 3287 764 3342 Tuseum.
775 3301 835 3336 cum
844 3287 930 3334 Fuluii
940 3289 1028 3336 Flacci
1041 3288 1121 3335 lilium
1135 3285 1232 3346 Opimii
1244 3285 1319 3331 iussu
1329 3284 1437 3331 tientem

218 3362 243 3408 iu
263 3358 368 3407 uincula
386 3358 445 3406 duci
463 3357 589 3414 uidisset,
609 3357 710 3404 dixisse
729 3356 805 3415 ‘Quia
828 3359 855 3402 tu
873 3357 925 3403 hoc
944 3357 1031 3418 potius
1052 3355 1147 3402 tacie‘i
1171 3353 1344 3415 protinusque
1365 3352 1436 3399 illiso

219 3429 304 3491 capite
323 3429 349 3476 in
367 3429 473 3490 postem
493 3427 626 3488 lapideum
645 3425 742 3474 ianuae
760 3424 877 3474 carceris
895 3425 1034 3490 effusoque
1052 3425 1162 3472 cerebro
1182 3421 1331 3484 expirasse.

288 3495 313 3549 7.
333 3499 371 3550 Cf.
390 3499 442 3547 Cio.
461 3497 495 3546 ud
508 3491 566 3546 aa.
585 3495 606 3552 l,
625 3491 650 3552 4,
669 3490 695 3545 2.
713 3495 781 3545 Plat.
800 3494 853 3543 Ciu.
873 3492 898 3544 9.

289 3566 350 3618 dara
367 3565 510 3618 tententiae
528 3559 727 3624 dividerentur.)
744 3563 827 3614 Solito
846 3564 946 3614 librarii
965 3578 1056 3614 errore
1074 3563 1100 3610 in
1119 3562 1210 3611 codice
1224 3561 1353 3610 Beruensi
1372 3555 1438 3609 diri·

219 3645 341 3692 eerraira·
358 3641 482 3690 scribitur
500 3633 746 3701 predationem,
765 3637 923 3698 permutatis
941 3637 1049 3698 propter
1067 3633 1179 3681 similem
1197 3631 1439 3694 pronuntiationem

220 3712 312 3761 litteris
332 3707 348 3760 b
367 3713 394 3760 et
411 3725 437 3766 u,
457 3710 550 3759 eadem
571 3708 673 3756 ratione
697 3722 751 3768 que
770 3707 924 3754 constanter
946 3707 971 3753 in
991 3706 1042 3753 hoc
1062 3704 1128 3751 libro
1147 3700 1293 3754 corruitur,
1318 3713 1438 3758 werrae,

225 3779 347 3832 Venimus
358 3797 407 3847 pro
418 3780 571 3834 acerbitate,
591 3779 697 3834 acerbo,
716 3776 828 3824 Vibieno
841 3776 992 3824 efferantur.
1035 3774 1169 3822 Diribcudi
1179 3777 1268 3821 autern
1279 3773 1438 3821 uocabulum

220 3855 245 3902 la
263 3854 314 3902 hac
332 3867 361 3902 re
380 3865 444 3902 esse
463 3849 644 3914 aptissimum,
668 3861 728 3896 cum
747 3847 800 3894 iam
819 3845 930 3912 Pighius
948 3845 1147 3908 perspexisset,
1173 3857 1252 3904 quern
1272 3844 1317 3890 aut
1335 3843 1437 3904 uitupe-

221 3927 310 3974 raruut
328 3923 485 3974 eonomine
504 3920 598 3981 reliqui
614 3918 784 3985 grammatici
803 3918 849 3964 eut
871 3920 943 3965 certe
961 3930 1014 3964 nou
1033 3915 1201 3970 audiuerant,
1226 3913 1346 3976 pluribus
1369 3927 1439 3963 nano

222 3996 308 4045 docuit
325 3995 474 4044 Wunderas
494 3992 605 4055 eopiosa
623 3989 802 4051 disputatione
822 3988 846 4035 in
866 3987 942 4042 libro,
965 3987 1008 4049 qui
1026 3985 1178 4034 inscribitur
1196 3985 1293 4033 Variae
1309 3983 1439 4035 lectiones

222 4067 343 4116 librorum
362 4065 463 4129 aliquot
481 4062 615 4113 Ciceronis
634 4073 668 4109 ex
687 4061 745 4110 cod.
759 4059 853 4106 Erturt
874 4058 1000 4106 enotatas
1019 4056 1102 4119 praei.
1122 4071 1148 4118 p.
1169 4055 1290 4104 cxxvlt
1308 4057 1335 4106 et
1353 4069 1438 4119 seqq..

222 4138 306 4186 talsus
325 4136 464 4186 dumtaxat
482 4134 515 4182 de
533 4131 679 4196 imperfecti
702 4128 909 4196 significatione,
933 4143 1012 4191 quam
1037 4127 1149 4189 putabat
1172 4139 1237 4175 esse
1259 4141 1320 4175 cum
1344 4137 1389 4175 res
1412 4124 1439 4170 ia

222 4223 254 4258 eo
271 4211 360 4264 esset,
384 4210 411 4254 ut
435 4205 585 4255 sententiae
609 4203 790 4251 diriberentur.
836 4200 956 4261 Apparet
979 4198 1048 4246 enim
1072 4199 1100 4246 Ο.
1123 4196 1252 4246 Liciniam
1276 4211 1309 4245 eo
1328 4192 1439 4242 oonsilio

223 4280 310 4329 exisse
329 4293 345 4328 e
363 4276 459 4326 iudicio
478 4279 506 4326 et
522 4276 550 4324 in
568 4273 737 4322 maenianum
757 4270 929 4326 ascendisse,
958 4272 989 4317 ut
1011 4268 1045 4317 ibi
1070 4270 1225 4331 expectaret
1248 4264 1440 4314 sententiarum

223 4353 344 4400 euentum
362 4350 455 4410 atque,
480 4348 503 4395 sl
522 4345 625 4395 tristem
644 4343 701 4393 iore
720 4341 963 4401 animaduertisset,
987 4341 1049 4388 aute
1068 4337 1264 4387 damnationem
1283 4333 1438 4381 moreretur.

223 4421 415 4472 lleuoceuimus
433 4417 515 4485 igitur
532 4417 600 4481 quod
620 4415 673 4464 iarn
697 4428 715 4461 a
732 4413 826 4480 Pighio
845 4413 872 4460 et
890 4412 983 4461 Colere
1007 4410 1106 4459 editum
1131 4423 1148 4457 a
1171 4403 1362 4456 recentioribus
1384 4399 1439 4449 edi·

222 4493 321 4544 toribus
338 4491 411 4540 mele
433 4489 562 4538 mutatam
581 4485 624 4536 est
646 4485 673 4534 in
697 4479 758 4534 riam
780 4480 923 4533 :muniar
941 4479 1103 4535 tamar.
1130 4477 1200 4540 quod
1222 4478 1313 4522 tamen
1335 4470 1440 4519 Pandae

224 4564 404 4627 compendium
414 4560 573 4610 confirmare
582 4556 694 4608 uidetur.
731 4556 852 4604 ceterum
862 4569 916 4603 non
924 4554 1019 4602 iniuria
1031 4552 1200 4600 Drumenuus
1219 4543 1276 4600 llil,
1295 4557 1321 4605 p.
1337 4535 1387 4590 litt
1406 4541 1441 4589 de

223 4635 370 4686 uoluntaria
381 4634 409 4684 c.
428 4631 521 4681 Licinii
540 4631 624 4678 morte
637 4626 748 4685 dubitat,
766 4640 825 4674 cum
844 4626 871 4674 et
883 4625 975 4674 cicero
990 4636 1050 4672 eura
1069 4617 1224 4668 damnatum
1241 4616 1270 4664 et
1280 4612 1441 4662 Plutarchus

224 4709 283 4772 port
301 4703 499 4756 damnationem
517 4715 578 4754 eum
595 4699 728 4751 munuum
745 4709 810 4749 esee
827 4694 991 4748 undiderint
1185 4771 1255 4840 46.
