3409 5400
354 492 396 556 74

353 674 422 717 non
445 672 520 716 esse
542 651 683 714 diximus
707 668 851 735 magnas
875 646 1038 721 utilitatis,
1068 646 1214 718 alterum,
1238 666 1324 710 nunc
1352 645 1426 710 item
1444 643 1550 709 Beroli·

353 782 466 834 nense,
490 759 588 845 longe
610 759 774 844 plerisque
799 756 873 821 aliis
885 766 1013 841 praeter
1029 754 1199 818 Bernense
1220 762 1366 839 praestat
1388 754 1551 817 auctoritate

354 879 451 953 atque
475 866 549 929 lide.
594 864 773 951 Vtriusque
795 866 959 951 integram
983 862 1057 926 buic
1080 862 1213 925 editioni
1237 862 1360 925 inserui
1376 862 1553 925 uarietatem.

352 974 527 1059 Descripta
549 985 625 1037 sunt
647 975 682 1036 in
702 972 896 1035 recensione
919 992 1068 1035 meorum
1089 969 1245 1033 librorum
1270 970 1330 1033 sub
1355 969 1429 1031 Cet
1448 970 1486 1031 D.

441 1082 492 1145 De
507 1079 715 1145 TORRENII
738 1079 879 1165 singulis
896 1078 1064 1141 codicibus
1079 1077 1209 1141 difficile
1227 1078 1357 1162 quidem
1375 1089 1405 1139 et
1417 1078 1557 1139 incertum

355 1202 404 1255 est
420 1189 586 1253 iudicium.
626 1187 794 1273 Congesta
809 1207 951 1272 namque
968 1208 986 1247 e
1003 1186 1232 1272 quadraginta,
1251 1186 1280 1248 si
1295 1196 1382 1247 recte
1397 1186 1559 1257 numeraui,

353 1298 444 1361 libris
468 1318 549 1359 mss
572 1307 670 1358 uasta
693 1306 789 1380 atque
813 1294 980 1357 incondita
1002 1294 1168 1357 unciarum
1187 1292 1361 1356 lectionem
1384 1292 1472 1365 mole,
1494 1314 1561 1353 cum

354 1406 388 1468 in
410 1400 643 1489 inuestiganda
666 1402 811 1487 genuina
826 1403 988 1486 scriptura
1010 1400 1083 1485 plus
1106 1400 1215 1463 rnuItis
1241 1422 1338 1485 quam
1355 1399 1561 1486 probabilibus

355 1511 490 1576 testibus
515 1509 676 1581 tribueret,
701 1509 851 1573 codicum
876 1511 909 1573 in
932 1508 1070 1572 lectione
1095 1507 1205 1593 aliqua
1228 1508 1479 1593 conspirantium
1501 1506 1561 1591 ple·

353 1640 489 1703 rumque
524 1638 695 1680 numerum
733 1618 841 1701 potins
880 1638 919 1679 ao
953 1636 1076 1703 genera
1110 1635 1207 1700 quam
1243 1614 1378 1677 nomina
1413 1632 1561 1699 apponere

355 1727 448 1792 solet.
499 1724 653 1788 Attamen
685 1745 770 1809 quae
805 1722 997 1787 nominatim
1032 1722 1170 1785 citantur
1200 1720 1387 1809 testImonia
1416 1720 1561 1803 eiusmodi

344 1845 431 1899 ,sunt
458 1844 494 1895 ut
520 1833 604 1895 inter
625 1853 742 1895 omnes
766 1828 985 1893 Torrcnianos
1008 1828 1110 1892 libros
1141 1850 1182 1892 ne
1207 1850 1308 1893 unum
1333 1827 1459 1914 quidem
1482 1826 1561 1889 alter?

352 1940 560 2006 Berolinensi
593 1960 667 2001 tneo
700 1938 763 2015 (0),
797 1959 838 2000 ne
868 1936 975 2000 dicam
1005 1936 1183 2009 Bernensi,
1217 1956 1331 2021 parem
1363 1956 1436 1999 esse
1465 1946 1561 1998 aucto·

353 2052 447 2114 ritate
470 2048 588 2135 quouis
612 2046 750 2131 pignore
775 2043 982 2107 contendam.
1035 2041 1211 2107 Praeterea
1233 2064 1359 2128 paucos
1383 2054 1503 2107 tantum
1526 2042 1561 2103 nir

354 2158 469 2221 doctus
494 2156 565 2240 ipse
588 2154 747 2239 inspexit,
774 2150 1001 2237 plerorumque
1034 2149 1240 2215 collationem
1265 2150 1306 2214 ab
1337 2150 1410 2214 aliis
1441 2151 1561 2233 accepit

354 2286 421 2328 non
445 2263 632 2327 continuam
657 2259 719 2323 sed
740 2258 869 2345 passim
893 2270 924 2320 et
945 2256 1107 2321 interdum
1131 2279 1197 2321 non
1226 2258 1290 2320 nisi
1313 2258 1348 2320 in
1371 2257 1484 2342 primis
1507 2254 1561 2319 Va

352 2371 424 2435 lerii
445 2369 537 2433 libris
561 2370 740 2432 institutam
764 2388 803 2429 ac
828 2386 869 2428 ne
894 2364 938 2428 ibi
960 2365 1091 2450 quidem
1115 2386 1255 2450 semper,
1279 2376 1314 2427 nt
1336 2362 1419 2428 mihi
1440 2363 1561 2428 uidetur

355 2487 553 2550 accuratam,
578 2476 666 2563 quod
689 2497 768 2561 prae
793 2474 907 2536 ceteris
933 2472 1020 2536 cadit
1043 2474 1076 2536 in
1099 2472 1211 2535 uarias
1236 2473 1414 2557 scripturas
1436 2472 1561 2536 aGudi

355 2608 372 2646 e
395 2584 512 2669 uiginti
529 2584 671 2667 quinque
687 2581 855 2645 codicibus
872 2591 1053 2665 excerptae,
1078 2602 1160 2665 quas
1178 2578 1370 2643 Perizonius
1387 2590 1561 2643 testament

354 2688 571 2753 bibliothecae
602 2688 793 2753 academiae
824 2687 1057 2775 Lugdunensis
1088 2687 1268 2774 Iegnuerat.
1325 2684 1451 2750 Horum
1483 2684 1561 2750 XXI

354 2796 515 2869 codicum,
540 2818 676 2883 qnorum
700 2797 888 2882 catalogum
916 2796 1061 2880 reperies
1092 2794 1179 2879 apud
1203 2793 1387 2858 Fabricium
1421 2793 1561 2872 (bibliotl

324 2930 328 2937 ¹
354 2904 426 2967 Lat.
449 2900 526 2965 Vol.
549 2901 589 2976 II,
612 2903 667 2966 lib.
690 2901 730 2976 II,
754 2926 783 2966 c.
808 2903 841 2980 5)
866 2913 897 2965 et
920 2901 996 2964 inde
1025 2901 1232 2987 desumptum
1255 2901 1287 2964 in
1314 2900 1463 2965 Torrenii
1488 2923 1561 2985 prae

353 3011 487 3082 satione,
511 3009 663 3095 equidem
685 3011 758 3095 ipse
778 3021 843 3072 tres
869 3011 1009 3084 excussi,
1034 3007 1232 3073 Vaticanum
1255 3010 1395 3094 prImum
1420 3013 1468 3084 (n.
1485 3009 1561 3073 1925

354 3129 387 3179 et
410 3116 465 3202 qui
487 3115 594 3178 Gudio
618 3116 822 3201 appellantur
843 3115 1033 3190 Heinsiani,
1065 3137 1150 3178 nunc
1180 3117 1263 3179 inter
1287 3116 1461 3179 Gudianus
1488 3115 1561 3178 Gne

353 3223 543 3309 ferbytanae
574 3222 791 3287 bibliothecae
822 3246 853 3287 n.
885 3223 948 3287 886
982 3244 1069 3287 saec.
1100 3220 1192 3285 XIIII
1224 3235 1255 3286 et
1286 3223 1350 3288 887
1386 3245 1479 3289 saec..
1511 3223 1561 3287 XI

353 3351 469 3394 omnes
494 3349 598 3415 aeque
621 3328 741 3392 nullius
765 3330 833 3393 fere
858 3331 961 3414 pretii.

441 3436 568 3500 Eodem
582 3435 746 3498 Perizonii
759 3435 869 3522 legato
891 3436 1082 3501 academiae
1096 3435 1312 3522 Lugdunensi
1328 3449 1507 3500 cesserant
1524 3459 1561 3500 co

352 3546 491 3610 lationes
515 3543 639 3607 codicis
655 3544 842 3629 Gopesiani,
863 3545 898 3606 in
915 3545 1065 3630 margine
1085 3541 1268 3629 Pighianae
1285 3543 1486 3610 editionisa.
1505 3545 1561 3608 lbl

352 3655 527 3737 ascriptae,
551 3673 615 3736 quo
640 3650 753 3714 codice
777 3673 858 3714 usus
883 3661 951 3714 erat
974 3650 1166 3714 Perizonius
1189 3652 1224 3713 in
1247 3649 1526 3714 adnotationibus
1554 3675 1561 3716 t

354 3757 522 3821 Valerium
555 3781 595 3820 ex
625 3755 758 3821 schedis
787 3760 857 3822 eius
888 3759 1027 3844 primum
1059 3781 1079 3821 a
1108 3756 1263 3821 Torrcnio
1293 3757 1409 3832 editis,
1443 3761 1561 3844 itemq²

355 3863 492 3926 aliorum
516 3862 720 3948 quorundam
736 3863 902 3936 librorum,
927 3887 1009 3951 quos
1028 3864 1197 3928 deterioris
1222 3865 1319 3928 etiam
1336 3873 1438 3929 notae
1458 3863 1561 3928 silent

354 3972 619 4054 praetermittam.
666 3973 871 4056 Gopesianus
897 3982 1015 4044 autem,
1039 3993 1113 4035 cum
1137 3981 1324 4034 constanter
1346 3971 1418 4034 sere
1445 3993 1561 4035 conse

354 4077 411 4140 tiat
434 4095 509 4138 cnm
533 4076 793 4164 Guelferbytanis
816 4079 900 4142 meis
924 4080 956 4142 Ε
977 4089 1009 4141 et
1030 4080 1066 4152 F,
1091 4079 1169 4164 quid
1192 4078 1301 4142 ualeat
1322 4077 1356 4142 in
1379 4080 1561 4142 restituen

353 4181 417 4246 hoc
442 4204 540 4268 opere
563 4205 603 4247 ex
626 4185 667 4248 iis
690 4205 768 4247 mox
791 4185 977 4271 apparebit,
1003 4207 1086 4271 quae
1112 4185 1152 4247 de
1175 4183 1228 4248 his
1254 4164 1462 4270 exponemus
1490 4185 1561 4249 libr

352 4288 473 4353 Extant
495 4301 667 4376 praeterea
688 4293 723 4354 in
752 4291 868 4355 eadem
897 4291 1095 4355 bibliotheca
1123 4303 1195 4355 octo
1228 4291 1323 4356 codd.
1355 4295 1561 4379 manuscrip

355 4417 437 4482 quos
454 4395 666 4462 Leidensium
689 4400 821 4461 nomIne
838 4397 1085 4484 comprehendit
1101 4397 1286 4470 TorrenIus,
1310 4395 1502 4484 plerosque
1529 4402 1561 4485 ip

354 4503 496 4575 contulit,
520 4504 649 4569 sedita
679 4505 771 4568 utin
800 4506 956 4569 uarietate
985 4505 1062 4569 inde
1094 4516 1225 4570 enotata
1253 4503 1335 4568 nibil
1364 4507 1519 4569 omnino
1558 4509 1561 4570 ἔ

353 4624 485 4675 uentum
508 4612 559 4684 sit,
587 4612 676 4697 qnod
699 4613 911 4678 sinceriorem
934 4612 1087 4697 proderet
1115 4613 1247 4676 fontem.
1299 4610 1403 4676 Immo
1441 4612 1561 4698 quinti

355 4729 387 4780 et
414 4719 602 4808 septimum,
637 4719 693 4806 qui
727 4720 861 4805 saepius
892 4740 991 4805 quam
1013 4717 1130 4807 reliqui
1164 4719 1357 4784 nominatim
1380 4719 1559 4794 citantur,
