3409 5400
328 432 393 501 609
415 430 609 501 INFAMES
622 434 696 501 lilii
708 432 876 516 QVIBVS
890 435 949 503 Da
963 434 1122 504 CAVSIS
1135 436 1356 515 ABSOLVTI
1369 438 1470 503 ETC.
1609 522 1610 611 p

327 600 506 667 accusauit.
554 596 655 664 Cuius
678 620 790 675 causa,
814 620 1015 687 quamquem
1032 600 1242 687 grauissimis
1265 598 1466 665 criminibus
1490 614 1557 664 erat

327 707 494 781 confossa,
517 706 639 791 septies
663 705 818 790 ampliata
841 716 873 772 et
887 708 930 773 nd
946 708 1093 774 ultimum
1112 718 1231 772 octauo
1253 706 1376 773 indicio
1401 706 1559 794 absoluta
1609 710 1610 793 i

328 824 393 889 ost,
423 814 500 899 quia
526 811 723 877 hominess
743 840 763 877 s
783 838 802 876 o
825 814 1021 879 uerebantur
1050 836 1090 879 ne
1119 814 1317 899 praecipuae
1346 816 1556 879 accusatoris

331 919 536 1006 amplitudini
570 919 736 984 damnatio
770 921 840 985 eius
876 921 999 988 donata
1032 923 1278 987 existimaretur.
1336 918 1436 1002 Quos
1473 920 1556 985 hacc

330 1049 443 1093 secum
466 1026 592 1091 locutos
615 1026 824 1101 crediderim,
853 1028 1025 1094 ‘Nolumus
1049 1040 1148 1115 caput
1173 1027 1306 1093 alterius
1329 1036 1502 1111 petentem
1524 1028 1576 1091 ins

329 1135 485 1199 iudicium
508 1131 692 1219 triumphos
715 1145 748 1197 et
768 1144 905 1220 tropaea
931 1135 1103 1223 spoliaque
1129 1156 1169 1200 ae
1191 1134 1392 1199 deuictarum
1417 1135 1557 1198 nauium

328 1252 436 1305 rostra
448 1240 586 1304 deferre.
622 1238 788 1305 Terribilis
801 1243 843 1305 sit
853 1242 883 1307 is
897 1242 1058 1307 aduersus
1071 1242 1211 1317 hostem,
1223 1240 1305 1305 ciuis
1319 1260 1400 1304 uero
1412 1240 1557 1306 salutem

331 1358 419 1412 tauto
441 1348 574 1435 fragore
597 1346 722 1434 gloriae
745 1346 903 1415 subnixus
929 1370 969 1412 ne
993 1348 1200 1434 insequatur'.

268 1448 320 1515 12.
419 1454 500 1521 Tam
531 1453 742 1519 uehementes
768 1455 896 1519 iudices
925 1456 1086 1522 aduersus
1117 1453 1424 1519 excellentissimum
1458 1476 1557 1518 accu-

329 1573 473 1627 satorem
497 1583 596 1648 quam
618 1564 713 1625 mites
736 1562 771 1625 in
793 1560 893 1648 longe
915 1544 1080 1626 inferioris
1108 1562 1257 1625 fortunae
1279 1581 1348 1624 reo.
1403 1558 1588 1624 Calidius!

329 1669 550 1733 Bononiensis
571 1669 607 1731 in
635 1668 783 1733 cubiculo
814 1671 919 1734 mariti
950 1680 1049 1733 noctu
1079 1666 1320 1752 deprehensus,
1349 1686 1427 1730 cum
1458 1667 1502 1730 ob
1526 1666 1559 1731 id

330 1796 466 1837 causam
490 1771 638 1837 adulterii
660 1773 792 1849 diceret,
814 1775 897 1839 iuter
912 1777 1074 1840 maximos
1099 1786 1129 1839 et
1149 1776 1369 1862 grauissimos
1394 1773 1558 1836 infamiae

330 1880 446 1945 fluctos
470 1880 602 1943 emersit
624 1891 791 1969 tamquam
813 1882 1034 1969 fragmentum
1061 1881 1242 1968 naufragii,
1269 1880 1341 1945 leue
1373 1878 1557 1943 admodum

331 2008 436 2075 genus
465 1986 667 2053 defensionis
697 1987 878 2073 amplexus.
924 1987 1122 2053 Adfirmauit
1148 1990 1235 2052 enim
1265 2008 1303 2052 se
1331 1986 1374 2051 ob
1404 2004 1557 2049 amorem

328 2095 425 2180 pueri·
444 2094 534 2159 serui
556 2115 596 2157 eo
613 2116 689 2159 esse
704 2094 905 2180 perductum.
953 2096 1134 2181 Suspectus
1151 2104 1220 2159 erat
1233 2094 1336 2168 locus,
1360 2103 1585 2177 suspectumu

329 2213 469 2289 tempus,
492 2211 648 2286 suspecta
669 2201 948 2284 matrisfamiliae
975 2222 1135 2289 persona,
1164 2211 1317 2287 suspecta
1347 2200 1450 2263 etiam
1475 2198 1556 2263 adn·

332 2380 354 2435 i.
374 2380 469 2447 causa]
489 2382 569 2444 culpa
587 2378 619 2431 F.
638 2382 651 2446 ΙΙ
666 2380 734 2447 erat]
754 2383 829 2432 esset
846 2379 878 2433 F.
900 2379 912 2451 ii
926 2378 951 2435 2.
971 2379 1111 2447 ampliata]
1131 2380 1214 2430 dilata
1231 2378 1294 2432 Por.
1314 2376 1385 2428 etia
1404 2356 1509 2440 rasura
1526 2372 1555 2425 Δ.

342 2461 356 2521 ΙΙ
369 2458 395 2503 in
414 2456 510 2503 octauo
529 2449 560 2504 F.
580 2449 592 2521 ΙΙ
611 2446 637 2502 3.
656 2452 790 2517 homines]
810 2457 874 2518 post
898 2457 1058 2505 uerebantur
1081 2450 1112 2505 F.
1137 2447 1199 2501 aad.
1222 2450 1415 2537 sapientissimi
1437 2446 1543 2518 Turni

324 2521 487 2663 ,iiiii
504 2520 1116 2663 itiitil,iiiili‘iliii.iiiii·
1128 2516 1452 2657 inuisibilis*
1466 2524 1554 2643 iiii

330 2666 456 2715 uicturum
478 2660 628 2716 cnm
643 2660 655 2731 ΙΙ
670 2662 695 2715 i.
713 2662 750 2731 is}
770 2665 830 2715 istis
848 2663 880 2719 F.
900 2664 912 2737 ii
932 2665 958 2720 8.
978 2668 1082 2736 fulgore
1103 2664 1180 2719 Torr.
1196 2664 1210 2732 li
1227 2664 1381 2715 submissus
1399 2658 1431 2713 F.
1451 2660 1465 2730 ii
1486 2656 1554 2726 ihs.

331 2731 364 2786 te
382 2750 432 2789 ora.
450 2733 481 2787 Γ.
493 2735 507 2800 ΙΙ
518 2737 692 2786 uehementer
704 2751 750 2803 pr.
767 2734 799 2788 d.
811 2736 825 2803 Η
836 2741 980 2791 adtrmsum
1000 2737 1028 2792 F.
1043 2737 1055 2806 ΙΙ
1073 2737 1111 2791 to.
1125 2736 1217 2809 longo}
1237 2732 1301 2788 odd.
1317 2737 1345 2784 ut
1356 2731 1388 2786 F.
1403 2730 1416 2800 ΙΙ
1431 2734 1553 2786 caliidiru

329 2803 480 2860 ACDEF.
503 2801 537 2856 Vt
552 2820 600 2857 aaa
616 2806 679 2859 Par.
690 2804 705 2874 ΙΙ
719 2801 759 2858 iii.
778 2813 932 2873 sttspoctum
951 2813 1043 2862 matris
1062 2809 1099 2864 D.

330 2969 485 3020 restituerat
498 2968 656 3027 Glareanus,
675 2983 735 3018 cum
748 2970 855 3020 codices
869 2975 896 3022 et
913 2973 1046 3024 editiones
1058 2973 1164 3024 ueteres
1177 2970 1334 3022 exhiberent
1346 2967 1377 3018 [ι.
1389 2965 1553 3030 Scipionem.

331 3040 432 3091 Probat
449 3039 575 3090 (ilarenni
595 3040 693 3088 hictum
712 3041 828 3104 epitome
847 3042 991 3102 Vaticana,
1010 3059 1062 3094 non
1081 3045 1144 3095 item
1162 3043 1261 3110 Pighii,
1286 3055 1333 3094 reo
1357 3039 1455 3088 cottae
1479 3051 1554 3102 prae·

331 3111 456 3175 ponentis
473 3111 537 3161 iilud
556 3111 632 3160 Lucii
650 3125 823 3174 praenomen,
842 3117 1020 3166 coniecturam
1045 3115 1195 3173 ooniirmat,
1221 3125 1381 3177 quamquam
1400 3109 1424 3159 is
1445 3113 1506 3158 erat
1524 3110 1553 3158 L

333 3184 457 3233 Aurelius
475 3183 552 3232 Cotta
570 3185 656 3243 (cons.
675 3199 700 3234 u.
718 3178 793 3249 610),
813 3200 892 3250 quem
911 3190 1087 3236 accusauerat
1105 3187 1135 3236 P.
1154 3183 1253 3248 Scipio.
1288 3183 1327 3234 Gi.
1346 3181 1491 3232 Tac.ann.
1511 3181 1554 3230 iii.
1609 3231 1610 3238 χ

332 3250 375 3302 titi.
411 3254 480 3303 Nam
499 3264 558 3303 curu
577 3252 681 3302 Paridis
700 3257 885 3318 compendium
902 3257 940 3306 iia
956 3258 1072 3320 incipiat,
1093 3254 1169 3308 Cotta
1187 3269 1204 3304 a
1223 3252 1251 3304 Ρ.
1269 3249 1393 3320 Scipione
1405 3247 1553 3301 Acutiliano

330 3321 404 3391 opud
420 3322 523 3377 iudices
539 3320 576 3374 od
588 3321 714 3392 populant
733 3332 885 3381 accusatae.
911 3328 1034 3378 Valerius
1059 3328 1165 3378 omniuo
1185 3327 1278 3376 Cottae
1302 3335 1472 3388 praenomen
1493 3323 1553 3372 reti·

331 3397 421 3446 tuisse
440 3397 551 3448 uidetur.
588 3396 675 3446 Maior
691 3398 855 3464 ambiguitas
873 3399 898 3448 in
912 3413 945 3448 eo
958 3402 1008 3455 cst,
1025 3400 1097 3461 quod
1112 3399 1219 3448 codices
1237 3396 1322 3446 nostri
1340 3406 1435 3444 omnes
1456 3397 1485 3442 et
1503 3394 1552 3444 Va·
1609 3423 1610 3444 i

330 3468 436 3518 thanna
454 3467 558 3517 Paridis
576 3467 648 3530 apud
671 3469 798 3530 populum
825 3471 928 3520 cottam
954 3473 1110 3520 accusatum
1140 3468 1292 3532 perhibent,
1318 3481 1379 3516 cum
1400 3467 1497 3514 tameo
1521 3479 1553 3514 ex
1609 3467 1610 3498 i

330 3538 484 3588 narratione
514 3553 574 3588 cum
597 3539 734 3588 Ciceronis
763 3542 817 3588 tum
843 3540 945 3590 Valerii
973 3542 1077 3590 constet
1107 3553 1217 3590 causam
1238 3538 1315 3588 iiiam
1343 3539 1370 3586 in
1395 3537 1554 3601 quaessiooe

331 3609 451 3676 legitima
468 3611 530 3658 ante
548 3612 700 3672 praetorem
718 3612 745 3659 ct
756 3611 858 3660 iudices
878 3614 913 3659 ab
932 3627 964 3661 eo
984 3611 1141 3661 constitutos
1155 3612 1181 3661 ei
1193 3610 1280 3659 actam
1294 3621 1358 3658 esse
1370 3609 1398 3656 et
1414 3621 1431 3656 a
1447 3607 1553 3657 Vsterio

330 3686 417 3728 actam
439 3680 534 3742 putari.
570 3680 605 3729 lit
628 3695 695 3730 sane
720 3681 842 3744 quaestio
866 3683 899 3731 tie
925 3683 1076 3746 repetundis
1101 3684 1153 3731 iarn
1179 3681 1271 3731 decem
1295 3680 1322 3728 et
1344 3681 1450 3742 septem
1477 3679 1554 3728 annis

330 3753 393 3799 onie
412 3751 462 3799 hoc
481 3750 612 3806 iudicium,
631 3753 700 3816 quod
719 3752 818 3801 iscium
837 3765 901 3802 esse
920 3755 1019 3803 ecimus
1039 3769 1109 3802 anno
1127 3747 1194 3807 622,
1213 3749 1332 3801 instituta
1351 3752 1417 3800 erat.
1457 3749 1555 3799 Amce

330 3821 417 3885 sitque
436 3819 526 3883 Scipio
544 3823 577 3869 aii
598 3821 668 3870 hanc
686 3825 884 3873 accusationem
903 3827 974 3874 teste
993 3826 1119 3874 Cicerone
1138 3827 1164 3874 ct
1178 3820 1393 3872 Pseudoasconio
1413 3822 1472 3872 ic.
1491 3821 1554 3870 duo·

331 3893 390 3939 bns⁴
402 3890 585 3940 consulatibus
604 3893 631 3941 et
648 3905 764 3942 censura
781 3895 896 3954 iunctus,
916 3898 978 3958 post
996 3909 1065 3961 quae
1083 3897 1163 3945 nilum
1177 3893 1363 3962 magistratum
1381 3905 1434 3940 non
1457 3893 1554 3960 gessit.

330 3975 381 4012 nec
399 3961 479 4018 licuit,
498 3964 526 4009 ut
544 3964 616 4011 recte
635 3964 820 4014 animaduertit
837 3966 962 4033 Pighius.
984 3968 1087 4030 prierato
1105 3968 1167 4015 tune
1185 3963 1313 4028 temporis
1332 3975 1428 4012 nomen
1448 3963 1555 4012 deterre

331 4033 402 4096 apud
422 4032 555 4094 populum.
591 4037 667 4093 Quae
685 4049 744 4083 cum
763 4037 801 4085 ita
819 4051 850 4087 sc
870 4039 1001 4094 habeant,
1028 4039 1067 4088 uir
1085 4037 1197 4105 egregie
1216 4037 1310 4085 doctus
1327 4033 1418 4096 popuii
1436 4047 1555 4083 comma·

330 4104 505 4155 morationem
525 4103 671 4166 proiectam
690 4119 753 4155 esso
766 4109 918 4171 suspicatur
937 4125 954 4158 n
966 4109 1082 4164 librario,
1102 4109 1145 4174 qui
1162 4121 1213 4158 non
1226 4105 1384 4156 intellexerit
1402 4105 1555 4169 acripbrrac

330 4175 514 4240 compendium
533 4169 603 4227 Pit..
625 4189 676 4240 quo
688 4179 825 4228 notaretur
837 4181 952 4244 praetor.
990 4183 1036 4229 Cui
1055 4180 1170 4243 opinioni
1189 4193 1241 4227 non
1257 4189 1367 4240 possum
1380 4176 1445 4235 quin
1460 4191 1554 4225 aseen-
1609 4203 1610 4206 =

329 4249 390 4304 tiar,
409 4247 470 4309 ipsa
488 4261 518 4296 re
535 4248 660 4301 coactns,
684 4263 843 4314 quamquam
864 4251 931 4300 satis
950 4251 1057 4317 antiquo
1075 4252 1128 4299 iam
1153 4251 1273 4312 tompore
1293 4245 1452 4295 Valerianos
1473 4248 1554 4296 libros

332 4313 405 4386 apati
421 4315 546 4385 populata
569 4318 726 4370 exhibuisse
748 4335 909 4385 persuasum
935 4323 1063 4378 italicam,
1088 4321 1213 4383 quoniam
1235 4320 1304 4368 idern
1329 4317 1355 4366 in
1377 4329 1428 4366 suo
1456 4317 1554 4368 Valerii

332 4391 457 4452 exemplo
475 4390 612 4439 exoratum
632 4396 789 4454 reppererat
807 4392 889 4442 iulius
908 4393 996 4450 Paris,
1017 4395 1061 4458 qni
1079 4391 1242 4458 praedictam
1261 4387 1443 4438 difficultatem
1465 4393 1554 4439 sustri-

333 4461 400 4510 iisse
412 4459 464 4508 sibi
484 4461 558 4509 rusus
577 4463 620 4510 est
641 4461 747 4529 tingens
767 4463 869 4512 Cottam
894 4463 964 4525 opud
983 4465 1084 4514 indices
1106 4465 1141 4512 ad
1160 4461 1285 4526 populum
1304 4472 1368 4509 ease
1386 4463 1553 4509 accrrsatum.

404 4528 467 4594 qaia
487 4529 602 4582 tornines
618 4557 631 4582 ι
650 4557 663 4583 s
677 4559 690 4584 n
708 4529 876 4593 emebantur)
905 4533 1076 4597 Perspicuum
1102 4537 1145 4584 est
1167 4547 1221 4583 non
1243 4533 1316 4582 reete
1339 4529 1438 4580 cerium
1465 4545 1553 4599 genos

334 4599 479 4657 hominum,
498 4603 531 4650 de
549 4617 602 4663 quo
620 4603 687 4652 nihii
703 4605 739 4652 sit
756 4604 944 4666 praemissum,
964 4605 1077 4668 simpiici
1095 4606 1141 4655 iiia
1155 4606 1237 4654 totius
1251 4601 1358 4672 generis
1371 4601 1553 4664 appellatione

335 4667 489 4734 signidem-i,
508 4673 559 4720 aed
576 4673 723 4724 desiderari
736 4675 927 4724 accuratiorem
940 4677 1074 4736 quandam
1085 4677 1200 4727 iudicum
1213 4673 1416 4726 denotationem.
1453 4671 1552 4724 Dubito
