3409 5400
566 486 727 569 muln,
751 492 788 559 G.
812 494 843 571 2,
865 494 938 561 [ixl.
962 504 992 574 ς.
1018 498 1047 564 1.
1070 501 1103 565 2.
1386 494 1458 575 {ete

230 672 270 717 se
293 652 325 717 ei
348 652 383 719 Τ.
399 650 552 719 Iubellius
569 654 698 721 Taurea
716 655 908 741 Campanus
930 655 1046 720 obtulit
1068 668 1100 721 et
1123 680 1221 745 quam
1244 665 1346 746 potuit
1368 665 1466 730 clara

229 778 315 823 uoce
337 758 535 841 ‘Quoniam'‚
562 762 680 849 inquit,
700 761 823 836 eruut,
854 772 944 839 tanta
973 763 1149 848 cupiditate
1177 764 1351 832 hauriendi
1379 792 1455 835 san-

230 866 342 951 guinis
365 867 470 929 nostri
494 868 625 941 teneris.
649 866 728 953 quid
751 888 868 933 cessas
890 869 926 933 in
947 888 1001 933 me
1029 880 1199 935 cruentam
1227 894 1376 938 securem
1400 876 1455 939 de·

229 971 403 1055 stringere,
428 983 462 1035 ut
483 972 617 1060 gloriari
639 975 750 1058 possis
766 975 934 1039 fortiorem
950 975 1117 1061 aliquanto
1134 978 1240 1041 uirum
1261 1000 1363 1063 quam
1383 981 1455 1062 ipse

90 1096 92 1173 p
205 1094 268 1141 ees
297 1087 357 1141 tuo
383 1076 479 1143 iussu
508 1100 585 1143 esse
607 1078 869 1165 interemptum?
909 1080 959 1144 lio
988 1080 1108 1145 deinde
1135 1082 1291 1162 [dicente]
1318 1082 1455 1146 libenter

89 1186 92 1241 l
229 1182 264 1247 id
287 1204 323 1247 se
347 1182 451 1247 luisse
473 1184 645 1260 facturum,
670 1187 734 1250 nisi
758 1196 893 1251 senatus
917 1185 1082 1251 uoluntete
1111 1189 1327 1273 inpediretur,
1356 1190 1453 1251 adlir·

229 1298 356 1363 mente,
385 1288 439 1351 ‘At
460 1289 538 1365 mc'.
560 1268 680 1377 inquit,
705 1292 769 1355 ‘cui
784 1288 865 1359 nibil
887 1302 997 1377 patres
1010 1296 1186 1379 conscripti
1208 1304 1454 1382 praeceperunt.

227 1394 353 1481 aspice,
377 1394 481 1459 oeulis
505 1397 636 1481 quidem
659 1399 722 1461 tuis
747 1408 893 1483 gratum,
925 1399 1035 1462 animo
1060 1420 1138 1463 uero
1161 1412 1215 1463 tuo
1239 1401 1347 1465 maius
1370 1422 1454 1485 opus

229 1500 398 1575 edentem,
422 1503 636 1587 protinusque
659 1504 830 1567 interfecta
852 1504 995 1592 coniuge
1023 1524 1062 1567 ac
1084 1504 1196 1569 liberis
1228 1506 1339 1591 gladio
1363 1507 1454 1571 incu-

192 1609 307 1676 tobuit.
360 1606 467 1686 Quem
494 1606 583 1672 illurn
613 1608 719 1671 uirum
742 1619 895 1693 putemus
925 1609 1046 1684 luisse,
1079 1612 1133 1695 qui
1161 1632 1296 1677 suorum
1325 1634 1366 1676 ac
1393 1632 1456 1675 sua

228 1714 330 1778 caede
347 1714 459 1777 testari
475 1713 628 1777 noluitne
645 1712 750 1777 Fuluii
766 1712 990 1779 crudelitatem
1002 1715 1185 1803 suggillare
1202 1739 1301 1804 quam
1316 1728 1452 1782 senatus

229 1819 459 1885 misericordia
480 1820 526 1882 uti
549 1817 733 1885 maluisset
931 1813 935 1819 ’

317 1924 403 2012 Age,
424 1924 526 1989 Darei
550 1936 690 2010 quantus
716 1924 814 1989 artior
837 1924 953 1989 animi!
989 1926 1054 2006 Qui
1078 1949 1152 1991 eum
1169 1926 1305 1993 sordida
1328 1940 1359 1991 et
1381 1922 1495 1992 cru-2.

225 2031 294 2097 -deli
307 2050 482 2117 magorum
498 2031 667 2117 tyrannide
683 2030 806 2093 Persas
829 2029 982 2095 liberaret
999 2054 1162 2119 unumque
1186 2054 1226 2097 ex
1241 2034 1296 2098 his
1311 2022 1479 2099 obscuro?

190 2138 301 2208 roloco
326 2138 490 2201 abiectum
512 2139 660 2221 corporis
683 2136 830 2223 pondere
857 2150 1004 2221 urgeret,
1033 2140 1193 2223 praeclari
1221 2142 1330 2225 operis
1360 2141 1452 2203 socio

228 2244 361 2331 plagam
386 2244 416 2305 ci
438 2242 559 2305 inierre
582 2243 755 2311 dubitanti,
779 2262 837 2315 ne,
862 2240 939 2306 dum
962 2242 1100 2330 Magum
1129 2247 1221 2329 petit,
1248 2246 1359 2330 ipsum
1381 2244 1451 2308 uul-

228 2361 367 2423 neraret‚
392 2346 450 2412 ‘Tu
473 2348 573 2423 ucro'‚
596 2351 716 2435 inquit,
746 2350 837 2416 ‘nibil
860 2363 909 2415 est
934 2350 1020 2436 quod
1045 2363 1197 2435 respectu
1218 2351 1284 2413 mei
1308 2350 1451 2413 timidius

228 2455 339 2543 gladio
363 2454 482 2529 utaris3
506 2452 559 2518 uel
581 2476 640 2539 per
657 2468 825 2543 utrumque
849 2458 940 2521 illum
964 2475 1048 2543 agas
1065 2456 1149 2530 licet,
1173 2456 1251 2519 dum
1273 2454 1327 2519 hic
1351 2474 1452 2541 quam

227 2563 393 2628 celerrime
416 2559 548 2647 pereat'.
1434 2576 1438 2582 ·

733 2686 946 2700 -ι--η

231 2754 254 2813 l.
273 2760 384 2811 nibellus
403 2756 434 2809 A.
452 2759 565 2810 lubelius
584 2755 615 2810 l'.
636 2753 677 2825 12.
697 2747 839 2810 Fuluiam.
859 2755 890 2810 l’.
903 2758 916 2826 Η
928 2758 1069 2822 cupiditate
1088 2759 1163 2808 trinta
1182 2755 1259 2809 Torr.
1271 2756 1285 2825 ll
1296 2751 1321 2808 3.
1335 2758 1449 2808 securim

231 2829 306 2885 Torr.
326 2827 366 2896 φ’.
385 2825 435 2880 lul.
453 2829 515 2880 Pur.
534 2825 555 2885 l.
575 2826 601 2886 3.
638 2867 644 2880 .
660 2825 672 2897 ΙΙ
688 2831 847 2898 distringere
866 2828 990 2882 Aaou,
1010 2829 1141 2896 stringere
1160 2823 1198 2882 D.
1214 2827 1228 2895 ΙΙ
1244 2825 1270 2879 l.
1295 2828 1324 2876 ut
1340 2841 1390 2877 om.
1405 2841 1449 2893 pr.

231 2899 258 2954 C.
271 2901 283 2970 Η
295 2902 438 2968 aliquunde
456 2897 610 2953 AacM.
623 2897 672 2966 115.
693 2901 808 2966 dicente]
827 2899 884 2952 eine
902 2899 978 2952 uncie
997 2897 1074 2949 Torr.
1085 2899 1099 2966 ΙΙ
1110 2897 1136 2951 o.
1160 2900 1197 2964 id]
1217 2901 1256 2950 ult
1279 2895 1336 2958 (seul
1344 2896 1450 2964 punctis

228 2977 352 3033 notatum)
369 2968 400 3024 A.
420 2973 497 3036 idque
516 2968 552 3021 D.
565 2971 578 3038 ΙΙ
590 2971 632 3038 se]
653 2978 712 3024 autc
729 2974 842 3022 libenter
860 2969 894 3022 E.
906 2969 920 3038 Η
932 2973 1089 3023 nrlllrrnuntc
1107 2986 1155 3021 oua
1174 2969 1202 3022 E
1208 2967 1317 3021 l'Torn
1337 2967 1350 3036 ll
1371 2965 1395 3016 7.
1415 2969 1450 3016 ad

228 3041 319 3094 ARC-
339 3055 371 3091 oe
388 3038 483 3108 Dilll
501 3037 525 3094 8.
544 3043 598 3092 tuis
620 3045 725 3106 quidem
752 3041 828 3095 Torr.
848 3037 861 3112 Η
881 3037 906 3093 il.
925 3044 1055 3092 incumbit
1073 3039 1102 3092 C.
1119 3039 1133 3108 Η
1154 3038 1197 3093 lo,
1218 3045 1302 3101 Quom
1328 3067 1362 3078 -
1382 3035 1450 3104 (1'2.)

228 3113 358 3164 ualuisse
376 3126 425 3162 om.
444 3109 475 3162 Γ.
489 3110 501 3182 ΙΙ
520 3111 559 3162 ΙΙ.
578 3113 674 3182 Fuluii]
702 3115 747 3164 ful.
770 3112 829 3174 (sic)
853 3115 954 3162 romuui
972 3109 1034 3177 ΕΙΙ
1055 3113 1183 3180 sugillare
1201 3109 1258 3176 All
1278 3107 1318 3160 13.
1337 3111 1357 3160 Α
1381 3125 1449 3158 e·-

229 3183 308 3232 animi
340 3195 388 3230 om.
425 3193 447 3233 r.
467 3180 495 3234 C.
514 3173 653 3249 oge'durii
672 3186 785 3248 qrruntus
805 3186 885 3234 urdor
903 3197 992 3247 murpo
1014 3180 1043 3233 0.
1061 3180 1075 3253 u
1094 3186 1159 3232 dare
1178 3179 1212 3233 Β.
1236 3182 1302 3232 darii
1321 3125 1412 3230 Dd‘l'
1425 3183 1451 3230 ct

229 3263 318 3316 morpe
339 3247 367 3304 C.
389 3198 465 3301 ttrr.
476 3250 490 3315 ΙΙ
502 3255 619 3302 crudelia
637 3251 668 3304 A.
680 3253 693 3320 ll
709 3250 749 3306 tl.
774 3255 919 3305 liberasset
936 3250 968 3306 Β.
986 3253 1000 3320 Η
1017 3269 1050 3302 ex
1070 3254 1109 3303 cis
1133 3251 1196 3304 Por.
1225 3266 1258 3302 cx
1281 3251 1315 3298 its
1336 3247 1413 3298 Torr.
1425 3248 1440 3314 {l

184 3323 187 3330 '
232 3318 272 3374 lli.
291 3319 427 3373 dubitante
445 3319 511 3372 ΒΓ.
523 3320 537 3388 ΙΙ
549 3327 651 3386 peteret
668 3321 705 3376 D.
724 3324 737 3390 ΙΙ
758 3321 797 3375 18.
817 3324 908 3392 gladio
929 3324 1046 3373 timidius
1070 3318 1103 3374 Β.
1122 3321 1135 3390 Ι]
1154 3323 1199 3371 uel
1216 3348 1252 3359 -
1270 3313 1337 3385 (19.)
1357 3320 1450 3381 pereat

228 3407 278 3444 om.
296 3388 321 3443 Γ
320 3427 327 3443 .
342 3387 354 3462 ΙΙ
368 3391 430 3440 illud
450 3388 481 3445 A.
499 3393 526 3440 id
544 3389 580 3444 Ε.

228 3573 385 3635 turbentque
404 3583 435 3619 se
457 3569 550 3618 obtulit
574 3569 754 3618 occidendum.
796 3567 866 3616 Τιιιιι
889 3570 962 3617 recte
986 3567 1097 3616 Fuluius
1120 3566 1234 3614 senatus
1256 3561 1394 3612 uoluntate
1417 3575 1449 3612 se

227 3642 339 3705 inpediri
358 3640 498 3705 quominus
516 3641 542 3690 id
562 3639 664 3690 luceret
680 3637 868 3702 pronuntiauit.
1395 3649 1398 3655 ·

298 3708 340 3762 Eo
359 3707 452 3761 deinde
472 3707 612 3776 [dicenteD
639 3709 752 3760 Plenum
776 3709 819 3756 ost
836 3707 972 3756 librarium
992 3706 1093 3766 antiqui
1114 3706 1252 3756 cuiusdam
1271 3703 1374 3763 codicis
1389 3717 1449 3766 per·

228 3797 319 3846 peram
339 3784 365 3831 b.
384 3780 402 3832 l.
420 3783 568 3832 inseruisse
586 3796 612 3831 u.
637 3777 753 3832 dicente.
780 3779 844 3839 quie
868 3778 980 3826 alterum
1004 3776 1067 3824 illud
1092 3777 1212 3825 ciusdem
1235 3775 1448 3841 significationis

228 3849 391 3918 utifirrnaatc.
410 3853 491 3916 poulo
509 3851 636 3902 remotius
654 3865 707 3901 non
717 3848 950 3899 animaduerteret.
986 3847 1158 3896 Recentiorcs
1177 3861 1242 3896 uero
1260 3846 1368 3902 librarii,
1389 3859 1448 3894 cum

227 3924 301 3986 prius
323 3923 481 3986 posuissent
506 3919 620 3979 dicente,
645 3923 758 3972 alterum
782 3924 920 3986 tumquom
944 3933 1140 3984 superuacuum
1165 3919 1324 3975 omiserunt,
1348 3929 1449 3981 eosque

226 3995 297 4043 mule
316 3994 401 4043 secuti
420 3995 480 4044 sunt
502 3994 628 4044 editores.

297 4061 323 4116 2.
343 4065 382 4113 ct.
401 4065 498 4115 llerod.
517 4065 562 4121 111,
583 4061 624 4117 le.
651 4065 717 4116 lust
737 4065 756 4120 1.
776 4059 802 4116 ll.

296 4132 351 4198 Ace
380 4130 469 4184 Darei
497 4139 618 4201 mles)
650 4135 777 4200 Gobryae
800 4135 851 4183 boc
878 4134 964 4183 fuisse
994 4133 1093 4182 dictum
1119 4131 1281 4251 Dar'pmque
1310 4131 1449 4181 dubitasse

225 4207 336 4272 plagam
355 4205 453 4255 inferre
471 4219 567 4274 mogo.
592 4219 627 4255 nc
652 4205 730 4256 simul
755 4205 893 4268 Gebryam
918 4204 1083 4260 uulnerurot,
1108 4218 1141 4254 ex
1160 4204 1309 4259 lerodoto.
1335 4215 1448 4264 qrrocum

226 4277 282 4326 loro
302 4277 433 4325 consentit
451 4276 576 4334 lustinus.
596 4276 733 4326 ednotoult
750 4277 804 4324 iarn
823 4276 981 4327 Glareanus.
1023 4275 1104 4324 Error
1126 4277 1217 4324 autern
1238 4273 1326 4335 ipsius
1348 4269 1447 4318 Valerii

227 4349 283 4404 est.
309 4359 376 4403 non,
401 4349 431 4395 ut
455 4349 615 4409 opinabatur
636 4347 756 4414 Pighius,
786 4347 964 4398 librariorum.
1000 4347 1099 4396 Vernus
1127 4345 1285 4407 scripturum
1312 4339 1449 4388 reuocauit

226 4417 379 4470 Tumulus.

297 4483 371 4538 etum
390 4492 464 4552 apos)
493 4488 575 4538 Liber
592 4488 738 4538 lternensls
756 4484 831 4536 illut
867 4490 943 4546 Quod
963 4502 1022 4536 cum
1040 4489 1067 4536 lu
1087 4489 1179 4534 docem
1198 4482 1335 4530 codicibus
1352 4493 1447 4541 reppe-

226 4559 309 4608 risset
325 4557 481 4616 'I'orrenius,
500 4560 572 4608 reete
591 4559 714 4608 absolute
732 4558 849 4620 positum
867 4560 951 4620 putat,
969 4559 1008 4605 ita
1023 4560 1054 4606 ut
1070 4555 1242 4620 intellegetur
1259 4549 1340 4604 ‘illrub
1365 4549 1447 4610 quod·

226 4643 340 4692 cumque
359 4629 387 4678 in
405 4643 486 4680 mauu
504 4630 609 4680 bubes'.
645 4628 697 4678 Serl
715 4629 791 4685 talia.
811 4627 915 4691 siquid
934 4629 1032 4684 sentio.
1050 4641 1068 4674 a
1082 4625 1190 4678 Vulorlo
1208 4623 1298 4672 aliene
1314 4622 1390 4674 suntr
1409 4619 1447 4667 in-

227 4701 395 4752 commodum
414 4701 475 4758 boc,
495 4716 555 4751 euru
573 4701 652 4750 modo
663 4698 844 4764 praecesserit
862 4698 948 4766 gladii
963 4697 1130 4747 uocabulum.
1166 4690 1365 4756 Alienissirnum
1382 4705 1447 4755 uero
