3409 5400
282 518 346 587 ast
499 513 558 580 DE
584 508 877 581 ABSTINENTIA
897 507 1284 577 praemineant.

281 673 525 744 adulescentiae
548 677 644 762 erigor
669 678 826 739 extinctus
857 689 921 750 est,
950 674 1083 738 alterius
1111 672 1278 738 uiduitatis
1305 668 1512 758 experientia

283 760 462 849 consenuit.
508 782 579 847 Hoc
603 784 785 847 cubiculum
799 784 917 848 talibus
930 782 1160 868 experimentis
1178 800 1341 846 summam
1359 781 1511 864 inponat.

240 890 272 957 4.
369 890 536 975 Deinceps
561 900 591 953 ct
614 890 664 953 his
677 913 845 965 uacemuS,
870 914 1008 977 quorum
1018 894 1149 955 animus
1167 889 1277 975 aliquo
1295 889 1328 951 ia
1340 885 1510 950 momento

283 999 435 1085 ponendo
459 1000 633 1083 pecuniam
663 1020 841 1085 numquam
873 1001 1013 1064 tracauit.
1064 998 1125 1061 (in.
1154 996 1315 1066 Marcius,
1349 994 1509 1081 patriciae

283 1109 390 1193 gentis
415 1105 620 1177 adulescens,
645 1104 730 1168 Anci
751 1107 842 1192 regis
867 1106 958 1171 clara
978 1107 1169 1193 progenies
1192 1105 1245 1167 cui
1269 1102 1401 1177 Cerloli,
1423 1097 1537 1163 Vol-⁵
1633 1155 1634 1158 ,

283 1234 414 1277 ecorum
439 1211 611 1296 oppidum,
640 1214 725 1297 eapti
755 1233 940 1299 cognomen
969 1214 1171 1287 adiecerunt,
1202 1233 1280 1275 cum
1306 1210 1401 1273 editis
1429 1229 1509 1271 con-

284 1321 417 1404 spicuae
433 1318 628 1383 fortitudinis
653 1320 806 1405 operibus
825 1319 1018 1384 aPostumo
1035 1321 1184 1384 (lominie
1204 1317 1340 1381 consule
1355 1326 1510 1379 accurata

284 1428 429 1491 ortttioue
454 1421 541 1512 april
564 1426 681 1489 milites
697 1426 859 1501 laudatus,
884 1425 1036 1491 omuibus
1053 1427 1148 1491 (lonis
1164 1425 1358 1491 militaribus
1380 1436 1414 1486 et
1435 1424 1510 1507 agri

284 1545 415 1598 centum
450 1534 616 1621 iugeribus
660 1546 692 1597 et.
728 1536 841 1599 decem
879 1535 1083 1620 captiuorum
1117 1534 1274 1597 electione
1309 1543 1341 1594 et
1374 1530 1508 1593 totidem

284 1643 412 1707 ornatis
426 1642 529 1729 equis,
553 1644 739 1706 centenario
756 1642 856 1707 boum
873 1662 975 1729 grege
995 1653 1208 1728 argentoque,
1232 1649 1388 1727 quantum
1408 1637 1510 1700 susti·
1522 1649 1549 1691 ¹⁰

284 1768 362 1815 uere
392 1749 566 1822 ualuisset,
597 1748 787 1823 donaretur,
824 1747 904 1811 nihil
935 1770 975 1812 ex
1004 1749 1055 1812 his
1086 1759 1215 1835 praeter
1241 1748 1339 1811 unius
1367 1743 1509 1829 hospitis

284 1856 404 1941 captiui
428 1854 566 1917 salutem
591 1875 785 1939 equumque,
810 1876 874 1940 quo
898 1856 931 1917 in
956 1858 1027 1919 acie
1048 1867 1201 1928 uteretur,
1225 1855 1375 1939 accipere
1397 1850 1509 1915 uoluit.

284 1963 360 2044 Qua
382 1974 449 2024 tam
473 1961 710 2045 circumspecta
733 1962 832 2025 animi
854 1962 1078 2026 moderatione
1099 1964 1231 2027 nescias
1254 1975 1361 2025 utrum
1385 1957 1511 2022 nraiorc

284 2090 358 2163 cqm
381 2066 479 2133 lautle
502 2068 652 2153 praemia
676 2068 810 2157 elegerit
834 2090 878 2133 an
900 2068 1058 2133 reiecerit.

243 2164 314 2259 bs
374 2174 429 2238 Μ’.
452 2186 561 2239 autern
586 2174 714 2248 Curius,
740 2177 950 2240 exactissima
971 2198 1089 2239 norma
1115 2176 1287 2241 Romanae
1310 2175 1510 2263 frugalitatis
1523 2188 1550 2234 ts

284 2283 437 2369 idemque
453 2280 649 2347 fortitudinis
666 2283 968 2367 perspectissimum
985 2283 1162 2368 specimen,
1179 2284 1376 2348 Samnitium
1390 2282 1511 2369 legatis

283 2457 309 2512 2
329 2461 476 2512 conseneiit
493 2457 531 2513 D.
544 2456 556 2527 ΙΙ
571 2456 597 2513 3.
617 2461 750 2526 Deinceps
770 2490 804 2499 -·-
823 2454 872 2524 (1.)
898 2463 1005 2511 rrscsuit
1027 2476 1076 2512 om.
1096 2459 1127 2512 Γ.
1144 2458 1158 2527 ΙΙ
1176 2464 1203 2511 et
1225 2461 1281 2529 bis]
1299 2488 1311 2514 ι
1327 2487 1339 2514 0
1357 2463 1401 2512 bis
1419 2458 1451 2511 A.
1475 2475 1510 2511 ex

284 2532 336 2583 hiis
356 2530 418 2585 BC.
438 2533 480 2581 his
500 2530 530 2584 F.
551 2532 562 2604 11
583 2528 608 2583 t.
628 2534 742 2596 ponendi
766 2528 948 2584 ABCDEF.
974 2530 1097 2583 Correxit
1125 2525 1253 2585 Vorstiss.
1272 2534 1284 2599 11
1305 2534 1393 2583 uactrit
1414 2528 1472 2582 BG
1486 2536 1513 2582 et

281 2619 327 2671 pr.
345 2602 376 2657 Α.
397 2605 533 2655 tracauerit
552 2618 621 2656 corr.
639 2601 693 2669 Feli
706 2604 763 2669 Cn]
784 2620 802 2672 g
821 2601 859 2657 D.
877 2620 904 2671 g.
923 2605 994 2655 euim
1012 2602 1041 2654 F.
1053 2603 1066 2671 ll
1078 2618 1185 2655 marcus
1203 2602 1231 2655 E
1249 2609 1275 2654 ct
1288 2618 1333 2670 pr.
1352 2601 1406 2671 liti
1417 2599 1443 2653 5.
1464 2618 1511 2653 eu·

286 2676 343 2725 rioli
361 2672 393 2726 Β.
414 2676 540 2726 coriolum
560 2674 596 2730 D.
617 2676 721 2728 curtiali
740 2672 770 2729 Γ.
783 2671 833 2744 1111.
853 2676 987 2740 captiuum
1007 2673 1032 2726 Γ
1049 2680 1073 2725 et
1086 2690 1132 2742 pr.
1145 2673 1177 2727 Δ.
1197 2677 1304 2740 captum
1322 2672 1348 2726 Β
1355 2671 1471 2728 CDEF
1483 2678 1511 2724 et

285 2761 354 2798 corr.
373 2745 404 2803 Α,
427 2745 503 2797 Torr.
523 2745 585 2798 add.
604 2749 621 2796 l'
641 2748 710 2810 capti
724 2763 800 2796 suum
814 2759 905 2811 maryo
917 2745 948 2797 A.
963 2746 975 2813 ΙΙ
991 2747 1088 2797 adiecit
1105 2744 1219 2797 D'l'orr.
1232 2745 1245 2813 ΙΙ
1256 2745 1281 2798 7.
1298 2747 1433 2796 Postumio
1446 2744 1509 2798 Par.

286 2816 328 2884 Cs.
349 2823 415 2870 auct.
435 2815 468 2868 de
481 2832 576 2884 preca.
595 2815 788 2882 'lllcuuunino
809 2815 872 2882 D.ll
889 2815 1036 2884 libemus]
1057 2815 1120 2871 add.
1133 2822 1160 2870 et
1178 2815 1203 2868 Γ
1219 2823 1244 2868 rt
1262 2832 1331 2869 corr.
1343 2814 1377 2869 E.
1387 2818 1402 2884 11
1414 2832 1510 2886 argen-

283 2891 376 2957 toque]
398 2905 448 2956 que
468 2903 516 2938 ara.
535 2887 568 2942 Ε.
580 2887 593 2952 ΙΙ
605 2889 744 2955 quantum]
765 2891 834 2954 quod
853 2885 884 2939 F.
895 2888 909 2954 ΙΙ
924 2885 965 2939 11.
985 2905 1020 2939 ex
1039 2889 1081 2938 bis
1100 2904 1149 2940 om.
1168 2886 1194 2939 Γ
1210 2894 1235 2938 ct
1247 2903 1294 2957 pr.
1312 2886 1350 2940 D.
1367 2887 1382 2956 ΙΙ
1399 2885 1440 2942 12.
1465 2902 1509 2937 sa·

284 2961 365 3010 lutem
384 2961 546 3028 equumque]
566 2962 649 3010 altum
669 2975 765 3020 equum
784 2957 987 3025 1111110111113.
1008 2957 1021 3029 ll
1042 2956 1083 3012 14.
1105 2959 1229 3028 elegerit}
1254 2961 1379 3012 meruerit
1401 2957 1509 3010 Fiat.

298 3028 310 3099 ΙΙ
328 3026 368 3082 15.
380 3033 406 3080 M
410 3069 416 3082 .
427 3033 516 3082 autem
526 3027 609 3083 Asc
614 3027 705 3082 DEF
710 3028 735 3081 Γ
738 3029 801 3082 Par.
814 3025 891 3080 Torr.
900 3028 1020 3081 Manium
1032 3046 1089 3081 cum
1097 3028 1189 3098 saissa
1201 3030 1300 3082 monuit
1310 3027 1386 3081 Torr.
1406 3028 1449 3096 Cf.
1463 3025 1509 3087 Vl,

284 3102 310 3168 3,
330 3099 380 3172 -1.ΙΙ
394 3097 435 3155 ltt.
455 3103 680 3168 perfectissimum
701 3099 737 3153 D.
749 3101 763 3170 Η
774 3102 917 3151 samnitum
936 3099 994 3154 EF
1011 3107 1037 3153 et
1053 3116 1124 3154 corr.
1142 3099 1179 3160 D,
1202 3099 1278 3153 Tere.
1297 3098 1402 3154 lacerta
1415 3116 1461 3168 pr·
1472 3097 1509 3152 D.
1615 3173 1618 3176 ⁴

791 3209 1004 3220 *φη-...-

355 3261 379 3316 Ι1.
400 3263 439 3316 Gi.
458 3264 536 3314 Diuu-
557 3263 616 3314 llul.
637 3263 685 3320 Vl,
705 3255 748 3313 91.
775 3263 957 3313 Dialectici.
980 3260 1020 3316 101
1047 3264 1125 3312 Casa.
1144 3263 1221 3314 Dion.
1239 3278 1298 3316 exe.
1319 3264 1378 3314 Vat
1396 3257 1423 3316 ll.
1445 3262 1510 3312 Met.

284 3337 344 3388 coll.
364 3337 395 3393 ll,
415 3353 440 3400 p.
460 3331 521 3386 528.
551 3333 625 3385 littei.
645 3336 677 3383 tle
697 3335 745 3384 uir.
764 3334 800 3388 ill.
822 3329 863 3385 111.

355 3406 427 3474 cepti
439 3421 577 3473 women
588 3402 750 3460 adissemus)
769 3403 842 3454 Ferri
856 3406 945 3471 nequit
958 3407 1027 3471 quoti
1041 3407 1066 3455 in
1080 3406 1216 3471 plerisque
1233 3405 1308 3455 libris
1321 3405 1509 3468 manuscriptis

285 3481 383 3548 tegitur
400 3483 519 3546 eaptsat,
545 3493 605 3527 curn
630 3478 763 3528 sententia
786 3477 888 3544 flagitet
911 3481 940 3528 ut
963 3479 1016 3527 hoe
1039 3477 1197 3530 autccttuum
1221 3493 1282 3528 cum
1299 3477 1406 3527 nomine
1424 3477 1508 3528 urbis.

285 3554 354 3602 unde
373 3551 580 3614 appellationem
598 3549 679 3598 traxit
697 3548 863 3607 Coriolanus
882 3549 941 3599 arte
964 3550 1153 3616 coniungatur,
1179 3563 1233 3598 nea
1252 3563 1312 3598 eum
1330 3549 1508 3612 appositione,

285 3638 338 3684 qtae
357 3623 420 3672 tttuu
439 3637 536 3672 nomen
555 3620 706 3670 accuratius
729 3620 859 3670 delinitur.
901 3621 989 3670 Atiam
1013 3621 1083 3669 enirn
1106 3635 1163 3668 rem
1188 3632 1252 3669 esse
1276 3621 1404 3683 apparet,
1429 3619 1453 3671 st
1476 3617 1507 3668 T.

285 3695 376 3742 Liuius
395 3687 501 3755 (11.33,
520 3687 549 3754 tt>
568 3693 689 3754 scripsit,
714 3688 758 3742 aa
773 3689 830 3751 fusi
853 3689 941 3742 Veteri
963 3689 1098 3744 Antiates.
1126 3688 1227 3742 Corioli
1248 3687 1375 3758 oppidem
1397 3693 1508 3756 em.

285 3763 420 3812 Valerium
439 3766 528 3814 sutem
546 3761 619 3828 capti
630 3763 757 3825 posuisse
776 3764 933 3812 documento
946 3764 1089 3826 praeterea
1101 3765 1153 3817 est,
1171 3763 1330 3834 optimorum
1343 3762 1509 3825 quorundam

284 3833 410 3882 librorum
429 3835 561 3896 scriptura
580 3831 727 3898 captiuum,
749 3847 827 3897 quam
846 3849 895 3896 pre
920 3834 1059 3897 archetypi
1079 3831 1152 3899 eapti
1176 3835 1311 3882 librarium
1336 3830 1510 3881 substituisse

287 3903 341 3950 ucri
360 3901 447 3950 sirnile
465 3905 520 3961 est,
545 3904 688 3967 quiaillud
708 3917 761 3952 non
784 3905 927 3953 contrenlre
951 3904 1092 3956 uidebatur
1115 3905 1285 3967 praecedeuti
1311 3903 1443 3970 singulari
1462 3918 1507 3951 nu·

285 3985 358 4020 tuero
382 3968 534 4023 Volscorum
552 3970 690 4039 oppidum
711 3987 758 4021 cru
776 3987 791 4021 e
810 3977 914 4039 captum
932 3976 991 4022 orta
1009 3975 1060 4031 sit,
1085 3976 1235 4037 probabitis
1253 3987 1338 4024 musa
1357 3975 1509 4037 suppeditat

285 4042 366 4092 ncilla.
409 4041 532 4105 Lipsius,
557 4059 616 4092 eum
640 4046 667 4092 et
690 4044 749 4106 ipse
772 4044 800 4092 ln
822 4045 914 4093 uetere
939 4046 1029 4094 codice
1053 4047 1201 4095 inuenisset
1219 4043 1353 4112 captiuum
1370 4059 1513 4110 capsam

285 4109 446 4166 adiecerant.
466 4114 493 4162 in
512 4115 625 4163 esuriem
638 4115 727 4163 incidit
737 4114 925 4173 coniecturam,
944 4115 971 4163 in
985 4131 1065 4180 qaam
1075 4129 1172 4166 censor
1186 4117 1246 4166 libri
1259 4116 1399 4175 Danielini,
1419 4117 1513 4183 legon-

285 4187 401 4250 ttumque
418 4197 482 4234 csse
500 4185 638 4247 preposuit
655 4182 729 4250 capti
744 4199 818 4234 susm
836 4199 983 4250 commem
1020 4185 1100 4247 Atqui
1111 4201 1258 4249 prenomen
1276 4188 1340 4238 1111111
1359 4202 1412 4237 nen
1430 4189 1512 4236 medo

284 4255 403 4308 muniat
420 4269 513 4306 uerum
531 4255 710 4318 praemissum
728 4256 828 4305 nomini
846 4271 897 4306 suo
916 4258 1066 4306 sententiae
1084 4259 1164 4309 etiam
1183 4260 1352 4309 editorsstur.

354 4322 380 4382 5.
399 4327 438 4376 Ci.
458 4328 512 4376 Cio.
529 4327 586 4376 oet.
605 4327 666 4378 mai.
689 4321 729 4384 16,
748 4320 791 4375 55.
817 4327 885 4377 Plut.
904 4329 1033 4392 apophth.
1052 4329 1112 4393 (Μ’.
1131 4330 1203 4393 Cirr.)
1221 4327 1246 4380 2.
1272 4331 1343 4380 utor.
1363 4331 1382 4388 l,
1405 4325 1445 4387 ttt.
1465 4325 1511 4380 Β.

283 4401 360 4453 Atrei.
378 4401 411 4450 tle
430 4399 478 4450 uir.
497 4399 534 4450 tlt.
554 4391 595 4449 ³3.
623 4397 746 4446 Fabricio
765 4397 791 4447 iri
811 4399 909 4448 dietum
928 4399 1018 4450 tribuit
1036 4400 1126 4450 nont
1145 4403 1222 4453 stret.
1242 4400 1301 4458 llll,
1319 4395 1346 4458 3,
1364 4399 1391 4452 2.

350 4467 591 4538 perspectissimum
608 4467 748 4535 specimen)
770 4469 790 4518 a
812 4471 907 4537 l’igbio
927 4473 1066 4535 usquead
1086 4471 1241 4521 Torrenium
1261 4473 1391 4522 celebatur·
1404 4469 1511 4538 petjfoe·
1607 4462 1613 4477 '

285 4540 426 4601 terimam,
451 4543 521 4607 quod
545 4541 589 4591 est
609 4540 636 4590 in
655 4541 745 4592 codiee
764 4541 932 4592 Boratinensi
948 4538 977 4591 D
997 4544 1037 4601 et,
1062 4543 1093 4591 ut
1109 4544 1185 4605 puto,
1211 4544 1335 4608 quamuis
1354 4545 1435 4594 sileat
1457 4545 1510 4593 eot-

284 4617 348 4665 lstio
360 4629 436 4670 mea,
449 4615 477 4664 in
488 4613 581 4663 coelice
592 4611 713 4662 eiusdem
725 4611 843 4662 familiae
856 4613 1015 4662 abbreuiete
1028 4613 1252 4678 Guelferbytsuo.
1286 4615 1356 4664 Nam
1371 4629 1388 4664 e
1400 4613 1511 4666 &urbii

283 4685 352 4736 libre
369 4686 396 4734 id
415 4686 574 4736 enotauerst
590 4683 711 4752 Pighius.
749 4682 802 4734 Sed
815 4685 888 4734 reete
900 4684 1013 4751 Pighius
1030 4685 1133 4734 monuit
1149 4687 1322 4749 perspectum
1336 4697 1421 4749 saepe
1438 4685 1510 4735 idern

285 4755 376 4805 uetere
388 4757 469 4823 etque
481 4757 640 4822 spectatum,
654 4755 829 4823 explentem,
842 4757 994 4822 probatum,
1005 4755 1212 4824 fleriquspesse
1222 4759 1251 4809 ut
1261 4757 1512 4810 vassu-eum
