3409 5400
313 477 380 545 666
633 473 693 537 ΒΕ
717 471 980 540 CVPIDITATE
1004 473 1210 542 GLORIAE.

313 635 385 698 eius
409 632 453 697 ad
468 631 679 697 Artemisium
704 641 735 696 et
750 631 933 708 Salamina,
956 633 1085 699 naualis
1104 626 1228 721 'gloriae
1247 634 1369 700 fertilia
1390 635 1542 698 nomina.
1562 671 1574 680 -

311 738 516 804 inlustranda
538 739 645 803 tacitis
669 738 798 802 facibus
813 739 978 805 incitabat.
1024 739 1115 805 Idem
1131 739 1293 805 theatrum
1309 751 1443 826 petens,
1467 762 1541 803 cum

310 846 566 930 interrogaretur
589 844 681 907 cuius
696 864 761 906 uox
784 843 896 909 auditu
918 845 964 908 illi
985 847 1095 911 futura
1118 857 1206 912 esset
1229 848 1437 934 gratissima,
1462 846 1540 910 dixit

311 949 402 1014 ‘Eius
425 972 448 1013 a
470 971 535 1034 quo
558 958 645 1013 artes
668 969 763 1013 meae
787 952 908 1035 optime
933 951 1109 1015 canentur'.
1153 951 1373 1018 Dulcedinem
1397 953 1538 1041 gloriae.

310 1075 417 1138 paene
441 1053 548 1118 adieci
570 1053 766 1140 gloriosaml
1550 1079 1562 1118 s

269 1156 301 1225 2.
400 1158 486 1223 Nam
515 1157 693 1223 Alexandri
720 1169 834 1243 pectus
868 1162 1052 1226 insatiabile
1085 1162 1205 1238 laudis,
1241 1167 1297 1251 qui
1331 1163 1537 1230 Anaxarcho

310 1266 421 1329 comiti
443 1285 516 1340 suo,
543 1285 583 1328 ex
606 1266 796 1328 auctoritate
818 1266 997 1332 Democriti
1026 1273 1247 1354 praeceptoris
1275 1270 1537 1335 innumerabiles

309 1369 451 1434 mundos
475 1391 551 1434 esse
573 1371 735 1444 referenti,
760 1371 842 1436 ‘Heu
860 1373 932 1448 me',
955 1375 1068 1460 inquit,
1092 1377 1269 1452 miserum,
1292 1377 1385 1463 quod
1407 1399 1454 1441 ne
1472 1399 1537 1440 uno

311 1475 443 1561 quidem
466 1474 574 1539 adhuc
597 1497 670 1540 sum
693 1477 839 1561 potitus'!
875 1478 1029 1564 Angusta
1042 1477 1167 1544 homini
1182 1483 1353 1566 possessio
1379 1481 1536 1568 [gloriae]

310 1582 379 1664 fiili,
403 1601 488 1667 quac
512 1580 647 1644 deorum
670 1583 815 1645 omnium
839 1583 1003 1649 domicilio
1027 1586 1155 1650 sufficit.
1546 1607 1569 1647 u

311 1750 392 1822 iad]
413 1758 439 1806 et
456 1753 610 1809 ADEFI'.
630 1774 678 1809 oni.
698 1755 923 1822 C.1lartimisium
942 1760 973 1813 A.
993 1763 1154 1813 arcimisium
1176 1763 1204 1818 0.
1229 1767 1387 1816 airimisium
1405 1764 1447 1818 D.
1473 1771 1536 1818 arii·

309 1827 432 1875 misniam
450 1823 481 1876 F.
500 1829 666 1878 aritimisium
684 1826 742 1895 1111
760 1827 788 1881 2.
806 1833 970 1882 inlustranda
990 1847 1059 1885 carr.
1078 1831 1110 1886 A.
1130 1830 1143 1902 ss
1162 1837 1283 1886 faucibus
1297 1851 1342 1904 pr.
1362 1835 1395 1888 Α
1411 1834 1424 1904 [Ι
1440 1840 1535 1888 incitu-

308 1897 374 1944 bant
391 1892 574 1949 achara.
585 1898 598 1962 ΙΙ
611 1896 637 1949 4.
656 1901 795 1965 canentur]
815 1907 875 1953 aute
893 1905 991 1967 optimc
1006 1901 1083 1955 Torr.
1102 1909 1260 1957 canerentur
1274 1905 1308 1960 E.
1320 1905 1333 1973 ΙΙ
1345 1909 1486 1960 dulcedini
1497 1907 1534 1961 D.

322 1964 335 2027 ll
356 1962 382 2017 5.
402 1965 499 2015 adiecit
520 1965 746 2022 senarios-r.
770 1976 795 2021 et
815 1977 876 2038 port
915 1975 1039 2024 ioriosam
1058 1973 1094 2026 Ε.
1112 1975 1125 2042 ΙΙ
1142 1977 1299 2044 gloriosam]
1320 1979 1439 2046 gloriam
1458 1977 1498 2030 D.
1509 1979 1522 2044 ll

309 2033 335 2089 6.
353 2034 434 2100 Nam]
448 2054 464 2085 a
476 2055 493 2085 a
505 2035 538 2090 A.
556 2053 605 2091 orn.
624 2035 661 2092 D.
679 2041 736 2090 iarn
755 2039 862 2093 FTorr.
885 1989 943 2095 iliu.
964 2041 1000 2094 ari
1017 2041 1039 2102 l,
1058 2040 1084 2104 6,
1106 2043 1146 2098 16.
1158 2047 1171 2114 ΙΙ
1182 2048 1337 2098 insociabile
1349 2047 1382 2101 Δ.
1395 2048 1409 2116 ΙΙ
1421 2052 1491 2116 quia
1505 2049 1533 2100 C.

321 2107 335 2167 ΙΙ
349 2106 502 2159 waraebro
515 2122 563 2175 pr.
579 2106 611 2162 A.
632 2113 769 2161 naxarebo
789 2110 818 2163 0.
842 2129 912 2162 anax
952 2129 1013 2164 recu
1033 2112 1063 2166 F.
1084 2114 1376 2182 transcucurrit
1413 2117 1479 2173 Viti.
1498 2117 1535 2171 ad

307 2173 344 2238 ii,
365 2175 389 2238 l,
407 2171 433 2229 4.
447 2175 460 2246 ΙΙ
473 2173 500 2230 l).
517 2180 616 2243 potitus
634 2195 694 2230 sum
715 2179 791 2233 Torr.
802 2181 816 2249 ΙΙ
826 2129 951 2250 gioriadl
960 2184 1016 2235 uae
1034 2185 1109 2237 unck
1128 2185 1205 2241 Tora.

809 2287 1023 2302 *-

379 2334 416 2387 ad
432 2333 599 2388 Artemisiam
620 2342 647 2388 et
663 2336 808 2400 Salamiua)
833 2340 998 2393 Sententiam
1024 2347 1133 2413 egregie
1156 2347 1251 2398 reiecit
1273 2349 1446 2406 Perizonius,
1470 2367 1529 2402 curn

308 2411 389 2458 autea
407 2407 506 2457 uitiosa
523 2410 638 2458 omnium
656 2411 781 2459 librorum
801 2413 932 2474 scriptino
955 2411 1108 2471 (Marathon
1126 2445 1161 2454 -
1179 2422 1206 2468 et
1221 2415 1391 2470 Artemisiam
1409 2425 1437 2470 et
1454 2420 1530 2472 Sele

307 2476 379 2527 mirra
396 2505 431 2514 -
450 2475 615 2528 inlustranda
633 2478 723 2529 tacitis
740 2477 846 2539 facibus
864 2480 1029 2544 incitabant),
1049 2502 1119 2548 quae
1138 2501 1221 2539 sensu
1240 2491 1345 2539 omnino
1365 2495 1458 2548 caret,
1486 2497 1529 2542 aut

307 2549 412 2596 retenta
435 2551 511 2598 esset
527 2550 685 2612 intemptata
703 2554 750 2602 aut
770 2553 870 2601 mutato
888 2551 1023 2605 Salamiua
1045 2558 1071 2606 in
1090 2555 1203 2609 Salamis
1220 2561 1309 2628 magis
1327 2561 1411 2611 ctiam
1429 2564 1527 2626 depra-

307 2618 379 2667 uata.
415 2617 599 2682 ‘Nequaquam
618 2620 704 2676 cnim',
723 2622 806 2683 inquit
823 2624 986 2682 Perizonius,
1006 2625 1184 2678 ‘Artemisium
1204 2631 1230 2680 ei
1242 2630 1359 2681 Salamis
1377 2633 1450 2682 inter
1470 2635 1526 2684 iiii·

305 2687 386 2737 tiedis
409 2688 521 2752 tropaea
544 2692 571 2739 ei
594 2691 661 2739 inter
684 2690 872 2743 'l'lremistoclis
901 2695 1072 2747 incitamenta
1101 2700 1134 2747 ad
1159 2702 1281 2751 uirtutem
1304 2704 1365 2765 poni
1391 2708 1525 2767 possunt'.

304 2757 359 2807 Res
378 2758 441 2820 ipsa
458 2760 526 2807 auiis
545 2762 713 2809 commendat
732 2764 779 2812 uiri
789 2766 936 2814 acutissimi
948 2768 1053 2825 iactum,
1073 2784 1090 2817 a
1103 2768 1239 2831 Turranio,
1259 2774 1361 2837 liuppio
1371 2775 1526 2837 ceterisque

226 2854 231 2863 -
304 2828 431 2889 deinceps
448 2830 632 2894 grammaticis
651 2835 799 2892 probatum.

374 2892 447 2944 Idem
465 2895 592 2945 theatrum
607 2904 708 2963 peteris)
725 2904 763 2953 Ci.
783 2906 833 2953 cic.
852 2920 900 2967 pro
920 2908 998 2958 rirch.
1011 2904 1036 2965 ll,
1055 2904 1098 2959 20.
1118 2911 1150 2961 ci.
1164 2926 1224 2961 curn
1239 2911 1293 2965 iet.
1313 2929 1339 2962 u.
1353 2916 1379 2965 h.
1394 2916 1468 2974 Xlll,
1482 2913 1523 2969 46.

371 2978 456 3031 paese
474 2962 561 3015 adieci
575 2966 746 3032 pluriorarat)
765 2973 839 3021 ilanc
852 2976 937 3038 lipsii
957 2980 1142 3036 coniecturum,
1163 2997 1241 3045 quem
1258 2984 1367 3034 Colerus
1388 2985 1458 3035 libro
1471 2987 1523 3037 Da·

302 3034 400 3083 nieiino
419 3036 569 3085 coniirmari
586 3041 711 3089 mentitus
730 3047 785 3097 est,
810 3047 945 3108 tamquam
969 3062 1059 3098 uerum
1079 3052 1310 3115 certissimamque
1329 3056 1452 3120 recipere
1471 3072 1523 3107 non

303 3104 430 3161 dubitaui,
449 3120 507 3154 cum
526 3108 605 3158 tertia
623 3111 697 3160 uerbi
715 3126 839 3173 persona,
858 3116 893 3163 ab
912 3120 1034 3168 omnibus
1054 3122 1189 3171 codicibus
1200 3124 1299 3174 tradita
1311 3128 1339 3175 et
1357 3142 1375 3175 a
1388 3127 1521 3190 prioribus

302 3176 485 3240 grammaticis
504 3179 657 3229 constanter
674 3184 795 3240 seruata,
820 3184 906 3234 iocum
931 3202 982 3237 nou
1008 3188 1115 3243 habiret.
1162 3194 1243 3251 Nam,
1272 3198 1300 3244 ut
1323 3197 1425 3246 mittam
1450 3200 1519 3260 quod

301 3244 426 3296 Valerius
443 3261 586 3312 numquam
604 3251 761 3312 particulam
774 3266 860 3319 purae
877 3256 915 3304 ita
933 3273 951 3305 a
968 3262 1060 3317 uerbo,
1083 3276 1195 3326 quocum
1213 3278 1296 3315 seusu
1316 3268 1458 3325 cohaeret,
1478 3284 1519 3319 se·
1598 3295 1599 3327 i

299 3316 398 3373 iunxit,
422 3320 451 3365 ut
467 3319 523 3367 alia
541 3320 689 3370 intercedat
711 3338 776 3380 uox,
804 3325 969 3376 dulcedinem
994 3330 1113 3392 proiecto
1136 3334 1239 3401 gloriae
1263 3336 1465 3389 Themistocles
1488 3355 1518 3389 eo

301 3386 370 3435 dicto
388 3402 438 3437 nec
457 3389 560 3447 adiecit,
580 3406 638 3449 nec,
657 3393 680 3440 si
700 3410 777 3458 quum
797 3396 930 3446 adiecisse
949 3412 1009 3447 euin
1028 3404 1180 3463 putaueris,
1205 3406 1353 3473 gloriosam
1372 3422 1434 3458 eam
1455 3424 1518 3459 essa

298 3456 469 3522 significauit.
510 3460 592 3510 immo
615 3464 704 3524 potius
728 3479 802 3521 eam,
833 3481 911 3530 quum
937 3468 996 3531 ipse
1020 3474 1139 3535 percepit
1163 3476 1266 3541 gloriae
1290 3478 1465 3529 dulcedinem
1484 3482 1518 3530 ita

299 3528 493 3587 expressit,.ui
511 3531 604 3580 auctor
620 3546 708 3594 paene
726 3534 871 3599 gloriosum
896 3538 966 3587 hunc
989 3542 1071 3589 animi
1095 3544 1218 3594 affectum
1240 3547 1412 3607 indicauerit,
1435 3555 1517 3617 atquc

299 3596 368 3645 adeo
387 3598 578 3650 exclamauerit
595 3615 629 3649 ea
647 3602 746 3660 torma,
771 3620 840 3668 qnae
864 3608 1004 3659 tritissima
1026 3612 1064 3660 iili
1088 3616 1143 3672 cst,
1167 3616 1200 3665 ‘0
1219 3618 1384 3669 dulcedinem
1403 3620 1516 3687 glor-iar,
1598 3682 1599 3687 Ἰ

299 3680 387 3728 paene
404 3669 514 3717 dixerim
532 3671 700 3736 gloriosam'i
725 3673 885 3725 indic-atinus
910 3675 998 3729 adieci
1014 3694 1048 3731 ne
1067 3698 1146 3743 quom
1165 3686 1290 3746 offendat,
1315 3690 1436 3740 similiter
1457 3708 1515 3742 cnm
1598 3694 1599 3705 ¹

299 3736 359 3783 aliis
378 3738 415 3788 M.
434 3736 536 3787 Tullius
554 3754 660 3803 quoque
678 3743 781 3792 locutus
804 3751 848 3795 est
870 3749 903 3797 ad
929 3750 982 3800 Ait.
1002 3751 1039 3809 V,
1063 3748 1111 3811 20,
1131 3749 1162 3813 ii,
1187 3770 1260 3823 quem
1282 3772 1334 3809 aaa
1352 3758 1438 3811 minas
1458 3778 1515 3813 m

298 3817 375 3867 maur
393 3810 429 3863 ta,
444 3818 530 3873 parire
547 3806 605 3858 diri
621 3822 698 3874 paam
716 3817 749 3862 te.
784 3815 852 3866 Ante
872 3819 1008 3885 Pighium,
1028 3824 1072 3883 qui
1092 3826 1211 3876 codicum
1232 3830 1393 3893 scripturam
1411 3834 1515 3895 primns
1598 3892 1599 3895 Ἴ

297 3875 422 3934 restituit,
447 3878 529 3943 uulgo
547 3880 684 3938 edebatur,
703 3886 773 3944 quod
792 3900 842 3935 nos
860 3888 886 3936 in
900 3888 985 3940 altero
1004 3893 1169 3945 Beroiinensi
1187 3898 1349 3959 inuenimus,
1368 3898 1515 3954 Dulcedirri

292 3939 396 4006 pieriae
411 3958 495 4008 paene
512 3944 610 3998 adiecit
622 3949 744 4014 pieriam.

366 4009 393 4064 2.
412 4014 450 4064 Cf.
469 4016 536 4067 Pini.
555 4020 588 4068 de
606 4022 692 4087 tranq.
712 4027 792 4077 anim.
810 4024 835 4078 i.
855 4026 912 4080 Aci.
931 4045 957 4078 u.
975 4032 1001 4082 b.
1022 4034 1078 4094 1111,
1096 4030 1139 4087 29.
1157 4036 1213 4091 ian.
1232 4043 1284 4093 sat.
1302 4041 1337 4099 X,
1359 4038 1419 4095 168.

228 4144 233 4151 .
365 4080 481 4150 Aqua
497 4084 596 4138 domiai
608 4094 741 4156 possessio
761 4094 884 4164 hieriae]
896 4096 966 4163 suit)
989 4102 1048 4154 lure
1071 4105 1173 4157 mireris
1197 4112 1329 4162 neminem
1355 4118 1418 4163 ante
1436 4115 1511 4167 Peri-

294 4154 398 4204 zonium
418 4156 562 4207 offendisse
585 4161 611 4210 in
631 4176 672 4220 eo,
692 4168 761 4230 quod
785 4167 899 4231 scriptor
916 4174 1118 4234 possessionem
1136 4180 1240 4246 gloriae
1265 4183 1380 4233 omnium
1399 4186 1509 4237 deornm

293 4226 425 4276 domicilio
443 4228 567 4278 sufficere
585 4233 687 4292 dixerit,
706 4238 784 4297 quasi
803 4238 890 4304 gioria
913 4255 961 4303 pro
980 4246 1111 4297 domicilio
1135 4252 1172 4299 uti
1190 4254 1340 4315 potuissent
1358 4254 1401 4305 dii.
1443 4257 1509 4307 Erat

291 4296 318 4344 in
337 4300 459 4363 promptu
480 4301 598 4363 suspicio
618 4304 750 4355 Vaierium
774 4312 966 4370 composuisse*
986 4312 1114 4381 Aaprutae
1135 4317 1233 4372 lumini
1252 4322 1383 4389 pmrerric
1405 4324 1509 4391 pieriae

284 4362 359 4429 seit.
383 4383 437 4417 non
459 4369 560 4421 maiore
583 4386 651 4424 sene
669 4391 728 4424 cum
751 4377 871 4437 licentia,
897 4382 921 4431 si
944 4398 1100 4447 peruersum
1123 4391 1195 4441 ilium
1221 4396 1341 4457 excipias
1365 4401 1506 4449 uerborum

291 4438 422 4494 ordinem,
447 4454 526 4500 quarn
546 4442 597 4499 ix,
620 4440 696 4502 1,4.
721 4448 765 4495 ubi
783 4448 875 4497 crassi
898 4456 1028 4516 quendam
1048 4459 1081 4508 de
1099 4460 1240 4522 splendida
1258 4466 1337 4515 domo
1355 4480 1506 4519 samonem

291 4505 409 4556 ‘oblitum
427 4508 533 4573 Pyrrhi’
550 4516 638 4570 uocat,
656 4516 846 4567 ‘immemorem
859 4520 1025 4586 Hannibalis,
1045 4530 1094 4578 sed
1112 4533 1194 4583 multo
1212 4537 1303 4585 tamen
1322 4540 1507 4607 angustiorem

289 4572 483 4639 insequentium
501 4584 668 4633 saeculorum
687 4585 815 4637 aediliciis
833 4592 860 4639 et
878 4597 1048 4649 nemoribus'.
1084 4600 1153 4651 Nam
1172 4606 1200 4653 ut
1217 4606 1270 4655 iilic
1288 4620 1448 4667 sermonem,
1468 4612 1507 4661 ita

289 4638 341 4689 hoc
359 4645 417 4695 ioco
436 4651 549 4714 gloriam
567 4656 712 4719 angustam
724 4657 814 4709 dicere
824 4662 937 4725 poterat,
957 4680 1016 4718 cum
1028 4672 1117 4733 potius
1130 4686 1184 4735 res,
1203 4678 1321 4742 adquae
1339 4678 1386 4729 ilia
1398 4684 1505 4745 specta·
