<?xml version="1.0" encoding="UTF-8"?>
<!DOCTYPE html PUBLIC "-//W3C//DTD XHTML 1.0 Transitional//EN"
    "http://www.w3.org/TR/xhtml1/DTD/xhtml1-transitional.dtd">
<html xmlns="http://www.w3.org/1999/xhtml" xml:lang="en" lang="en">
 <head>
  <title>
</title>
<meta http-equiv="Content-Type" content="text/html;charset=utf-8" />
  <meta name='ocr-system' content='tesseract 3.04.00' />
  <meta name='ocr-capabilities' content='ocr_page ocr_carea ocr_par ocr_line ocrx_word'/>
</head>
<body>
  <div class='ocr_page' id='page_1' title='image "./valerimaximifac00parigoog_0109.png"; bbox 0 0 3409 5400; ppageno 0'>
   <div class='ocr_carea' id='block_1_1' title="bbox 285 512 492 582">
    <p class='ocr_par' dir='ltr' id='par_1_1' title="bbox 285 512 492 582">
     <span class='ocr_line' id='line_1_1' title="bbox 285 512 492 582; baseline -0.019 0"><span class='ocrx_word' id='word_1_1' title='bbox 285 512 492 582; x_wconf 66' lang='grc'><strong>’98.</strong></span> 
     </span>
    </p>
   </div>
   <div class='ocr_carea' id='block_1_2' title="bbox 275 668 1570 4837">
    <p class='ocr_par' dir='ltr' id='par_1_2' title="bbox 275 668 1570 3340">
     <span class='ocr_line' id='line_1_2' title="bbox 341 668 1536 759; baseline -0.002 -20"><span class='ocrx_word' id='word_1_2' title='bbox 341 671 497 740; x_wconf 85' lang='lat' dir='ltr'><strong>litteraria</strong></span> <span class='ocrx_word' id='word_1_3' title='bbox 516 670 687 746; x_wconf 89' lang='lat' dir='ltr'><strong>Bernensi,</strong></span> <span class='ocrx_word' id='word_1_4' title='bbox 710 690 906 758; x_wconf 79' lang='lat' dir='ltr'><strong>semperque</strong></span> <span class='ocrx_word' id='word_1_5' title='bbox 929 668 997 735; x_wconf 82' lang='lat' dir='ltr'><strong>fere</strong></span> <span class='ocrx_word' id='word_1_6' title='bbox 1010 691 1062 735; x_wconf 91' lang='lat' dir='ltr'><strong>me</strong></span> <span class='ocrx_word' id='word_1_7' title='bbox 1080 674 1200 737; x_wconf 86' lang='lat' dir='ltr'><strong>¹uerum</strong></span> <span class='ocrx_word' id='word_1_8' title='bbox 1216 672 1340 738; x_wconf 79' lang='lat' dir='ltr'><strong>uidisse</strong></span> <span class='ocrx_word' id='word_1_9' title='bbox 1363 694 1418 759; x_wconf 89' lang='lat' dir='ltr'><strong>per</strong></span> <span class='ocrx_word' id='word_1_10' title='bbox 1433 670 1536 739; x_wconf 86' lang='lat' dir='ltr'><strong>litteras</strong></span> 
     </span>
     <span class='ocr_line' id='line_1_3' title="bbox 342 776 1538 865; baseline -0.001 -19"><span class='ocrx_word' id='word_1_11' title='bbox 342 782 478 856; x_wconf 87' lang='lat' dir='ltr'><strong>monuit,</strong></span> <span class='ocrx_word' id='word_1_12' title='bbox 499 800 608 865; x_wconf 89' lang='lat' dir='ltr'><strong>pauca</strong></span> <span class='ocrx_word' id='word_1_13' title='bbox 630 777 794 865; x_wconf 88' lang='lat' dir='ltr'><strong>quaedam</strong></span> <span class='ocrx_word' id='word_1_14' title='bbox 815 778 967 854; x_wconf 82' lang='lat' dir='ltr'><strong>correxit3</strong></span> <span class='ocrx_word' id='word_1_15' title='bbox 990 776 1053 843; x_wconf 92' lang='lat' dir='ltr'><strong>hos</strong></span> <span class='ocrx_word' id='word_1_16' title='bbox 1077 780 1142 865; x_wconf 91' lang='lat' dir='ltr'><strong>ipsi</strong></span> <span class='ocrx_word' id='word_1_17' title='bbox 1163 778 1245 843; x_wconf 92' lang='lat' dir='ltr'><strong>mihi</strong></span> <span class='ocrx_word' id='word_1_18' title='bbox 1273 790 1396 846; x_wconf 86' lang='lat' dir='ltr'><strong>tantum</strong></span> <span class='ocrx_word' id='word_1_19' title='bbox 1416 804 1472 845; x_wconf 92' lang='lat' dir='ltr'><strong>non</strong></span> <span class='ocrx_word' id='word_1_20' title='bbox 1491 804 1538 846; x_wconf 90' lang='lat' dir='ltr'><strong>co·</strong></span> 
     </span>
     <span class='ocr_line' id='line_1_4' title="bbox 343 885 1538 976; baseline -0.001 -24"><span class='ocrx_word' id='word_1_21' title='bbox 343 888 419 953; x_wconf 89' lang='lat' dir='ltr'><strong>tidie</strong></span> <span class='ocrx_word' id='word_1_22' title='bbox 440 887 529 951; x_wconf 91' lang='lat' dir='ltr'><strong>licuit</strong></span> <span class='ocrx_word' id='word_1_23' title='bbox 550 887 640 951; x_wconf 91' lang='lat' dir='ltr'><strong>adire</strong></span> <span class='ocrx_word' id='word_1_24' title='bbox 664 897 696 950; x_wconf 91' lang='lat' dir='ltr'><strong>et</strong></span> <span class='ocrx_word' id='word_1_25' title='bbox 721 885 899 951; x_wconf 81' lang='lat' dir='ltr'><strong>identidem</strong></span> <span class='ocrx_word' id='word_1_26' title='bbox 929 885 1092 951; x_wconf 89' lang='lat' dir='ltr'><strong>euoluere.</strong></span> <span class='ocrx_word' id='word_1_27' title='bbox 1142 885 1356 973; x_wconf 83' lang='lat' dir='ltr'><strong>Reliquorum</strong></span> <span class='ocrx_word' id='word_1_28' title='bbox 1382 890 1479 976; x_wconf 78' lang='lat' dir='ltr'><strong>igitir,</strong></span> <span class='ocrx_word' id='word_1_29' title='bbox 1503 886 1538 953; x_wconf 89' lang='lat' dir='ltr'><strong>do</strong></span> 
     </span>
     <span class='ocr_line' id='line_1_5' title="bbox 341 992 1541 1083; baseline -0.001 -24"><span class='ocrx_word' id='word_1_30' title='bbox 341 996 461 1083; x_wconf 90' lang='lat' dir='ltr'><strong>quibus</strong></span> <span class='ocrx_word' id='word_1_31' title='bbox 484 994 566 1060; x_wconf 93' lang='lat' dir='ltr'><strong>nihil</strong></span> <span class='ocrx_word' id='word_1_32' title='bbox 586 994 743 1059; x_wconf 86' lang='lat' dir='ltr'><strong>adnotaui</strong></span> <span class='ocrx_word' id='word_1_33' title='bbox 767 993 803 1058; x_wconf 92' lang='lat' dir='ltr'><strong>in</strong></span> <span class='ocrx_word' id='word_1_34' title='bbox 829 994 986 1058; x_wconf 83' lang='lat' dir='ltr'><strong>uarietate</strong></span> <span class='ocrx_word' id='word_1_35' title='bbox 1014 992 1210 1079; x_wconf 86' lang='lat' dir='ltr'><strong>scripturae,</strong></span> <span class='ocrx_word' id='word_1_36' title='bbox 1240 996 1453 1061; x_wconf 87' lang='lat' dir='ltr'><strong>testimonium</strong></span> <span class='ocrx_word' id='word_1_37' title='bbox 1477 1018 1541 1059; x_wconf 90' lang='lat' dir='ltr'><strong>cum</strong></span> 
     </span>
     <span class='ocr_line' id='line_1_6' title="bbox 343 1087 1543 1189; baseline 0.001 -23"><span class='ocrx_word' id='word_1_38' title='bbox 343 1102 455 1167; x_wconf 90' lang='lat' dir='ltr'><strong>uerbis</strong></span> <span class='ocrx_word' id='word_1_39' title='bbox 479 1124 500 1165; x_wconf 92' lang='lat' dir='ltr'><strong>a</strong></span> <span class='ocrx_word' id='word_1_40' title='bbox 521 1124 575 1167; x_wconf 92' lang='lat' dir='ltr'><strong>me</strong></span> <span class='ocrx_word' id='word_1_41' title='bbox 599 1101 693 1165; x_wconf 91' lang='lat' dir='ltr'><strong>editis</strong></span> <span class='ocrx_word' id='word_1_42' title='bbox 717 1101 902 1178; x_wconf 84' lang='lat' dir='ltr'><strong>consentire</strong></span> <span class='ocrx_word' id='word_1_43' title='bbox 926 1102 1024 1166; x_wconf 89' lang='lat' dir='ltr'><strong>scias.</strong></span> <span class='ocrx_word' id='word_1_44' title='bbox 1072 1087 1231 1189; x_wconf 86' lang='lat' dir='ltr'><strong>Congruit</strong></span> <span class='ocrx_word' id='word_1_45' title='bbox 1253 1124 1328 1168; x_wconf 92' lang='lat' dir='ltr'><strong>cum</strong></span> <span class='ocrx_word' id='word_1_46' title='bbox 1346 1103 1470 1181; x_wconf 88' lang='lat' dir='ltr'><strong>iisdem,</strong></span> <span class='ocrx_word' id='word_1_47' title='bbox 1493 1103 1543 1167; x_wconf 90' lang='lat' dir='ltr'><strong>ubi</strong></span> 
     </span>
     <span class='ocr_line' id='line_1_7' title="bbox 344 1206 1545 1294; baseline -0.004 -18"><span class='ocrx_word' id='word_1_48' title='bbox 344 1212 387 1276; x_wconf 93' lang='lat' dir='ltr'><strong>de</strong></span> <span class='ocrx_word' id='word_1_49' title='bbox 411 1210 512 1275; x_wconf 86' lang='lat' dir='ltr'><strong>altera</strong></span> <span class='ocrx_word' id='word_1_50' title='bbox 539 1207 613 1273; x_wconf 90' lang='lat' dir='ltr'><strong>sola</strong></span> <span class='ocrx_word' id='word_1_51' title='bbox 635 1206 770 1273; x_wconf 90' lang='lat' dir='ltr'><strong>alicuius</strong></span> <span class='ocrx_word' id='word_1_52' title='bbox 792 1206 866 1273; x_wconf 91' lang='lat' dir='ltr'><strong>libri</strong></span> <span class='ocrx_word' id='word_1_53' title='bbox 889 1210 1049 1294; x_wconf 77' lang='lat' dir='ltr'><strong>scriptura</strong></span> <span class='ocrx_word' id='word_1_54' title='bbox 1070 1209 1174 1286; x_wconf 89' lang='lat' dir='ltr'><strong>retuli,</strong></span> <span class='ocrx_word' id='word_1_55' title='bbox 1197 1209 1300 1275; x_wconf 88' lang='lat' dir='ltr'><strong>altera</strong></span> <span class='ocrx_word' id='word_1_56' title='bbox 1320 1210 1458 1275; x_wconf 90' lang='lat' dir='ltr'><strong>eiusdem</strong></span> <span class='ocrx_word' id='word_1_57' title='bbox 1481 1208 1545 1273; x_wconf 87' lang='lat' dir='ltr'><strong>libri</strong></span> 
     </span>
     <span class='ocr_line' id='line_1_8' title="bbox 344 1314 1546 1402; baseline -0.005 -18"><span class='ocrx_word' id='word_1_58' title='bbox 344 1339 480 1395; x_wconf 82' lang='lat' dir='ltr'><strong>manus3</strong></span> <span class='ocrx_word' id='word_1_59' title='bbox 502 1338 570 1381; x_wconf 91' lang='lat' dir='ltr'><strong>non</strong></span> <span class='ocrx_word' id='word_1_60' title='bbox 591 1316 669 1381; x_wconf 88' lang='lat' dir='ltr'><strong>item</strong></span> <span class='ocrx_word' id='word_1_61' title='bbox 681 1314 722 1378; x_wconf 89' lang='lat' dir='ltr'><strong>de</strong></span> <span class='ocrx_word' id='word_1_62' title='bbox 735 1316 890 1400; x_wconf 80' lang='lat' dir='ltr'><strong>primaria</strong></span> <span class='ocrx_word' id='word_1_63' title='bbox 906 1316 1068 1402; x_wconf 89' lang='lat' dir='ltr'><strong>scriptura</strong></span> <span class='ocrx_word' id='word_1_64' title='bbox 1086 1327 1224 1393; x_wconf 81' lang='lat' dir='ltr'><strong>constat,</strong></span> <span class='ocrx_word' id='word_1_65' title='bbox 1248 1318 1277 1383; x_wconf 91' lang='lat' dir='ltr'><strong>si</strong></span> <span class='ocrx_word' id='word_1_66' title='bbox 1299 1319 1334 1383; x_wconf 91' lang='lat' dir='ltr'><strong>in</strong></span> <span class='ocrx_word' id='word_1_67' title='bbox 1347 1338 1457 1383; x_wconf 90' lang='lat' dir='ltr'><strong>rasura</strong></span> <span class='ocrx_word' id='word_1_68' title='bbox 1477 1315 1546 1402; x_wconf 91' lang='lat' dir='ltr'><strong>quid</strong></span> 
     </span>
     <span class='ocr_line' id='line_1_9' title="bbox 345 1420 1546 1513; baseline -0.005 -22"><span class='ocrx_word' id='word_1_69' title='bbox 345 1435 528 1492; x_wconf 84' lang='lat' dir='ltr'><strong>correctum</strong></span> <span class='ocrx_word' id='word_1_70' title='bbox 550 1444 627 1487; x_wconf 90' lang='lat' dir='ltr'><strong>esse</strong></span> <span class='ocrx_word' id='word_1_71' title='bbox 650 1422 725 1486; x_wconf 85' lang='lat' dir='ltr'><strong>dixi.</strong></span> <span class='ocrx_word' id='word_1_72' title='bbox 770 1420 909 1488; x_wconf 82' lang='lat' dir='ltr'><strong>Litteras</strong></span> <span class='ocrx_word' id='word_1_73' title='bbox 937 1422 1085 1488; x_wconf 90' lang='lat' dir='ltr'><strong>radendo</strong></span> <span class='ocrx_word' id='word_1_74' title='bbox 1115 1424 1238 1490; x_wconf 84' lang='lat' dir='ltr'><strong>deletas</strong></span> <span class='ocrx_word' id='word_1_75' title='bbox 1267 1426 1446 1513; x_wconf 81' lang='lat' dir='ltr'><strong>significaui</strong></span> <span class='ocrx_word' id='word_1_76' title='bbox 1470 1434 1546 1487; x_wconf 87' lang='lat' dir='ltr'><strong>aste·</strong></span> 
     </span>
     <span class='ocr_line' id='line_1_10' title="bbox 321 1530 1548 1619; baseline -0.002 -25"><span class='ocrx_word' id='word_1_77' title='bbox 321 1589 324 1594; x_wconf 83' lang='lat'><strong>.</strong></span> <span class='ocrx_word' id='word_1_78' title='bbox 342 1535 438 1599; x_wconf 90' lang='lat' dir='ltr'><strong>riscis</strong></span> <span class='ocrx_word' id='word_1_79' title='bbox 454 1535 537 1597; x_wconf 87' lang='lat' dir='ltr'><strong>inter</strong></span> <span class='ocrx_word' id='word_1_80' title='bbox 554 1530 745 1616; x_wconf 79' lang='lat' dir='ltr'><strong>superstites</strong></span> <span class='ocrx_word' id='word_1_81' title='bbox 760 1530 960 1615; x_wconf 86' lang='lat' dir='ltr'><strong>interpositis</strong></span> <span class='ocrx_word' id='word_1_82' title='bbox 973 1554 1001 1597; x_wconf 91' lang='lat' dir='ltr'><strong>e.</strong></span> <span class='ocrx_word' id='word_1_83' title='bbox 1016 1551 1049 1619; x_wconf 85' lang='lat' dir='ltr'><strong>g.</strong></span> <span class='ocrx_word' id='word_1_84' title='bbox 1063 1552 1157 1615; x_wconf 81' lang='lat' dir='ltr'><strong>quot.</strong></span> <span class='ocrx_word' id='word_1_85' title='bbox 1166 1552 1259 1600; x_wconf 65' lang='lat' dir='ltr'><strong>meno</strong></span> <span class='ocrx_word' id='word_1_86' title='bbox 1270 1534 1323 1608; x_wconf 79' lang='lat' dir='ltr'><strong>A,</strong></span> <span class='ocrx_word' id='word_1_87' title='bbox 1335 1532 1391 1596; x_wconf 93' lang='lat' dir='ltr'><strong>ubi</strong></span> <span class='ocrx_word' id='word_1_88' title='bbox 1403 1532 1452 1595; x_wconf 88' lang='lat' dir='ltr'><strong>alii</strong></span> <span class='ocrx_word' id='word_1_89' title='bbox 1461 1530 1548 1595; x_wconf 89' lang='lat' dir='ltr'><strong>codd.</strong></span> 
     </span>
     <span class='ocr_line' id='line_1_11' title="bbox 342 1636 1550 1727; baseline -0.005 -21"><span class='ocrx_word' id='word_1_90' title='bbox 342 1642 491 1727; x_wconf 77' lang='lat' dir='ltr'><strong>quosdam</strong></span> <span class='ocrx_word' id='word_1_91' title='bbox 513 1659 598 1703; x_wconf 82' lang='lat' dir='ltr'><strong>uere.</strong></span> <span class='ocrx_word' id='word_1_92' title='bbox 643 1637 793 1723; x_wconf 87' lang='lat' dir='ltr'><strong>Denique</strong></span> <span class='ocrx_word' id='word_1_93' title='bbox 815 1638 850 1702; x_wconf 92' lang='lat' dir='ltr'><strong>in</strong></span> <span class='ocrx_word' id='word_1_94' title='bbox 881 1636 954 1702; x_wconf 90' lang='lat' dir='ltr'><strong>cod.</strong></span> <span class='ocrx_word' id='word_1_95' title='bbox 975 1639 1007 1701; x_wconf 86' lang='grc' dir='ltr'><em>Α</em></span> <span class='ocrx_word' id='word_1_96' title='bbox 1031 1640 1092 1703; x_wconf 87' lang='lat' dir='ltr'><strong>sub</strong></span> <span class='ocrx_word' id='word_1_97' title='bbox 1116 1641 1214 1705; x_wconf 89' lang='lat' dir='ltr'><strong>tinem</strong></span> <span class='ocrx_word' id='word_1_98' title='bbox 1231 1639 1304 1704; x_wconf 90' lang='lat' dir='ltr'><strong>libri</strong></span> <span class='ocrx_word' id='word_1_99' title='bbox 1326 1641 1405 1704; x_wconf 92' lang='lat' dir='ltr'><strong>noni</strong></span> <span class='ocrx_word' id='word_1_100' title='bbox 1424 1638 1550 1703; x_wconf 89' lang='lat' dir='ltr'><strong>humore</strong></span> 
     </span>
     <span class='ocr_line' id='line_1_12' title="bbox 343 1734 1553 1834; baseline -0.006 -19"><span class='ocrx_word' id='word_1_101' title='bbox 343 1763 375 1815; x_wconf 91' lang='lat' dir='ltr'><strong>et</strong></span> <span class='ocrx_word' id='word_1_102' title='bbox 397 1752 471 1822; x_wconf 92' lang='lat' dir='ltr'><strong>situ,</strong></span> <span class='ocrx_word' id='word_1_103' title='bbox 494 1758 530 1809; x_wconf 89' lang='lat' dir='ltr'><strong>ut</strong></span> <span class='ocrx_word' id='word_1_104' title='bbox 550 1744 784 1830; x_wconf 82' lang='lat' dir='ltr'><strong>praediximus,</strong></span> <span class='ocrx_word' id='word_1_105' title='bbox 808 1745 951 1809; x_wconf 89' lang='lat' dir='ltr'><strong>euanida</strong></span> <span class='ocrx_word' id='word_1_106' title='bbox 970 1747 1016 1809; x_wconf 92' lang='lat' dir='ltr'><strong>ita</strong></span> <span class='ocrx_word' id='word_1_107' title='bbox 1034 1747 1219 1833; x_wconf 81' lang='lat' dir='ltr'><strong>significaoi</strong></span> <span class='ocrx_word' id='word_1_108' title='bbox 1240 1758 1275 1810; x_wconf 91' lang='lat' dir='ltr'><strong>ut</strong></span> <span class='ocrx_word' id='word_1_109' title='bbox 1292 1734 1376 1834; x_wconf 86' lang='lat' dir='ltr'><strong>quae</strong></span> <span class='ocrx_word' id='word_1_110' title='bbox 1397 1746 1501 1834; x_wconf 85' lang='lat' dir='ltr'><strong>legere</strong></span> <span class='ocrx_word' id='word_1_111' title='bbox 1523 1758 1553 1808; x_wconf 92' lang='lat' dir='ltr'><strong>ct</strong></span> 
     </span>
     <span class='ocr_line' id='line_1_13' title="bbox 341 1852 1553 1945; baseline -0.007 -21"><span class='ocrx_word' id='word_1_112' title='bbox 341 1856 498 1945; x_wconf 83' lang='lat' dir='ltr'><strong>persequi</strong></span> <span class='ocrx_word' id='word_1_113' title='bbox 518 1875 587 1919; x_wconf 90' lang='lat' dir='ltr'><strong>non</strong></span> <span class='ocrx_word' id='word_1_114' title='bbox 608 1854 790 1937; x_wconf 90' lang='lat' dir='ltr'><strong>potuissem</strong></span> <span class='ocrx_word' id='word_1_115' title='bbox 814 1852 1050 1917; x_wconf 88' lang='lat' dir='ltr'><strong>circumdarem</strong></span> <span class='ocrx_word' id='word_1_116' title='bbox 1073 1854 1177 1929; x_wconf 88' lang='lat' dir='ltr'><strong>uncis,</strong></span> <span class='ocrx_word' id='word_1_117' title='bbox 1202 1855 1264 1918; x_wconf 89' lang='lat' dir='ltr'><strong>sic:</strong></span> <span class='ocrx_word' id='word_1_118' title='bbox 1287 1858 1553 1938; x_wconf 63' lang='lat' dir='ltr'><strong>tempore-ct]</strong></span> 
     </span>
     <span class='ocr_line' id='line_1_14' title="bbox 340 1960 1554 2045; baseline -0.006 -14"><span class='ocrx_word' id='word_1_119' title='bbox 340 1969 412 2031; x_wconf 80' lang='lat' dir='ltr'><strong>ucri</strong></span> <span class='ocrx_word' id='word_1_120' title='bbox 434 1966 475 2028; x_wconf 86' lang='lat' dir='ltr'><strong>A.</strong></span> <span class='ocrx_word' id='word_1_121' title='bbox 520 1960 805 2045; x_wconf 87' lang='lat' dir='ltr'><strong>Praepositionum</strong></span> <span class='ocrx_word' id='word_1_122' title='bbox 826 1960 862 2023; x_wconf 94' lang='lat' dir='ltr'><strong>in</strong></span> <span class='ocrx_word' id='word_1_123' title='bbox 885 1971 1120 2025; x_wconf 83' lang='lat' dir='ltr'><strong>consonantem</strong></span> <span class='ocrx_word' id='word_1_124' title='bbox 1146 1960 1285 2026; x_wconf 81' lang='lat' dir='ltr'><strong>litteram</strong></span> <span class='ocrx_word' id='word_1_125' title='bbox 1309 1963 1485 2027; x_wconf 88' lang='lat' dir='ltr'><strong>exeuntium</strong></span> <span class='ocrx_word' id='word_1_126' title='bbox 1507 1960 1554 2024; x_wconf 89' lang='lat' dir='ltr'><strong>ul-</strong></span> 
     </span>
     <span class='ocr_line' id='line_1_15' title="bbox 341 2067 1557 2152; baseline -0.009 -12"><span class='ocrx_word' id='word_1_127' title='bbox 341 2078 421 2139; x_wconf 89' lang='lat' dir='ltr'><strong>tima</strong></span> <span class='ocrx_word' id='word_1_128' title='bbox 446 2075 481 2137; x_wconf 90' lang='lat' dir='ltr'><strong>in</strong></span> <span class='ocrx_word' id='word_1_129' title='bbox 510 2070 620 2133; x_wconf 88' lang='lat' dir='ltr'><strong>uerbis</strong></span> <span class='ocrx_word' id='word_1_130' title='bbox 645 2068 836 2152; x_wconf 86' lang='lat' dir='ltr'><strong>compositis</strong></span> <span class='ocrx_word' id='word_1_131' title='bbox 859 2069 930 2152; x_wconf 90' lang='lat' dir='ltr'><strong>pari</strong></span> <span class='ocrx_word' id='word_1_132' title='bbox 959 2069 1027 2132; x_wconf 88' lang='lat' dir='ltr'><strong>fere</strong></span> <span class='ocrx_word' id='word_1_133' title='bbox 1051 2090 1187 2132; x_wconf 89' lang='lat' dir='ltr'><strong>numero</strong></span> <span class='ocrx_word' id='word_1_134' title='bbox 1217 2081 1272 2133; x_wconf 90' lang='lat' dir='ltr'><strong>aut</strong></span> <span class='ocrx_word' id='word_1_135' title='bbox 1300 2067 1557 2133; x_wconf 88' lang='lat' dir='ltr'><strong>accommodatur</strong></span> 
     </span>
     <span class='ocr_line' id='line_1_16' title="bbox 342 2175 1560 2270; baseline -0.011 -20"><span class='ocrx_word' id='word_1_136' title='bbox 342 2181 493 2270; x_wconf 88' lang='lat' dir='ltr'><strong>sequenti</strong></span> <span class='ocrx_word' id='word_1_137' title='bbox 514 2177 709 2243; x_wconf 82' lang='lat' dir='ltr'><strong>consonanti</strong></span> <span class='ocrx_word' id='word_1_138' title='bbox 731 2176 871 2258; x_wconf 79' lang='lat' dir='ltr'><strong>(afferre)</strong></span> <span class='ocrx_word' id='word_1_139' title='bbox 895 2186 950 2238; x_wconf 88' lang='lat' dir='ltr'><strong>aut</strong></span> <span class='ocrx_word' id='word_1_140' title='bbox 972 2196 1067 2239; x_wconf 85' lang='lat' dir='ltr'><strong>suum</strong></span> <span class='ocrx_word' id='word_1_141' title='bbox 1088 2176 1218 2239; x_wconf 85' lang='lat' dir='ltr'><strong>retinuit</strong></span> <span class='ocrx_word' id='word_1_142' title='bbox 1240 2177 1381 2264; x_wconf 83' lang='lat' dir='ltr'><strong>figuram</strong></span> <span class='ocrx_word' id='word_1_143' title='bbox 1404 2175 1560 2258; x_wconf 83' lang='lat' dir='ltr'><strong>(adferre).</strong></span> 
     </span>
     <span class='ocr_line' id='line_1_17' title="bbox 342 2284 1561 2375; baseline -0.013 -17"><span class='ocrx_word' id='word_1_144' title='bbox 342 2292 381 2358; x_wconf 94' lang='lat' dir='ltr'><strong>In</strong></span> <span class='ocrx_word' id='word_1_145' title='bbox 402 2290 455 2354; x_wconf 91' lang='lat' dir='ltr'><strong>his</strong></span> <span class='ocrx_word' id='word_1_146' title='bbox 480 2306 621 2375; x_wconf 84' lang='lat' dir='ltr'><strong>quoque,</strong></span> <span class='ocrx_word' id='word_1_147' title='bbox 646 2292 802 2371; x_wconf 92' lang='lat' dir='ltr'><strong>quantum</strong></span> <span class='ocrx_word' id='word_1_148' title='bbox 824 2284 895 2346; x_wconf 87' lang='lat' dir='ltr'><strong>fieri</strong></span> <span class='ocrx_word' id='word_1_149' title='bbox 917 2294 1053 2368; x_wconf 85' lang='lat' dir='ltr'><strong>poterat,</strong></span> <span class='ocrx_word' id='word_1_150' title='bbox 1077 2284 1209 2347; x_wconf 88' lang='lat' dir='ltr'><strong>seruaui</strong></span> <span class='ocrx_word' id='word_1_151' title='bbox 1221 2284 1343 2348; x_wconf 89' lang='lat' dir='ltr'><strong>codicis</strong></span> <span class='ocrx_word' id='word_1_152' title='bbox 1359 2284 1561 2367; x_wconf 77' lang='lat' dir='ltr'><strong>scripturam,</strong></span> 
     </span>
     <span class='ocr_line' id='line_1_18' title="bbox 339 2388 1562 2475; baseline -0.011 -12"><span class='ocrx_word' id='word_1_153' title='bbox 339 2399 386 2466; x_wconf 93' lang='lat' dir='ltr'><strong>ita</strong></span> <span class='ocrx_word' id='word_1_154' title='bbox 408 2409 519 2461; x_wconf 86' lang='lat' dir='ltr'><strong>tamen</strong></span> <span class='ocrx_word' id='word_1_155' title='bbox 540 2404 585 2468; x_wconf 83' lang='lat' dir='ltr'><strong>ut,</strong></span> <span class='ocrx_word' id='word_1_156' title='bbox 608 2393 638 2458; x_wconf 88' lang='lat' dir='ltr'><strong>si</strong></span> <span class='ocrx_word' id='word_1_157' title='bbox 661 2390 891 2475; x_wconf 86' lang='lat' dir='ltr'><strong>compendium</strong></span> <span class='ocrx_word' id='word_1_158' title='bbox 914 2390 1035 2455; x_wconf 89' lang='lat' dir='ltr'><strong>librarii</strong></span> <span class='ocrx_word' id='word_1_159' title='bbox 1058 2391 1230 2456; x_wconf 89' lang='lat' dir='ltr'><strong>consilium</strong></span> <span class='ocrx_word' id='word_1_160' title='bbox 1251 2390 1386 2455; x_wconf 91' lang='lat' dir='ltr'><strong>dubium</strong></span> <span class='ocrx_word' id='word_1_161' title='bbox 1403 2388 1562 2461; x_wconf 86' lang='lat' dir='ltr'><strong>redderet,</strong></span> 
     </span>
     <span class='ocr_line' id='line_1_19' title="bbox 340 2495 1564 2589; baseline -0.007 -22"><span class='ocrx_word' id='word_1_162' title='bbox 340 2530 419 2574; x_wconf 81' lang='lat' dir='ltr'><strong>nam</strong></span> <span class='ocrx_word' id='word_1_163' title='bbox 440 2505 575 2589; x_wconf 76' lang='lat' dir='ltr'><strong>tperium</strong></span> <span class='ocrx_word' id='word_1_164' title='bbox 599 2522 675 2565; x_wconf 88' lang='lat' dir='ltr'><strong>esse</strong></span> <span class='ocrx_word' id='word_1_165' title='bbox 698 2509 806 2585; x_wconf 88' lang='lat' dir='ltr'><strong>potest</strong></span> <span class='ocrx_word' id='word_1_166' title='bbox 826 2499 984 2579; x_wconf 62' lang='lat' dir='ltr'><strong>inperium</strong></span> <span class='ocrx_word' id='word_1_167' title='bbox 1006 2508 1037 2561; x_wconf 90' lang='lat' dir='ltr'><strong>et</strong></span> <span class='ocrx_word' id='word_1_168' title='bbox 1054 2500 1228 2581; x_wconf 82' lang='lat' dir='ltr'><strong>imperium,</strong></span> <span class='ocrx_word' id='word_1_169' title='bbox 1252 2497 1468 2563; x_wconf 82' lang='lat' dir='ltr'><strong>assimilarem</strong></span> <span class='ocrx_word' id='word_1_170' title='bbox 1490 2495 1564 2559; x_wconf 90' lang='lat' dir='ltr'><strong>ulti·</strong></span> 
     </span>
     <span class='ocr_line' id='line_1_20' title="bbox 275 2604 1565 2700; baseline -0.012 -19"><span class='ocrx_word' id='word_1_171' title='bbox 275 2626 280 2635; x_wconf 88' lang='lat'>&#39;</span> <span class='ocrx_word' id='word_1_172' title='bbox 340 2638 431 2683; x_wconf 91' lang='lat' dir='ltr'><strong>mam</strong></span> <span class='ocrx_word' id='word_1_173' title='bbox 455 2608 718 2700; x_wconf 87' lang='lat' dir='ltr'><strong>praepositionis.</strong></span> <span class='ocrx_word' id='word_1_174' title='bbox 775 2604 896 2669; x_wconf 81' lang='lat' dir='ltr'><strong>Addidi</strong></span> <span class='ocrx_word' id='word_1_175' title='bbox 928 2616 1098 2691; x_wconf 87' lang='lat' dir='ltr'><strong>praeterea</strong></span> <span class='ocrx_word' id='word_1_176' title='bbox 1128 2607 1162 2669; x_wconf 92' lang='lat' dir='ltr'><strong>in</strong></span> <span class='ocrx_word' id='word_1_177' title='bbox 1195 2606 1349 2671; x_wconf 88' lang='lat' dir='ltr'><strong>uarietate</strong></span> <span class='ocrx_word' id='word_1_178' title='bbox 1384 2605 1565 2687; x_wconf 86' lang='lat' dir='ltr'><strong>scripturae</strong></span> 
     </span>
     <span class='ocr_line' id='line_1_21' title="bbox 341 2711 1568 2806; baseline -0.011 -18"><span class='ocrx_word' id='word_1_179' title='bbox 341 2721 592 2806; x_wconf 83' lang='lat' dir='ltr'><strong>discrepantiam</strong></span> <span class='ocrx_word' id='word_1_180' title='bbox 614 2714 833 2779; x_wconf 83' lang='lat' dir='ltr'><strong>Torrenianae</strong></span> <span class='ocrx_word' id='word_1_181' title='bbox 858 2713 1018 2788; x_wconf 83' lang='lat' dir='ltr'><strong>editionis,</strong></span> <span class='ocrx_word' id='word_1_182' title='bbox 1045 2725 1081 2778; x_wconf 88' lang='lat' dir='ltr'><strong>ut</strong></span> <span class='ocrx_word' id='word_1_183' title='bbox 1103 2715 1276 2800; x_wconf 86' lang='lat' dir='ltr'><strong>appareret</strong></span> <span class='ocrx_word' id='word_1_184' title='bbox 1298 2714 1415 2801; x_wconf 90' lang='lat' dir='ltr'><strong>quibus</strong></span> <span class='ocrx_word' id='word_1_185' title='bbox 1438 2711 1522 2776; x_wconf 89' lang='lat' dir='ltr'><strong>locis</strong></span> <span class='ocrx_word' id='word_1_186' title='bbox 1547 2733 1568 2774; x_wconf 87' lang='lat' dir='ltr'><strong>a</strong></span> 
     </span>
     <span class='ocr_line' id='line_1_22' title="bbox 340 2820 1568 2916; baseline -0.008 -23"><span class='ocrx_word' id='word_1_187' title='bbox 340 2829 485 2916; x_wconf 82' lang='lat' dir='ltr'><strong>uolgatis</strong></span> <span class='ocrx_word' id='word_1_188' title='bbox 495 2824 621 2889; x_wconf 87' lang='lat' dir='ltr'><strong>Valerii</strong></span> <span class='ocrx_word' id='word_1_189' title='bbox 643 2820 882 2905; x_wconf 86' lang='lat' dir='ltr'><strong>exemplaribus</strong></span> <span class='ocrx_word' id='word_1_190' title='bbox 901 2820 1143 2886; x_wconf 88' lang='lat' dir='ltr'><strong>discessissem.</strong></span> <span class='ocrx_word' id='word_1_191' title='bbox 1189 2820 1275 2886; x_wconf 91' lang='lat' dir='ltr'><strong>Nam</strong></span> <span class='ocrx_word' id='word_1_192' title='bbox 1293 2820 1568 2885; x_wconf 88' lang='lat' dir='ltr'><strong>Torreniireccn-</strong></span> 
     </span>
     <span class='ocr_line' id='line_1_23' title="bbox 340 2927 1570 3014; baseline -0.007 -13"><span class='ocrx_word' id='word_1_193' title='bbox 340 2939 469 3002; x_wconf 89' lang='lat' dir='ltr'><strong>sionem</strong></span> <span class='ocrx_word' id='word_1_194' title='bbox 492 2941 678 2996; x_wconf 89' lang='lat' dir='ltr'><strong>constanter</strong></span> <span class='ocrx_word' id='word_1_195' title='bbox 700 2930 769 2993; x_wconf 85' lang='lat' dir='ltr'><strong>fere</strong></span> <span class='ocrx_word' id='word_1_196' title='bbox 792 2929 897 2993; x_wconf 88' lang='lat' dir='ltr'><strong>secuti</strong></span> <span class='ocrx_word' id='word_1_197' title='bbox 919 2939 996 2994; x_wconf 90' lang='lat' dir='ltr'><strong>sunt</strong></span> <span class='ocrx_word' id='word_1_198' title='bbox 1017 2930 1215 2994; x_wconf 89' lang='lat' dir='ltr'><strong>recentiores</strong></span> <span class='ocrx_word' id='word_1_199' title='bbox 1240 2927 1380 2994; x_wconf 86' lang='lat' dir='ltr'><strong>editores</strong></span> <span class='ocrx_word' id='word_1_200' title='bbox 1404 2928 1570 3014; x_wconf 85' lang='lat' dir='ltr'><strong>Kappius,</strong></span> 
     </span>
     <span class='ocr_line' id='line_1_24' title="bbox 339 3033 1570 3121; baseline -0.006 -14"><span class='ocrx_word' id='word_1_201' title='bbox 339 3037 558 3114; x_wconf 77' lang='lat' dir='ltr'><strong>HelfrechtuS,</strong></span> <span class='ocrx_word' id='word_1_202' title='bbox 581 3037 716 3103; x_wconf 89' lang='lat' dir='ltr'><strong>Hasius.</strong></span> <span class='ocrx_word' id='word_1_203' title='bbox 761 3033 831 3100; x_wconf 89' lang='lat' dir='ltr'><strong>Sed</strong></span> <span class='ocrx_word' id='word_1_204' title='bbox 853 3057 894 3098; x_wconf 92' lang='lat' dir='ltr'><strong>ne</strong></span> <span class='ocrx_word' id='word_1_205' title='bbox 918 3035 1039 3100; x_wconf 88' lang='lat' dir='ltr'><strong>inutilis</strong></span> <span class='ocrx_word' id='word_1_206' title='bbox 1067 3037 1263 3100; x_wconf 90' lang='lat' dir='ltr'><strong>uariantium</strong></span> <span class='ocrx_word' id='word_1_207' title='bbox 1289 3037 1462 3100; x_wconf 86' lang='lat' dir='ltr'><strong>multitudo</strong></span> <span class='ocrx_word' id='word_1_208' title='bbox 1492 3058 1570 3121; x_wconf 84' lang='lat' dir='ltr'><strong>pcr-</strong></span> 
     </span>
     <span class='ocr_line' id='line_1_25' title="bbox 340 3141 1570 3233; baseline -0.007 -19"><span class='ocrx_word' id='word_1_209' title='bbox 340 3147 502 3233; x_wconf 87' lang='lat' dir='ltr'><strong>spicuitati</strong></span> <span class='ocrx_word' id='word_1_210' title='bbox 525 3146 669 3209; x_wconf 85' lang='lat' dir='ltr'><strong>officeret</strong></span> <span class='ocrx_word' id='word_1_211' title='bbox 690 3145 724 3208; x_wconf 92' lang='lat' dir='ltr'><strong>in</strong></span> <span class='ocrx_word' id='word_1_212' title='bbox 744 3141 795 3207; x_wconf 86' lang='lat' dir='ltr'><strong>his</strong></span> <span class='ocrx_word' id='word_1_213' title='bbox 821 3143 962 3229; x_wconf 90' lang='lat' dir='ltr'><strong>quidem,</strong></span> <span class='ocrx_word' id='word_1_214' title='bbox 987 3143 1077 3230; x_wconf 92' lang='lat' dir='ltr'><strong>quod</strong></span> <span class='ocrx_word' id='word_1_215' title='bbox 1097 3145 1132 3208; x_wconf 92' lang='lat' dir='ltr'><strong>in</strong></span> <span class='ocrx_word' id='word_1_216' title='bbox 1155 3142 1228 3209; x_wconf 89' lang='lat' dir='ltr'><strong>sola</strong></span> <span class='ocrx_word' id='word_1_217' title='bbox 1250 3143 1414 3208; x_wconf 89' lang='lat' dir='ltr'><strong>scribendi</strong></span> <span class='ocrx_word' id='word_1_218' title='bbox 1438 3145 1570 3207; x_wconf 84' lang='lat' dir='ltr'><strong>rationo</strong></span> 
     </span>
     <span class='ocr_line' id='line_1_26' title="bbox 339 3237 1570 3340; baseline -0.006 -21"><span class='ocrx_word' id='word_1_219' title='bbox 339 3267 372 3319; x_wconf 90' lang='lat' dir='ltr'><strong>et</strong></span> <span class='ocrx_word' id='word_1_220' title='bbox 394 3237 629 3340; x_wconf 81' lang='lat' dir='ltr'><strong>orthographia</strong></span> <span class='ocrx_word' id='word_1_221' title='bbox 651 3251 784 3314; x_wconf 89' lang='lat' dir='ltr'><strong>diuersa</strong></span> <span class='ocrx_word' id='word_1_222' title='bbox 806 3271 827 3313; x_wconf 87' lang='lat' dir='ltr'><strong>a</strong></span> <span class='ocrx_word' id='word_1_223' title='bbox 847 3271 924 3314; x_wconf 90' lang='lat' dir='ltr'><strong>mea</strong></span> <span class='ocrx_word' id='word_1_224' title='bbox 941 3252 1096 3325; x_wconf 78' lang='lat' dir='ltr'><strong>consistit</strong></span> <span class='ocrx_word' id='word_1_225' title='bbox 1120 3250 1297 3315; x_wconf 84' lang='lat' dir='ltr'><strong>discrimen</strong></span> <span class='ocrx_word' id='word_1_226' title='bbox 1314 3261 1449 3315; x_wconf 70' lang='lat' dir='ltr'><strong>enotme</strong></span> <span class='ocrx_word' id='word_1_227' title='bbox 1466 3250 1570 3314; x_wconf 51' lang='lat' dir='ltr'><strong>nolui.</strong></span> 
     </span>
    </p>

    <p class='ocr_par' dir='ltr' id='par_1_3' title="bbox 331 3357 1570 4837">
     <span class='ocr_line' id='line_1_27' title="bbox 426 3357 1570 3445; baseline -0.006 -20"><span class='ocrx_word' id='word_1_228' title='bbox 426 3361 513 3428; x_wconf 88' lang='lat' dir='ltr'><strong>Inter</strong></span> <span class='ocrx_word' id='word_1_229' title='bbox 539 3360 615 3445; x_wconf 92' lang='lat' dir='ltr'><strong>ipsa</strong></span> <span class='ocrx_word' id='word_1_230' title='bbox 636 3357 761 3422; x_wconf 90' lang='lat' dir='ltr'><strong>Valerii</strong></span> <span class='ocrx_word' id='word_1_231' title='bbox 789 3357 893 3420; x_wconf 89' lang='lat' dir='ltr'><strong>uerba</strong></span> <span class='ocrx_word' id='word_1_232' title='bbox 921 3379 1004 3445; x_wconf 90' lang='lat' dir='ltr'><strong>quae</strong></span> <span class='ocrx_word' id='word_1_233' title='bbox 1034 3357 1219 3422; x_wconf 88' lang='lat' dir='ltr'><strong>exciderant</strong></span> <span class='ocrx_word' id='word_1_234' title='bbox 1247 3357 1283 3428; x_wconf 87' lang='lat' dir='ltr'><strong>iu</strong></span> <span class='ocrx_word' id='word_1_235' title='bbox 1310 3359 1425 3424; x_wconf 90' lang='lat' dir='ltr'><strong>codice</strong></span> <span class='ocrx_word' id='word_1_236' title='bbox 1451 3357 1570 3422; x_wconf 83' lang='lat' dir='ltr'><strong>arche-</strong></span> 
     </span>
     <span class='ocr_line' id='line_1_28' title="bbox 337 3463 1570 3559; baseline -0.007 -23"><span class='ocrx_word' id='word_1_237' title='bbox 337 3481 426 3559; x_wconf 84' lang='lat' dir='ltr'><strong>typo,</strong></span> <span class='ocrx_word' id='word_1_238' title='bbox 450 3467 511 3535; x_wconf 93' lang='lat' dir='ltr'><strong>sed</strong></span> <span class='ocrx_word' id='word_1_239' title='bbox 533 3478 589 3530; x_wconf 89' lang='lat' dir='ltr'><strong>aut</strong></span> <span class='ocrx_word' id='word_1_240' title='bbox 610 3475 700 3530; x_wconf 86' lang='lat' dir='ltr'><strong>certa</strong></span> <span class='ocrx_word' id='word_1_241' title='bbox 721 3465 908 3529; x_wconf 87' lang='lat' dir='ltr'><strong>coniectura</strong></span> <span class='ocrx_word' id='word_1_242' title='bbox 934 3474 990 3528; x_wconf 91' lang='lat' dir='ltr'><strong>aut</strong></span> <span class='ocrx_word' id='word_1_243' title='bbox 1012 3483 1030 3528; x_wconf 91' lang='lat' dir='ltr'><strong>e</strong></span> <span class='ocrx_word' id='word_1_244' title='bbox 1053 3463 1225 3530; x_wconf 85' lang='lat' dir='ltr'><strong>Paridensi</strong></span> <span class='ocrx_word' id='word_1_245' title='bbox 1249 3467 1392 3551; x_wconf 88' lang='lat' dir='ltr'><strong>epitoma</strong></span> <span class='ocrx_word' id='word_1_246' title='bbox 1413 3477 1570 3550; x_wconf 84' lang='lat' dir='ltr'><strong>poteram</strong></span> 
     </span>
     <span class='ocr_line' id='line_1_29' title="bbox 337 3571 1567 3666; baseline -0.007 -23"><span class='ocrx_word' id='word_1_247' title='bbox 337 3579 473 3654; x_wconf 89' lang='lat' dir='ltr'><strong>restitui,</strong></span> <span class='ocrx_word' id='word_1_248' title='bbox 502 3575 635 3640; x_wconf 88' lang='lat' dir='ltr'><strong>cursiua</strong></span> <span class='ocrx_word' id='word_1_249' title='bbox 657 3593 757 3661; x_wconf 90' lang='lat' dir='ltr'><strong>quam</strong></span> <span class='ocrx_word' id='word_1_250' title='bbox 785 3582 907 3636; x_wconf 89' lang='lat' dir='ltr'><strong>uocant</strong></span> <span class='ocrx_word' id='word_1_251' title='bbox 934 3572 1096 3657; x_wconf 88' lang='lat' dir='ltr'><strong>scriptura</strong></span> <span class='ocrx_word' id='word_1_252' title='bbox 1127 3594 1148 3635; x_wconf 91' lang='lat' dir='ltr'><strong>a</strong></span> <span class='ocrx_word' id='word_1_253' title='bbox 1181 3572 1314 3660; x_wconf 88' lang='lat' dir='ltr'><strong>reliquis</strong></span> <span class='ocrx_word' id='word_1_254' title='bbox 1337 3571 1567 3666; x_wconf 29' lang='lat' dir='ltr'><strong>&#39;distinximus</strong></span> 
     </span>
     <span class='ocr_line' id='line_1_30' title="bbox 336 3679 1570 3767; baseline -0.006 -19"><span class='ocrx_word' id='word_1_255' title='bbox 336 3684 430 3749; x_wconf 86' lang='lat' dir='ltr'><strong>Idem</strong></span> <span class='ocrx_word' id='word_1_256' title='bbox 457 3686 595 3749; x_wconf 87' lang='lat' dir='ltr'><strong>fecimus</strong></span> <span class='ocrx_word' id='word_1_257' title='bbox 625 3684 660 3747; x_wconf 92' lang='lat' dir='ltr'><strong>in</strong></span> <span class='ocrx_word' id='word_1_258' title='bbox 688 3680 798 3767; x_wconf 89' lang='lat' dir='ltr'><strong>ampla</strong></span> <span class='ocrx_word' id='word_1_259' title='bbox 823 3681 897 3744; x_wconf 88' lang='lat' dir='ltr'><strong>libri</strong></span> <span class='ocrx_word' id='word_1_260' title='bbox 918 3679 1015 3764; x_wconf 88' lang='lat' dir='ltr'><strong>primi</strong></span> <span class='ocrx_word' id='word_1_261' title='bbox 1041 3679 1170 3756; x_wconf 83' lang='lat' dir='ltr'><strong>lacuna,</strong></span> <span class='ocrx_word' id='word_1_262' title='bbox 1203 3701 1302 3766; x_wconf 88' lang='lat' dir='ltr'><strong>quam</strong></span> <span class='ocrx_word' id='word_1_263' title='bbox 1324 3679 1508 3766; x_wconf 89' lang='lat' dir='ltr'><strong>hucusque</strong></span> <span class='ocrx_word' id='word_1_264' title='bbox 1543 3680 1570 3741; x_wconf 82' lang='lat' dir='ltr'><strong>ir</strong></span> 
     </span>
     <span class='ocr_line' id='line_1_31' title="bbox 337 3786 1570 3873; baseline -0.003 -20"><span class='ocrx_word' id='word_1_265' title='bbox 337 3791 532 3853; x_wconf 90' lang='lat' dir='ltr'><strong>editionibus</strong></span> <span class='ocrx_word' id='word_1_266' title='bbox 549 3789 733 3854; x_wconf 90' lang='lat' dir='ltr'><strong>secundum</strong></span> <span class='ocrx_word' id='word_1_267' title='bbox 744 3786 873 3852; x_wconf 85' lang='lat' dir='ltr'><strong>Paridis</strong></span> <span class='ocrx_word' id='word_1_268' title='bbox 885 3786 1116 3872; x_wconf 89' lang='lat' dir='ltr'><strong>compendium</strong></span> <span class='ocrx_word' id='word_1_269' title='bbox 1133 3786 1302 3870; x_wconf 85' lang='lat' dir='ltr'><strong>expletam,</strong></span> <span class='ocrx_word' id='word_1_270' title='bbox 1314 3809 1387 3864; x_wconf 90' lang='lat' dir='ltr'><strong>nos,</strong></span> <span class='ocrx_word' id='word_1_271' title='bbox 1408 3789 1570 3873; x_wconf 87' lang='lat' dir='ltr'><strong>quonian</strong></span> 
     </span>
     <span class='ocr_line' id='line_1_32' title="bbox 336 3893 1570 3981; baseline 0 -23"><span class='ocrx_word' id='word_1_272' title='bbox 336 3893 432 3959; x_wconf 88' lang='lat' dir='ltr'><strong>Paris</strong></span> <span class='ocrx_word' id='word_1_273' title='bbox 465 3896 601 3980; x_wconf 87' lang='lat' dir='ltr'><strong>propius</strong></span> <span class='ocrx_word' id='word_1_274' title='bbox 630 3894 763 3981; x_wconf 90' lang='lat' dir='ltr'><strong>quidem</strong></span> <span class='ocrx_word' id='word_1_275' title='bbox 795 3895 839 3958; x_wconf 91' lang='lat' dir='ltr'><strong>ad</strong></span> <span class='ocrx_word' id='word_1_276' title='bbox 872 3893 998 3958; x_wconf 87' lang='lat' dir='ltr'><strong>Valerii</strong></span> <span class='ocrx_word' id='word_1_277' title='bbox 1030 3893 1133 3958; x_wconf 88' lang='lat' dir='ltr'><strong>uerba</strong></span> <span class='ocrx_word' id='word_1_278' title='bbox 1166 3896 1321 3970; x_wconf 88' lang='lat' dir='ltr'><strong>accessit,</strong></span> <span class='ocrx_word' id='word_1_279' title='bbox 1355 3895 1570 3980; x_wconf 83' lang='lat' dir='ltr'><strong>Nepotianu:</strong></span> 
     </span>
     <span class='ocr_line' id='line_1_33' title="bbox 338 3999 1568 4086; baseline -0.002 -22"><span class='ocrx_word' id='word_1_280' title='bbox 338 4000 425 4064; x_wconf 90' lang='lat' dir='ltr'><strong>dicta</strong></span> <span class='ocrx_word' id='word_1_281' title='bbox 451 4002 603 4086; x_wconf 87' lang='lat' dir='ltr'><strong>factaque</strong></span> <span class='ocrx_word' id='word_1_282' title='bbox 632 4002 817 4085; x_wconf 88' lang='lat' dir='ltr'><strong>copiosiore</strong></span> <span class='ocrx_word' id='word_1_283' title='bbox 845 3999 1003 4065; x_wconf 89' lang='lat' dir='ltr'><strong>relatione</strong></span> <span class='ocrx_word' id='word_1_284' title='bbox 1033 3999 1201 4084; x_wconf 89' lang='lat' dir='ltr'><strong>amplexus</strong></span> <span class='ocrx_word' id='word_1_285' title='bbox 1230 4011 1295 4077; x_wconf 91' lang='lat' dir='ltr'><strong>cst,</strong></span> <span class='ocrx_word' id='word_1_286' title='bbox 1323 4011 1473 4086; x_wconf 88' lang='lat' dir='ltr'><strong>utroque</strong></span> <span class='ocrx_word' id='word_1_287' title='bbox 1500 4001 1568 4062; x_wconf 88' lang='lat' dir='ltr'><strong>brc</strong></span> 
     </span>
     <span class='ocr_line' id='line_1_34' title="bbox 333 4105 1570 4191; baseline -0.002 -20"><span class='ocrx_word' id='word_1_288' title='bbox 333 4109 461 4172; x_wconf 89' lang='lat' dir='ltr'><strong>uiatore</strong></span> <span class='ocrx_word' id='word_1_289' title='bbox 484 4106 627 4170; x_wconf 86' lang='lat' dir='ltr'><strong>adhibito</strong></span> <span class='ocrx_word' id='word_1_290' title='bbox 651 4107 774 4170; x_wconf 89' lang='lat' dir='ltr'><strong>sarcire</strong></span> <span class='ocrx_word' id='word_1_291' title='bbox 797 4107 992 4171; x_wconf 80' lang='lat' dir='ltr'><strong>studuimus</strong></span> <span class='ocrx_word' id='word_1_292' title='bbox 1039 4107 1245 4172; x_wconf 82' lang='lat' dir='ltr'><strong>Contrarium</strong></span> <span class='ocrx_word' id='word_1_293' title='bbox 1255 4109 1369 4172; x_wconf 87' lang='lat' dir='ltr'><strong>uitium</strong></span> <span class='ocrx_word' id='word_1_294' title='bbox 1383 4105 1570 4191; x_wconf 83' lang='lat' dir='ltr'><strong>archetypi</strong></span> 
     </span>
     <span class='ocr_line' id='line_1_35' title="bbox 334 4212 1570 4298; baseline -0.004 -19"><span class='ocrx_word' id='word_1_295' title='bbox 334 4212 601 4298; x_wconf 88' lang='lat' dir='ltr'><strong>interpolationes</strong></span> <span class='ocrx_word' id='word_1_296' title='bbox 633 4213 783 4277; x_wconf 90' lang='lat' dir='ltr'><strong>omnibus</strong></span> <span class='ocrx_word' id='word_1_297' title='bbox 811 4212 902 4278; x_wconf 90' lang='lat' dir='ltr'><strong>libris</strong></span> <span class='ocrx_word' id='word_1_298' title='bbox 932 4235 1139 4290; x_wconf 88' lang='lat' dir='ltr'><strong>communes,</strong></span> <span class='ocrx_word' id='word_1_299' title='bbox 1163 4225 1298 4280; x_wconf 85' lang='lat' dir='ltr'><strong>cunctas</strong></span> <span class='ocrx_word' id='word_1_300' title='bbox 1328 4227 1476 4298; x_wconf 84' lang='lat' dir='ltr'><strong>excepta</strong></span> <span class='ocrx_word' id='word_1_301' title='bbox 1511 4235 1570 4275; x_wconf 56' lang='lat' dir='ltr'><strong>un.</strong></span> 
     </span>
     <span class='ocr_line' id='line_1_36' title="bbox 333 4319 1570 4408; baseline -0.004 -23"><span class='ocrx_word' id='word_1_302' title='bbox 333 4322 471 4386; x_wconf 88' lang='lat' dir='ltr'><strong>maioris</strong></span> <span class='ocrx_word' id='word_1_303' title='bbox 495 4320 635 4384; x_wconf 88' lang='lat' dir='ltr'><strong>ambitus</strong></span> <span class='ocrx_word' id='word_1_304' title='bbox 658 4319 698 4395; x_wconf 91' lang='lat' dir='ltr'><strong>Il,</strong></span> <span class='ocrx_word' id='word_1_305' title='bbox 725 4321 781 4396; x_wconf 87' lang='lat'><strong>10,</strong></span> <span class='ocrx_word' id='word_1_306' title='bbox 805 4321 827 4385; x_wconf 87' lang='grc'>8</span> <span class='ocrx_word' id='word_1_307' title='bbox 848 4321 884 4385; x_wconf 91' lang='lat' dir='ltr'><strong>in</strong></span> <span class='ocrx_word' id='word_1_308' title='bbox 902 4319 990 4385; x_wconf 82' lang='lat' dir='ltr'><strong>t&#39;extu</strong></span> <span class='ocrx_word' id='word_1_309' title='bbox 1004 4319 1196 4408; x_wconf 89' lang='lat' dir='ltr'><strong>reliquimus</strong></span> <span class='ocrx_word' id='word_1_310' title='bbox 1215 4324 1306 4386; x_wconf 86' lang='lat' dir='ltr'><strong>uncis</strong></span> <span class='ocrx_word' id='word_1_311' title='bbox 1331 4320 1510 4393; x_wconf 76' lang='lat' dir='ltr'><strong>seclusae,</strong></span> <span class='ocrx_word' id='word_1_312' title='bbox 1539 4341 1570 4380; x_wconf 48' lang='lat' dir='ltr'><strong>u*</strong></span> 
     </span>
     <span class='ocr_line' id='line_1_37' title="bbox 333 4427 1570 4515; baseline -0.005 -21"><span class='ocrx_word' id='word_1_313' title='bbox 333 4431 369 4494; x_wconf 92' lang='lat' dir='ltr'><strong>in</strong></span> <span class='ocrx_word' id='word_1_314' title='bbox 393 4437 549 4515; x_wconf 89' lang='lat' dir='ltr'><strong>quantum</strong></span> <span class='ocrx_word' id='word_1_315' title='bbox 571 4427 642 4490; x_wconf 88' lang='lat' dir='ltr'><strong>fieri</strong></span> <span class='ocrx_word' id='word_1_316' title='bbox 663 4436 780 4512; x_wconf 91' lang='lat' dir='ltr'><strong>posset</strong></span> <span class='ocrx_word' id='word_1_317' title='bbox 802 4429 874 4493; x_wconf 86' lang='lat' dir='ltr'><strong>sine</strong></span> <span class='ocrx_word' id='word_1_318' title='bbox 896 4449 997 4504; x_wconf 86' lang='lat' dir='ltr'><strong>noxa,</strong></span> <span class='ocrx_word' id='word_1_319' title='bbox 1028 4427 1260 4514; x_wconf 87' lang='lat' dir='ltr'><strong>exprimeretur</strong></span> <span class='ocrx_word' id='word_1_320' title='bbox 1286 4427 1385 4492; x_wconf 90' lang='lat' dir='ltr'><strong>huius</strong></span> <span class='ocrx_word' id='word_1_321' title='bbox 1415 4427 1570 4511; x_wconf 76' lang='lat' dir='ltr'><strong>primae]</strong></span> 
     </span>
     <span class='ocr_line' id='line_1_38' title="bbox 334 4533 1570 4622; baseline -0.003 -24"><span class='ocrx_word' id='word_1_322' title='bbox 334 4534 459 4600; x_wconf 90' lang='lat' dir='ltr'><strong>codicis</strong></span> <span class='ocrx_word' id='word_1_323' title='bbox 472 4534 602 4619; x_wconf 89' lang='lat' dir='ltr'><strong>species</strong></span> <span class='ocrx_word' id='word_1_324' title='bbox 615 4555 654 4598; x_wconf 93' lang='lat' dir='ltr'><strong>ac</strong></span> <span class='ocrx_word' id='word_1_325' title='bbox 666 4535 781 4611; x_wconf 79' lang='lat' dir='ltr'><strong>forma,</strong></span> <span class='ocrx_word' id='word_1_326' title='bbox 802 4533 1045 4622; x_wconf 84' lang='lat' dir='ltr'><strong>intellegeretur</strong></span> <span class='ocrx_word' id='word_1_327' title='bbox 1060 4535 1245 4622; x_wconf 90' lang='lat' dir='ltr'><strong>frequentia</strong></span> <span class='ocrx_word' id='word_1_328' title='bbox 1256 4537 1326 4600; x_wconf 88' lang='lat' dir='ltr'><strong>eius</strong></span> <span class='ocrx_word' id='word_1_329' title='bbox 1345 4533 1570 4617; x_wconf 71' lang='lat' dir='ltr'><strong>corruptela«</strong></span> 
     </span>
     <span class='ocr_line' id='line_1_39' title="bbox 331 4637 1570 4727; baseline -0.001 -22"><span class='ocrx_word' id='word_1_330' title='bbox 331 4643 439 4724; x_wconf 85' lang='lat' dir='ltr'><strong>primo</strong></span> <span class='ocrx_word' id='word_1_331' title='bbox 464 4641 572 4706; x_wconf 88' lang='lat' dir='ltr'><strong>statim</strong></span> <span class='ocrx_word' id='word_1_332' title='bbox 596 4652 731 4727; x_wconf 86' lang='lat' dir='ltr'><strong>aspectu</strong></span> <span class='ocrx_word' id='word_1_333' title='bbox 752 4653 962 4707; x_wconf 88' lang='lat' dir='ltr'><strong>monerentur</strong></span> <span class='ocrx_word' id='word_1_334' title='bbox 979 4642 1119 4708; x_wconf 88' lang='lat' dir='ltr'><strong>lectores</strong></span> <span class='ocrx_word' id='word_1_335' title='bbox 1142 4637 1340 4708; x_wconf 86' lang='lat' dir='ltr'><strong>medicinam</strong></span> <span class='ocrx_word' id='word_1_336' title='bbox 1363 4663 1449 4708; x_wconf 85' lang='lat' dir='ltr'><strong>csse</strong></span> <span class='ocrx_word' id='word_1_337' title='bbox 1479 4638 1570 4704; x_wconf 76' lang='lat' dir='ltr'><strong>adn</strong></span> 
     </span>
     <span class='ocr_line' id='line_1_40' title="bbox 333 4745 1344 4837; baseline 0.005 -27"><span class='ocrx_word' id='word_1_338' title='bbox 333 4745 444 4827; x_wconf 87' lang='lat' dir='ltr'><strong>bitem,</strong></span> <span class='ocrx_word' id='word_1_339' title='bbox 469 4769 554 4837; x_wconf 87' lang='lat' dir='ltr'><strong>quae</strong></span> <span class='ocrx_word' id='word_1_340' title='bbox 576 4749 768 4837; x_wconf 87' lang='lat' dir='ltr'><strong>plerumque</strong></span> <span class='ocrx_word' id='word_1_341' title='bbox 790 4771 860 4818; x_wconf 90' lang='lat' dir='ltr'><strong>nen</strong></span> <span class='ocrx_word' id='word_1_342' title='bbox 874 4745 993 4818; x_wconf 75' lang='lat' dir='ltr'><strong>hduria</strong></span> <span class='ocrx_word' id='word_1_343' title='bbox 1008 4748 1181 4816; x_wconf 89' lang='lat' dir='ltr'><strong>uiolentior</strong></span> <span class='ocrx_word' id='word_1_344' title='bbox 1204 4759 1344 4836; x_wconf 88' lang='lat' dir='ltr'><strong>putatur.</strong></span> 
     </span>
    </p>
   </div>
   <div class='ocr_carea' id='block_1_3' title="bbox 0 0 1710 5400">
    <p class='ocr_par' dir='ltr' id='par_1_4' title="bbox 0 0 1710 5400">
     <span class='ocr_line' id='line_1_41' title="bbox 0 0 1710 5400; baseline 0 3"><span class='ocrx_word' id='word_1_345' title='bbox 0 0 1710 5400; x_wconf 95' lang='lat' dir='ltr'><strong> </strong></span> 
     </span>
    </p>
   </div>
  </div>
 </body>
</html>
