3409 5400
472 518 555 588 LIB.
577 518 652 598 VII,
675 518 710 589 0.
735 522 767 599 1,
789 528 821 599 i.
843 519 970 589 1-0.
994 521 1026 597 2,
1048 526 1079 597 i.
1101 522 1132 589 2.
1351 520 1415 589 tet

82 691 84 732 t
187 682 421 749 licitudinibns
459 680 570 748 aulam
595 701 786 769 paucasque
820 680 936 769 glebas
968 680 1103 768 pauoris
1137 690 1285 769 expertes
1319 702 1418 771 quam

81 803 86 842 ἰ
188 791 421 877 pinguissima
449 787 577 876 Lydiae
595 782 687 854 'arua
713 796 802 854 metu
841 788 962 854 referta
998 797 1030 852 et
1063 806 1164 853 unum
1198 799 1253 853 aut
1282 788 1417 856 alterum

81 915 86 950 t
189 898 314 983 iugum
335 895 436 961 boum
458 898 565 963 facilis
589 894 707 961 tutelae
730 915 830 981 quam
846 895 1006 961 exereitus
1031 904 1061 959 et
1077 915 1170 959 arma
1186 904 1217 958 ct
1240 896 1417 981 equitatum

81 999 86 1060 ἱ
190 1002 374 1067 uoracibus
397 1004 544 1090 inpensis
569 1024 745 1069 onerosum
768 1012 800 1066 ct
819 1024 901 1067 usus
924 1004 1106 1067 necessarii
1130 1000 1317 1067 horreolum
1339 1000 1418 1065 nulli

81 1128 89 1168 ε
160 1110 300 1173 enimis
323 1110 542 1196 adpetendum
566 1132 667 1198 quam
694 1107 868 1175 thesauros
897 1108 1042 1175 omnium
1071 1108 1202 1175 insidiis
1233 1120 1264 1174 et
1292 1106 1417 1195 eupidi-

81 1246 87 1274 ,-
193 1214 319 1281 tatibus
343 1218 521 1303 expositos.
573 1216 623 1282 lta
650 1216 781 1303 Gyges,
810 1216 888 1280 dum
917 1214 1185 1301 adstipulatorem
1215 1235 1324 1281 uanae
1348 1214 1417 1301 opi·

81 1331 88 1384 t
192 1320 310 1386 nionis
332 1321 431 1387 deum
453 1322 576 1388 babere
598 1322 810 1409 concupiscit,
833 1322 968 1389 ubinam
989 1320 1098 1389 solida
1120 1332 1152 1387 et
1175 1323 1306 1388 sincera
1328 1330 1417 1387 esset

81 1453 86 1490 t
193 1426 339 1494 felicitas
362 1428 483 1496 didicit.

466 1964 715 2045 SAPIENTER
735 1974 868 2044 DICTA
891 1974 983 2043 AVT
1005 1974 1157 2045 FACTA.

82 2225 83 2252 2
163 2208 192 2252 to
290 2172 387 2241 Nune
414 2174 449 2240 id
479 2195 587 2262 genus
614 2174 776 2242 felicitatis
799 2174 985 2263 explicabo,
1016 2172 1105 2261 quod
1127 2183 1228 2239 totum
1250 2175 1285 2239 in
1307 2171 1421 2238 habitu
1429 2176 1470 2243 ΙΙ.

201 2284 319 2359 animi,
347 2304 409 2346 nec
436 2282 523 2345 uotis
552 2282 684 2367 petitur,
711 2281 771 2346 sed
798 2283 833 2347 in
860 2282 1048 2369 pectoribus
1077 2282 1238 2371 sapientia
1263 2277 1418 2366 praeditis

201 2399 325 2463 natum,
349 2388 444 2453 dictis
467 2388 629 2474 factisque
652 2387 867 2472 prudentibus
892 2386 1047 2452 enitescit.

290 2495 376 2581 App.
402 2493 573 2559 Claudium
597 2497 711 2561 crebro
735 2495 867 2561 solitum
899 2494 1007 2559 dicere
1036 2494 1222 2579 accepimus
1251 2492 1462 2581 negotiuml.

202 2601 324 2688 populo
346 2601 498 2668 Romano
520 2602 637 2668 melius
662 2625 761 2689 quam
792 2602 892 2667 otium
921 2600 1081 2677 conmitti3
1111 2590 1179 2665 non
1208 2598 1296 2687 quod
1325 2600 1420 2685 iguo·

166 2717 289 2785 maret
312 2731 412 2796 quam
434 2709 599 2774 iucundus
623 2709 861 2798 tranquillitatis
877 2719 980 2774 status
998 2716 1097 2785 esset,
1120 2707 1181 2774 sed
1204 2707 1293 2797 quod
1316 2707 1419 2772 anim·

203 2816 387 2890 aduerteret
415 2817 643 2902 praepotentia
676 2817 816 2902 imperia
844 2817 1023 2905 agitatione
1051 2837 1175 2881 rerum·
1200 2815 1243 2880 ad
1272 2815 1421 2892 uirtutem

203 2921 443 3009 capessendam
458 2923 600 2999 excitari,
623 2924 727 2989 nimia
743 2925 848 3011 quiete
872 2924 906 2988 in
923 2922 1082 2989 desidiam
1097 2920 1230 2988 resolui.
1275 2919 1317 2986 Et
1340 2939 1420 2988 sane

203 3030 382 3117 negotium,
405 3031 538 3094 nomine
561 3029 741 3105 horridum,
763 3031 904 3096 ciuitatis
920 3041 1053 3098 nostrae
1069 3053 1179 3096 mores
1198 3033 1234 3096 in
1256 3051 1318 3096 suo
1334 3039 1419 3096 statu

205 3136 373 3211 continuit3
397 3134 538 3202 blandae
562 3135 792 3224 appellationis
817 3137 910 3224 quies
933 3137 1082 3225 plurimis
1105 3138 1192 3204 uitiis
1215 3136 1383 3222 respersit.

169 3269 197 3314 20
292 3241 405 3325 Scipio
427 3263 507 3305 uero
524 3240 701 3308 Africanus
723 3253 815 3328 turpe
831 3265 907 3310 esse
931 3244 1041 3310 aiebat
1060 3246 1096 3309 in
1116 3265 1152 3308 re
1166 3243 1296 3308 militari
1312 3241 1461 3309 diceres.

206 3345 290 3412 ‘Non
312 3345 483 3431 putaram,
507 3346 656 3412 uidelicet
678 3351 756 3435 quia
778 3350 945 3435 explorato
964 3359 995 3414 ct
1019 3371 1157 3416 excusso
1174 3341 1312 3414 consilio
1336 3369 1420 3434 quae

207 3485 231 3540 1.
248 3487 361 3556 glebens
373 3484 406 3539 F.
417 3483 431 3554 ΙΙ
442 3481 467 3540 3.
487 3488 619 3553 equitatus
637 3490 767 3552 impensis
784 3492 929 3540 uoracibus
947 3492 1110 3542 honerosum
1123 3487 1152 3542 F.
1164 3485 1214 3558 1111.
1233 3489 1372 3554 oppositos
1389 3485 1421 3543 F.

220 3555 232 3627 ΙΙ
245 3559 445 3622 astipulatorem
470 3571 539 3609 corr.
556 3556 589 3610 A.
613 3559 796 3623 stipulatorem
814 3557 851 3613 D.
869 3555 923 3627 119.
942 3561 988 3610 Dii
1007 3561 1202 3612 SAPIENTER
1219 3559 1332 3612 meris
1351 3559 1421 3610 AVT

206 3628 325 3682 FACTIS
345 3625 576 3696 Τοπ.1110.(ιιιοι1]
588 3625 650 3680 add.
659 3645 713 3680 non
722 3626 819 3697 Elin·
831 3629 922 3696 aninri]
934 3627 995 3683 add.
1006 3637 1049 3682 est
1058 3629 1087 3682 D
1096 3636 1123 3681 rt
1131 3645 1198 3683 corr.
1209 3629 1230 3683 A
1240 3630 1269 3688 0.
1282 3625 1420 3700 71111112.

208 3705 295 3750 nutum
313 3696 346 3751 Β.
358 3696 372 3765 ΙΙ
386 3696 426 3751 13.
446 3700 553 3749 solitum
571 3703 665 3750 crebro
682 3697 716 3751 Ε.
731 3696 743 3766 ΙΙ
758 3699 903 3763 accipimus
921 3697 953 3753 F.
965 3699 979 3767 ΙΙ
993 3697 1034 3752 14.
1053 3702 1181 3770 conmitti]
1202 3699 1264 3756 add.
1283 3702 1302 3752 1.
1315 3703 1344 3755 P.
1364 3703 1421 3752 dari

208 3784 294 3836 scarpo
311 3768 343 3822 A.
355 3769 369 3836 ΙΙ
381 3772 488 3839 ignoret
499 3783 546 3838 pr.
564 3768 596 3822 A.
611 3767 623 3840 ss
639 3765 681 3822 15.
699 3770 828 3821 iucundus
850 3768 1004 3825 cum.
1017 3770 1085 3840 1117.
1104 3775 1299 3839 capescendam
1317 3770 1375 3826 Fr.
1394 3775 1406 3841 ll

209 3841 316 3893 dissolui
334 3838 366 3892 F.
377 3838 390 3906 ΙΙ
406 3837 445 3892 ill.
463 3843 584 3906 pluribus
596 3842 673 3892 ulciis
690 3843 810 3906 respexit
827 3837 938 3908 111120.
957 3841 1057 3911 Scipio]
1076 3844 1128 3894 hcc
1145 3846 1205 3895 ioco
1224 3845 1244 3897 1.
1263 3845 1293 3916 P,
1318 3845 1421 3896 titulum

208 3913 287 3962 babet
305 3913 338 3962 de
356 3911 481 3963 felicitate
500 3914 614 3976 quaein
639 3914 719 3962 animi
743 3913 835 3963 babitu
861 3915 904 3963 ost
926 3912 967 3964 sie
989 3929 1080 3982 marpo
1104 3911 1135 3966 A.
1161 3911 1210 3967 Nil
1233 3913 1284 3969 tale
1309 3915 1425 3968 enotecit

209 3981 269 4050 Aac.
287 3981 386 4035 Maius.
397 3979 466 4052 1121.
483 3985 576 4048 putaui
592 3981 656 4036 Par.
674 3981 762 4037 Secec.
781 3981 814 4034 de
831 3981 875 4034 ira
892 3979 928 4045 Π,
947 3981 991 4038 31.
1003 3983 1017 4053 Η
1046 3985 1119 4054 quia]
1140 3989 1208 4054 quod
1227 3985 1263 4040 Ε.

274 4108 307 4160 11.
325 4105 354 4158 ia
367 4103 458 4158 lettre
472 4105 576 4169 animi.)
592 4109 709 4160 Verbum
722 4114 771 4164 eet.
786 4110 982 4171 enodationem
993 4125 1010 4160 e
1020 4112 1098 4162 bouis
1114 4112 1250 4162 codicibus
1264 4115 1327 4177 post
1342 4111 1424 4165 enimi

209 4179 354 4228 inseruerat
371 4180 471 4242 primrm
491 4181 624 4230 corrector
636 4180 695 4230 libri
706 4182 859 4236 Beroensis.
879 4181 1010 4244 hocloco,
1030 4184 1054 4231 si
1072 4184 1174 4248 reliqua
1187 4195 1256 4233 sana
1266 4185 1326 4240 sint,
1341 4185 1424 4235 omitti

209 4263 288 4313 pesse
305 4265 359 4299 non
376 4250 440 4298 mibi
459 4253 641 4312 persuadetur.
677 4251 895 4320 Sublntellegitnr
906 4254 1012 4302 omnino
1025 4267 1154 4318 perquam
1165 4269 1227 4306 raro
1242 4256 1269 4304 in
1282 4255 1424 4305 enuntietis

211 4321 323 4370 relatiuis
336 4317 402 4386 (uid.
413 4321 448 4370 ad
460 4321 507 4377 IX,
522 4318 564 4380 12,
576 4317 624 4387 8.),
636 4336 780 4388 numquam
791 4337 866 4380 uero.
879 4324 923 4373 ubi
933 4323 987 4373 alia
999 4326 1083 4374 uerba
1095 4339 1129 4376 ex
1142 4339 1227 4390 aequo
1240 4325 1278 4374 illi
1288 4327 1379 4388 posita
1387 4325 1422 4373 ab

211 4391 299 4441 eodem
317 4392 429 4442 relatino
446 4393 572 4455 pendent,
590 4394 682 4455 qualia
699 4395 762 4443 sunt
779 4395 806 4444 in
825 4395 876 4443 boe
888 4395 1013 4458 exemplo
1025 4393 1127 4461 petitur
1144 4398 1171 4446 et
1183 4393 1308 4445 enitescit.
1344 4395 1422 4444 Nolui

210 4463 294 4512 tamen
311 4462 376 4512 illud
394 4461 569 4526 interpolare,
593 4479 653 4514 cum
672 4466 792 4514 nesciam
811 4480 845 4514 au
864 4465 988 4516 Valerius
1007 4467 1157 4515 accuratius
1176 4467 1202 4514 et
1221 4465 1341 4514 debuerit
1357 4465 1422 4514 scri·

199 4535 269 4582 'bere
287 4534 315 4582 et
333 4533 472 4596 scripserit
489 4531 559 4600 qaod
575 4537 655 4584 tutum
673 4534 702 4584 in
717 4532 808 4586 habitu
826 4533 922 4591 animi,
943 4549 991 4586 tter
1008 4533 1077 4586 aeds
1089 4533 1209 4602 petitum,
1226 4532 1275 4585 sed
1292 4533 1320 4584 ia
1332 4539 1421 4602 pecto·

211 4599 280 4653 cibas
296 4629 331 4642 -
349 4607 446 4663 uatem
465 4601 545 4656 dietis
554 4603 691 4672 sectisque
702 4603 878 4673 prudentibus
895 4605 1020 4658 milredi.

274 4669 301 4726 2.
312 4671 412 4797 ᾕαρὲ
428 4688 493 4726 aere
509 4673 664 4742 qsricmt
688 4676 772 4728 Fabio
791 4678 945 4744 imperatori
963 4677 1033 4728 idem
1053 4676 1149 4726 dictum
1167 4677 1257 4726 tribuit
1274 4675 1368 4730 Seuer.
1388 4678 1422 4729 de

211 4744 247 4796 ira
262 4744 294 4805 li,
348 4779 357 4805 ,
424 4805 429 4813 ⁴
