3409 5400
259 484 323 555 itit
654 488 714 557 DE
737 486 1069 559 MODERATIONE.

216 649 249 721 8.
347 654 454 737 Quam
483 652 630 721 'liberius
660 655 758 719 etiam
788 652 958 718 Gracchus
992 650 1217 719 admirabilem
1251 674 1289 717 se
1319 612 1480 716 exhibuit}

257 759 417 827 Tribunus
441 764 527 827 euim
550 762 666 849 plebis,
690 783 765 829 cum
789 784 829 827 ex
850 762 1003 847 professo
1019 760 1206 825 inimicitias
1230 782 1304 825 cum
1322 758 1479 824 Afiicano

256 878 288 933 et
310 868 456 934 Asiatico
481 868 691 957 Scipionibus
720 880 848 958 gereret
876 880 908 933 et
937 866 1104 933 Asiaticus
1131 866 1295 932 iudicatae
1317 866 1478 953 pecuniae

255 975 419 1041 satisdare
447 998 513 1041 non
536 987 650 1063 posset
679 988 775 1064 atque
804 977 880 1041 ideo
908 998 929 1040 a
956 974 1091 1040 consede
1123 975 1159 1039 in
1186 972 1320 1039 uincula
1346 970 1479 1057 publice

255 1082 330 1147 duci
351 1085 463 1149 iussus
487 1094 576 1149 esset
592 1084 854 1171 appellassetque
878 1083 1051 1171 collegium
1073 1082 1286 1155 tribunorum,
1306 1078 1394 1144 nullo
1417 1093 1507 1142 uo·e

254 1188 340 1255 lente
356 1190 569 1266 intercedere,
593 1193 733 1257 secessit
755 1214 775 1255 a
792 1192 928 1279 collegis
945 1192 1176 1275 decretumque
1188 1189 1372 1275 conposuit.
1406 1184 1478 1250 Nec

256 1299 428 1384 quisquam
459 1297 616 1363 dubitauit
644 1301 778 1387 quinia
802 1322 840 1363 eo
865 1297 1039 1363 scribendo
1062 1298 1171 1374 †irati
1193 1298 1300 1361 nectis
1315 1293 1477 1360 aduersus

254 1402 436 1469 Asiaticum
458 1405 569 1469 uerbis
592 1428 714 1471 usurus
743 1420 842 1471 esset.
888 1407 932 1469 At
958 1406 987 1469 is
1017 1406 1158 1491 primum
1180 1405 1301 1469 iurauit
1330 1404 1374 1485 se]
1400 1422 1477 1465 eum

255 1512 465 1600 Scipionibus
488 1514 522 1577 in
546 1515 684 1600 gratiam
713 1535 779 1579 non
806 1514 946 1579 redisse.
989 1512 1118 1578 Deinde
1146 1511 1209 1577 tale
1238 1511 1404 1575 decretum
1424 1528 1477 1573 re-

255 1620 378 1693 citauit,
409 1640 483 1684 cum
505 1616 542 1686 1..
569 1620 739 1689 Cornelius
764 1623 877 1708 Scipio
906 1622 958 1685 die
981 1619 1133 1706 triumphi
1160 1619 1215 1684 sui
1243 1629 1318 1682 ante
1346 1624 1515 1680 currum¹⁰

255 1736 345 1791 actos
368 1725 513 1791 hostium
536 1726 637 1792 duces
653 1730 686 1793 in
703 1750 869 1793 carcerem
886 1728 1071 1803 coniecerit,
1093 1725 1264 1813 indignum
1281 1736 1313 1788 et
1334 1722 1478 1787 alienum

253 1835 423 1898 maiestate
447 1834 560 1919 populi
582 1834 725 1900 Romani
747 1835 866 1911 uideri,
897 1835 1014 1899 eodem
1036 1836 1146 1921 ipsum
1177 1834 1263 1900 duci.
1307 1830 1420 1917 ltaque
1442 1827 1479 1893 id

254 2010 279 2066 2.
299 2006 334 2064 ti.
354 2014 424 2063 enim
442 2013 478 2077 pi.
496 2010 528 2063 A.
540 2010 553 2079 ΙΙ
565 2006 590 2065 3.
604 2012 734 2080 Asiatico]
754 2012 816 2067 odd.
830 2017 850 2068 i.
863 2017 893 2066 P.
906 2030 996 2083 gnaeo
1007 2028 1098 2079 scarpo
1108 2010 1140 2065 Α.
1152 2011 1165 2079 ΙΙ
1177 2010 1319 2076 iudicatae]
1339 2010 1381 2060 ius
1397 2008 1478 2060 datae

253 2082 282 2137 F.
294 2082 307 2150 ΙΙ
319 2080 344 2135 l.
364 2084 519 2134 consulibus
537 2080 575 2135 D.
595 2082 607 2150 ΙΙ
626 2080 651 2135 5.
671 2086 902 2152 appellassetque]
927 2101 979 2152 que
1001 2100 1051 2136 om.
1070 2079 1174 2150 11111.
1195 2084 1325 2149 collegiis'
1334 2078 1367 2131 Α.
1377 2078 1392 2145 ΙΙ
1403 2079 1430 2132 7.
1448 2080 1478 2130 in

253 2170 302 2206 otta
321 2151 613 2209 ABODEFi’Torr.
634 2152 647 2223 ΙΙ
667 2159 728 2208 irati
752 2157 848 2223 noctis]
874 2156 915 2208 tt'e
937 2155 969 2209 A.
994 2152 1057 2206 add.
1081 2172 1106 2207 u.
1138 2156 1180 2205 ira
1203 2156 1304 2205 exortis
1327 2165 1418 2217 scarpo
1442 2147 1477 2202 Δ.

252 2228 312 2279 irati
332 2228 445 2277 hominis
463 2224 497 2279 Β.
521 2228 583 2279 irati
599 2228 686 2279 hostis
701 2226 868 2282 cssrorr.
885 2230 948 2279 irati
963 2228 1032 2278 notis
1044 2224 1110 2279 ΒΓ.
1122 2226 1135 2294 ΙΙ
1147 2222 1172 2277 8.
1186 2242 1218 2275 ae
1229 2222 1259 2277 F.
1270 2223 1284 2291 ΙΙ
1295 2219 1321 2275 9.
1337 2223 1476 2275 recitatum

252 2296 286 2350 Β.
298 2298 311 2364 ΙΙ
326 2294 367 2348 ll.
385 2297 531 2363 carcerem]
552 2300 658 2349 uincula
675 2297 707 2351 Γ.
721 2300 734 2366 ΙΙ
748 2303 886 2369 indignum
904 2301 1019 2350 ebenum
1026 2294 1111 2365 pud.
1130 2299 1245 2349 alienum
1259 2296 1431 2362 etindignum
1439 2290 1476 2347 Ε.

263 2367 332 2437 1119.
352 2386 370 2419 a
388 2370 531 2420 maiestate
550 2368 576 2422 Γ
592 2376 617 2422 et
634 2385 704 2424 corr.
722 2370 756 2427 Α,
779 2370 856 2424 Torr.
867 2371 881 2439 ΙΙ
898 2372 988 2436 popuii
1008 2369 1132 2435 Romani]
1151 2386 1178 2433 p.
1197 2384 1219 2420 r.
1237 2364 1268 2421 A.
1292 2384 1315 2419 r.
1333 2382 1360 2431 p.
1377 2362 1421 2417 ael
1437 2364 1477 2416 rei

252 2441 375 2508 publicae
393 2438 579 2495 BGDEFI’.
592 2442 605 2512 ΙΙ
617 2444 701 2495 uideri
719 2450 768 2495 em.
786 2442 818 2495 F.
830 2444 843 2511 Η
856 2445 969 2494 eundem
988 2437 1139 2496 BODEF
1140 2439 1166 2493 Γ
1182 2444 1208 2490 et
1219 2452 1265 2508 pr.
1283 2436 1316 2490 A.

252 2618 322 2653 nouo
340 2616 407 2653 usus
427 2604 470 2653 est
487 2604 677 2655 moderationis
696 2606 798 2673 gradu.
836 2604 890 2655 Sed
916 2603 977 2669 quid
996 2603 1087 2659 muita.
1113 2616 1172 2651 eum
1190 2599 1320 2669 negeiius
1345 2598 1477 2662 particula

253 2690 270 2724 a
289 2674 424 2724 codicibus
438 2675 591 2726 firmissima
610 2678 664 2727 siti
700 2677 819 2728 blandem
832 2676 994 2727 sententiam
1007 2674 1131 2725 Valerius
1144 2674 1176 2732 V,
1189 2669 1215 2730 2.
1229 2663 1314 2723 eati
1331 2668 1475 2734 expressit.

252 2759 300 2795 nee
317 2743 393 2796 laires
412 2747 421 2810 (
431 2747 519 2810 popuii
539 2748 667 2812 Romani)
685 2747 859 2816 mum'ficcutie
876 2761 924 2798 aec
942 2745 1014 2798 tutus
1032 2747 1136 2810 (etuti)
1161 2749 1215 2795 tum
1237 2755 1335 2794 memor
1358 2737 1477 2808 beneficii

252 2814 355 2937 ακῖηιω
378 2813 526 2938 Ἥιενόἰε
548 2815 657 2870 laudari
675 2825 775 2887 potest,
801 2824 863 2888 quot
886 2815 1065 2886 nepaesinae
1087 2815 1210 2868 ciuitates
1232 2812 1276 2866 ael
1296 2811 1380 2864 mite
1398 2809 1477 2862 datae

251 2901 284 2938 se
306 2885 355 2955 pie
371 2900 401 2938 re
439 2886 492 2938 itae
508 2894 576 2942 eunt.

323 2954 348 3008 8.
373 2959 413 3009 Gi.
431 2961 483 3011 Cic.
509 2961 541 3010 de
565 2977 640 3025 prou.
664 2977 737 3014 cons.
756 2960 787 3020 8.
815 2961 855 3016 18.
884 2965 942 3015 Liu.
967 2962 1122 3020 xxxviii,
1140 2955 1184 3013 110.
1212 2958 1243 3011 Δ.
1263 2958 1329 3010 Geli.
1348 2957 1409 3015 vii,
1434 2951 1475 3008 19.

253 3031 340 3094 Quint.
359 3030 426 3081 deei.
444 3025 469 3081 9.
498 3031 572 3083 Auci.
592 3035 625 3084 de
645 3035 692 3087 uir.
711 3035 747 3086 iii.
766 3029 801 3086 53
820 3037 847 3086 et
864 3030 908 3086 57.

308 3115 341 3169 ,a
359 3099 472 3162 cesule)
497 3103 580 3154 immo
604 3120 621 3155 a
644 3107 766 3170 praetore
796 3111 827 3169 Q.
852 3107 993 3164 Terentio.
1019 3106 1090 3155 teste
1113 3104 1199 3154 Liuio.
1241 3101 1273 3153 Α.
1298 3099 1409 3156 Gellius.
1430 3099 1476 3164 qui

251 3174 313 3239 ipsa
336 3175 394 3224 eius
423 3175 523 3225 decreti
551 3179 635 3227 uerba
665 3191 699 3228 ex
730 3180 865 3230 annalium
889 3177 1068 3228 monumentis
1090 3174 1247 3239 exscripsit,
1275 3173 1305 3222 c.
1331 3170 1476 3221 Minucium

250 3246 416 3314 Augurinum
434 3245 567 3297 tribunum
585 3249 674 3312 plebei
693 3249 802 3300 multam
827 3252 966 3320 irrogasse
990 3249 1021 3299 1..
1040 3247 1158 3310 Scipioni
1176 3246 1298 3296 declarat
1314 3244 1342 3294 et
1358 3242 1476 3291 iussisse

251 3319 280 3368 iu
298 3331 433 3368 carcerem
452 3332 512 3368 eum
523 3319 591 3378 duci,
610 3321 636 3370 ni
655 3323 770 3384 praedes
790 3324 875 3373 daret.
920 3322 1002 3371 Error
1019 3321 1063 3369 est
1074 3318 1160 3382 ipatus
1172 3316 1281 3373 Valerii,
1292 3316 1320 3365 in
1332 3314 1476 3381 designan-

252 3389 293 3440 dis
312 3389 516 3458 magistratibus
534 3405 587 3440 nou
606 3394 809 3443 accuratissimi.
828 3395 867 3444 Ct‘.
884 3393 970 3456 praei.
988 3407 1016 3455 p·
1034 3385 1078 3441 99.

322 3459 386 3527 quta
403 3458 431 3510 in
449 3475 479 3511 eo
497 3458 646 3524 sctibendo)
664 3463 708 3514 Sic
721 3467 797 3517 cedri.
810 3465 953 3516 Leideasia
971 3463 1078 3528 quintus
1097 3461 1125 3511 et
1136 3459 1274 3512 Perizonii.
1305 3457 1334 3508 id
1354 3469 1384 3506 se
1397 3469 1475 3520 pree·

252 3533 322 3583 terre
341 3531 557 3584 dieit'i'orrenius
569 3534 786 3602 Perizoniumque
805 3539 843 3586 ita
862 3535 1011 3586 coniecisse
1030 3534 1131 3589 namet.
1150 3532 1199 3580 sed
1217 3531 1305 3594 ipsum
1325 3528 1416 3578 statim
1428 3528 1475 3576 ad·

252 3605 354 3655 didisse
369 3617 422 3654 nou
435 3606 619 3656 necessariam
634 3621 697 3657 esse
710 3609 891 3658 mutationem.
928 3607 1056 3670 Equidem
1075 3619 1130 3666 qua
1145 3603 1248 3652 ratione
1264 3600 1399 3649 abietinas
1416 3598 1476 3648 sine

251 3675 451 3738 praepositione
463 3677 592 3740 explicari
606 3679 694 3744 possit
703 3693 756 3728 non
766 3679 903 3747 intellego.
939 3677 1032 3741 Neque
1043 3675 1113 3726 enirn
1125 3673 1259 3724 sententie
1268 3671 1404 3722 bominum
1417 3668 1477 3718 eret

252 3746 401 3796 Gracchum
415 3759 447 3797 eo
461 3748 529 3810 ipso,
544 3749 613 3814 equod
626 3751 761 3800 decretum
773 3749 837 3798 iilud
852 3749 969 3812 scripsit.
985 3748 1061 3796 iratis
1074 3746 1165 3797 uerbis
1184 3757 1294 3794 usurum
1306 3753 1371 3792 esse
1382 3742 1476 3790 eontra

252 3814 413 3879 Scipionem,
434 3820 483 3866 sed
502 3832 612 3869 usurum
629 3822 662 3870 iis
681 3821 707 3870 in
728 3835 760 3870 eo
774 3821 924 3871 scribendo.
962 3823 1052 3879 Quare
1071 3817 1194 3880 suppleul
1207 3814 1435 3880 praepositionem
1447 3809 1476 3862 t'tt

252 3886 279 3935 ei
297 3889 402 3935 omnino
421 3890 606 3940 neeessariam
625 3893 651 3940 et
669 3893 748 3942 iaciie
767 3892 898 3942 omissam
916 3890 980 3954 post
996 3887 1067 3956 qaia.

321 3957 338 4018 †
361 3955 427 4006 irati
449 3957 533 4009 noetis
556 3957 683 4012 adaerere
705 3959 851 4013 Asiaticam
874 3958 974 4020 uerte)
1004 3960 1077 4009 Varii
1095 3960 1158 4010 sunt
1175 3959 1203 4008 et
1219 3957 1341 4007 infelices
1363 3957 1476 4006 conatus

251 4028 435 4078 emendandae
459 4031 600 4095 archetypi
624 4035 800 4096 corruptelae.
846 4033 914 4082 Nam
932 4034 1041 4095 praeter
1069 4043 1126 4089 eos,
1149 4043 1217 4095 quos
1242 4043 1258 4078 e
1281 4028 1382 4078 nostris
1400 4027 1476 4077 libris

250 4099 439 4162 manuscriptis
459 4103 635 4161 enotauimus‚
655 4103 800 4154 Turranius
820 4119 853 4154 ex
878 4104 938 4153 aliis
958 4096 1111 4155 iracundis.
1138 4115 1172 4151 ex
1191 4099 1253 4149 aliis
1276 4098 1319 4150 ire
1343 4095 1478 4148 commotis

250 4171 462 4222 communicauit.
499 4171 607 4222 Minime
625 4175 744 4237 proiecto
763 4178 789 4225 id
808 4175 955 4231 sutisiacit,
979 4174 1049 4236 quod
1073 4173 1191 4223 editores
1213 4170 1295 4222 tacite
1319 4173 1372 4220 hue
1388 4183 1476 4230 usque

250 4243 423 4299 admiserant,
442 4241 508 4292 irati
524 4241 614 4293 bostis.
650 4245 682 4294 Ni
702 4248 791 4295 omnia
808 4255 852 4295 nie
871 4247 979 4303 faliunt,
1004 4243 1093 4294 deleta
1117 4259 1172 4293 rina
1193 4243 1283 4293 littera
1306 4241 1477 4292 scribendum

250 4315 294 4364 est
310 4312 354 4364 ira
373 4311 470 4366 tinctis
506 4313 608 4364 Eodem
626 4318 705 4366 rnodo
725 4319 752 4367 et
776 4319 869 4368 nescio
894 4333 928 4367 an
953 4318 1088 4382 aliquanto
1112 4317 1193 4366 etiarn
1217 4316 1377 4378 improprius
1397 4312 1476 4374 Quin·

249 4386 358 4436 tilianus
377 4385 425 4435 iiii
444 4385 506 4434 inst.
525 4401 563 4438 or.
581 4383 607 4442 9,
629 4383 678 4437 117
698 4389 856 4453 composuit,
874 4388 982 4451 interita)
1001 4401 1124 4453 expresse
1142 4390 1175 4444 et.
1193 4383 1291 4436 atauo
1301 4383 1382 4442 Zeno.
1399 4397 1478 4435 senes

251 4456 333 4507 tinctu
351 4469 406 4507 esse
424 4453 559 4508 debebunt.
598 4459 675 4509 Mart.
696 4460 780 4528 epigr.
800 4461 834 4517 X,
854 4453 950 4516 315,
973 4457 998 4508 si
1014 4453 1100 4508 uiridi
1122 4456 1218 4508 tinem
1239 4455 1365 4522 mutae
1384 4467 1479 4505 serm

250 4525 329 4578 ibris
347 4525 430 4578 mahte
447 4526 518 4579 liuor
535 4524 634 4579 dicerit
652 4543 708 4579 esee
725 4545 803 4582 meos.
821 4531 856 4583 id.
876 4530 944 4587 viii,
964 4522 990 4586 3,
1012 4523 1044 4579 19
1067 4527 1104 4580 At
1122 4533 1149 4579 tu
1166 4525 1285 4579 Rotam
1303 4523 1407 4595 lepidae
1421 4523 1478 4576 sele

251 4595 320 4717 ἕης
337 4595 446 4716 uigiles.
482 4601 570 4666 Atque
588 4601 668 4651 etiam
688 4601 779 4652 Cicero
804 4602 830 4652 iu
849 4602 923 4652 Brut
942 4594 991 4657 58.
1015 4595 1065 4652 211
1093 4599 1214 4651 Laeliarn
1235 4597 1326 4668 patrie
1349 4595 1477 4664 alequam

273 4681 358 4717 mum
387 4671 461 4720 uisse
479 4671 551 4722 dixit.

323 4735 410 4789 edem
427 4738 512 4806 ipsam
531 4738 604 4805 daet')
625 4742 757 4809 Exempla
780 4744 842 4795 ante
866 4743 991 4812 Pighiutn
1015 4743 1150 4808 impressa
1171 4743 1388 4811 conspirantibus
1406 4741 1477 4794 cuii·
