3409 5400
562 484 645 553 LIB.
668 484 724 566 ΙΙΙ,
747 486 785 554 G.
807 486 841 565 2,
863 494 895 565 t·
916 486 971 557 22.
993 486 1050 555 23.
1352 492 1420 566 bib

196 642 344 713 eiusdem
367 646 574 731 imperatoris
589 649 745 723 centurio,
769 647 966 715 subsecutus
989 658 1050 711 est.
1095 646 1179 713 (lum
1199 668 1261 732 pro
1284 651 1420 719 castello

196 754 302 827 enim,
327 754 380 817 cui
402 754 610 838 praepositus
640 765 724 829 erat,
754 754 940 827 dimicaret,
971 752 1142 839 Gnaeique
1164 752 1304 840 Pompei
1324 778 1421 842 prae·

196 860 301 925 fec-tus
324 860 419 925 iussu
443 860 512 925 eius
538 880 666 925 summo
695 858 802 925 studio
835 872 866 924 et
893 880 1017 947 magno
1046 857 1185 925 militurn
1212 881 1349 927 numero
1377 862 1423 927 ad

196 970 299 1045 [eum]
323 965 519 1051 cupiendum
547 968 717 1063 niteretur,
746 986 862 1031 omnes
886 967 949 1051 .qui
976 966 1110 1051 propius
1134 977 1346 1033 accesserant
1371 969 1422 1034 in·

171 1072 338 1147 uteremit,
367 1092 407 1137 ac
436 1072 508 1135 siue
535 1071 601 1137 ullo
627 1092 785 1159 regressu
812 1072 917 1159 pedes
944 1090 1098 1159 pugnans
1127 1094 1227 1158 super
1254 1074 1423 1159 ingentem

196 1188 354 1266 stragem,
377 1198 477 1263 quern
492 1178 564 1263 ipse
579 1178 712 1255 fecerat,
728 1179 858 1245 counit.
896 1177 997 1243 Grrius
1015 1178 1132 1264 cupite,
1154 1198 1278 1254 umero,
1300 1179 1422 1245 femine

196 1287 321 1359 saucio,
345 1283 439 1351 oculo
463 1294 564 1359 eruto,
589 1296 716 1349 scutum
741 1284 766 1349 0
790 1296 821 1349 et
835 1282 902 1351 XX
923 1284 1041 1349 ictibus
1057 1285 1246 1370 perfossum
1261 1288 1422 1373 apparuit.

197 1390 287 1457 Talis
310 1392 345 1455 in
368 1391 485 1457 cestris
515 1389 583 1455 diui
611 1390 669 1455 lull
698 1390 875 1477 disciplina
901 1389 1021 1455 milites
1051 1390 1144 1466 aluit,
1173 1412 1310 1478 quorum
1340 1392 1422 1459 elter

197 1497 350 1571 dextera,
379 1496 459 1561 alter
489 1495 584 1564 oculo
613 1499 738 1563 amisso
768 1494 920 1563 hostibus
948 1494 1108 1571 inhaesit,
1142 1496 1198 1563 ille
1225 1509 1302 1583 pest
1332 1497 1421 1565 hanc

157 1606 357 1671 scincturam
378 1604 493 1679 uictor,
516 1602 570 1669 hic
593 1624 636 1667 ue
658 1602 721 1669 hac
746 1604 878 1689 quidem
900 1602 1026 1669 iectura
1048 1601 1166 1667 nictus.

200 1800 225 1853 i.
244 1801 404 1851 subsecutus
423 1801 465 1849 est
482 1812 531 1851 om.
550 1796 582 1851 Γ.
594 1793 644 1869 112.
671 1800 752 1867 enim]
778 1816 826 1853 om.
851 1797 884 1855 Γ.
908 1805 968 1855 oste
990 1815 1040 1865 pro
1061 1795 1138 1849 Torr.
1155 1796 1169 1867 ll
1183 1799 1299 1869 gueique
1316 1794 1348 1853 A.
1363 1785 1421 1867 113.

197 1874 273 1922 iussu
292 1862 361 1936 eius]
386 1870 528 1920 lustulctns
551 1868 580 1919 in
596 1884 694 1921 ramere
711 1870 743 1924 A.
767 1872 910 1921 iustuletus
928 1868 990 1922 Por.
1010 1864 1067 1934 114.
1087 1869 1159 1935 eum]
1183 1870 1210 1919 id
1230 1866 1307 1921 Torr.
1326 1868 1341 1936 ΙΙ
1355 1872 1422 1920 nite·

198 1940 281 2005 retur]
301 1941 443 1991 termera
461 1938 493 1993 A.
512 1942 658 1991 mitteretur
676 1938 832 1994 BGDEP.
843 1940 857 2006 ΙΙ
868 1937 894 1993 b.
914 1940 1006 2006 Cuius]
1026 1937 1089 1991 odd.
1104 1954 1201 2004 corpus
1213 1936 1278 1991 ΕΓ.
1290 1938 1420 2061 {pumero}

197 2012 239 2071 ric
256 2010 286 2063 A
306 2026 415 2062 numero
433 2008 466 2061 Β.
485 2013 538 2063 imo
552 2026 597 2078 pr.
619 2011 648 2063 C.
671 2009 731 2065 Vid.
744 2008 780 2065 od
797 2010 821 2065 Ι.
845 2010 868 2069 l.
891 2009 930 2063 li.
945 2007 957 2079 ΙΙ
970 2013 1071 2063 murore
1086 2007 1148 2061 De
1166 2014 1191 2059 et
1210 2023 1280 2061 corr.
1313 2047 1322 2071 ,
1342 2008 1421 2061 Torr.

199 2078 265 2203 pi.
284 2084 402 2132 saucium
423 2076 505 2133 ΒΕΓ
522 2085 547 2131 et
559 2098 605 2149 pr.
624 2080 655 2133 A.
667 2082 684 2151 H
693 2086 718 2133 ct
737 2084 813 2133 oculo
835 2078 912 2133 Torr.
923 2080 936 2149 ll
949 2083 1041 2145 erupto
1059 2076 1093 2131 E.
1108 2076 1121 2151 ll
1136 2079 1251 2147 scutum]
1275 2079 1304 2131 in
1324 2094 1422 2131 rasere

248 2158 312 2219 port
328 2153 482 2217 perfossum
500 2150 535 2204 Ε.
554 2156 655 2205 sectum
674 2150 706 2207 Γ.
718 2150 732 2223 Η
744 2152 774 2219 C]
795 2169 877 2205 unum
893 2148 919 2203 Β
938 2156 964 2203 et
974 2166 1020 2219 pr.
1041 2148 1070 2204 C.
1089 2166 1143 2201 uno
1159 2147 1226 2204 Dr.
1247 2145 1260 2219 ΙΙ
1280 2150 1422 2215 epperauii

193 2238 239 2295 pr.
258 2221 289 2278 Α.
300 2222 314 2291 ΙΙ
326 2222 351 2276 8.
370 2222 452 2275 'letes
473 2220 550 2275 Torr.

197 2368 324 2417 tuendum
343 2378 406 2416 csse
425 2366 558 2423 existimo,
577 2366 736 2427 praesertim
756 2382 815 2417 cum
834 2368 962 2425 librorum
979 2364 1112 2427 scripture
1129 2362 1298 2414 confirmetur
1315 2360 1421 2413 Paridis

199 2438 322 2557 episteme.
361 2438 498 2501 epplenus
518 2434 622 2485 castelli
641 2437 807 2499 praefectum
824 2436 969 2487 Minucium
994 2434 1125 2498 appellet,
1151 2448 1265 2497 eumque
1283 2432 1423 2501 distinguit

199 2526 217 2559 e
257 2524 350 2559 cecus.

261 2576 406 2646 ,cumpro
430 2574 536 2629 castello
555 2577 633 2639 euim)
661 2578 784 2631 Cetrseiis
807 2579 955 2641 particulae
979 2575 1048 2628 enies
1070 2575 1142 2628 ultre
1163 2575 1310 2627 secundum
1333 2574 1422 2625 locum

200 2654 320 2702 remotae
339 2652 383 2702 set
401 2650 484 2702 multa
503 2650 628 2714 exemplo
645 2651 716 2714 apud
729 2650 864 2702 Valerium
884 2651 983 2708 extent,
1003 2649 1125 2715 quernuis
1141 2648 1170 2697 in
1187 2646 1263 2697 libris
1281 2646 1422 2709 impressis

199 2723 356 2788 plerumque
375 2722 541 2786 trunspositn
560 2723 698 2789 uulgarem
719 2723 812 2771 sedem
830 2722 1010 2784 occupauerit.
1051 2719 1097 2770 Sic
1121 2734 1137 2770 e
1161 2718 1296 2769 codicibus
1317 2717 1422 2768 restitui

200 2793 223 2852 Ι,
243 2789 267 2850 7,
287 2797 340 2844 ext.
358 2789 376 2844 b
387 2791 539 2858 smtretus
564 2797 603 2843 cet
625 2790 710 2850 euim
738 2792 799 2850 Vll,
818 2786 849 2850 2,
869 2786 887 2843 2
904 2787 1103 2842 inemendabilis
1126 2793 1165 2840 eet
1184 2786 1269 2846 eninr
1294 2787 1339 2846 ΠΙ,
1358 2781 1422 2844 Μ

203 2869 297 2914 emoto
313 2867 373 2914 eunt
391 2861 476 2920 euim:
493 2863 539 2922 111.
560 2861 585 2922 7,
604 2857 621 2911 3
636 2861 698 2929 plue
716 2860 848 2928 sparsim.
886 2865 985 2925 Quarto
998 2861 1184 2926 quoquotum,
1198 2859 1422 2925 quemadmodum

201 2937 252 2984 boc
270 2935 402 2999 exemplo.
421 2950 482 2984 cem
500 2935 563 2996 puni
581 2947 665 2996 posse
683 2935 771 2984 docuit
788 2934 909 2986 lluddim.
928 2935 989 2984 inst.
1000 2947 1113 3000 gramm.
1132 2931 1153 2989 Ι,
1171 2947 1198 2994 p.
1217 2924 1278 2981 ³22.

272 3001 308 3056 ed
327 3003 406 3070 [mm]
431 3001 587 3071 cupiendum
611 3002 747 3060 niteretur)
771 3005 877 3068 Duplex
901 3003 1053 3067 corruptele
1075 3003 1128 3052 hoc
1151 3002 1211 3051 loco
1234 3001 1342 3052 codices
1365 3000 1422 3050 ioe-

201 3077 283 3134 deuit,
303 3077 399 3128 altere,
420 3077 494 3126 cuius
513 3075 668 3138 participem
688 3075 789 3126 hebent
813 3075 870 3124 lulii
888 3074 992 3124 Paridis
1011 3074 1130 3124 codicem
1140 3071 1306 3129 Vaticanum.
1326 3071 1420 3137 eltere.

199 3161 271 3208 quae
290 3146 368 3195 tacite
381 3160 415 3194 ex
428 3160 460 3196 oo
474 3145 638 3194 emendetur.
674 3145 778 3196 Etenim
797 3161 856 3194 cum
873 3146 912 3195 iili
922 3145 1079 3197 trudiderint
1089 3156 1183 3208 reapse
1194 3140 1304 3192 militem
1314 3153 1422 3192 mers

198 3213 238 3270 ae
255 3229 312 3263 erem
330 3211 484 3279 capiendum
502 3213 656 3268 mitteretur,
676 3217 795 3266 ultimum
813 3215 866 3266 hoc
883 3218 995 3266 uerbum
1014 3215 1138 3264 uitiosum
1157 3226 1220 3262 esse
1239 3211 1423 3263 demonstrent

197 3286 274 3338 iussu
293 3281 349 3334 eius
367 3285 394 3334 ct
410 3297 508 3334 semme
525 3280 626 3336 studio.
652 3299 721 3345 quae
741 3301 801 3334 eum
819 3286 866 3336 iilo
885 3286 1010 3352 coniungi
1026 3299 1081 3335 non
1098 3296 1183 3347 posse
1202 3283 1267 3331 uldlt
1282 3283 1337 3331 iem
1354 3281 1422 3329 Vor·

198 3357 279 3408 stius.
315 3353 540 3417 Suppediteueret
557 3355 768 3406 emendationem
786 3353 914 3406 ederetur
925 3357 1020 3405 Colere
1039 3360 1173 3403 corrector
1191 3351 1250 3400 libri
1266 3350 1423 3406 Bernemis.

199 3429 264 3478 huic
285 3425 344 3474 iulii
370 3423 473 3474 Paridis
497 3424 689 3486 compendium.
730 3425 784 3474 Sed
809 3427 846 3473 iu.
859 3425 919 3488 ipso
943 3427 996 3474 hcc
1018 3423 1175 3486 compendio
1198 3421 1288 3481 inepte
1310 3431 1423 3480 prorsus

199 3498 325 3548 scribitur
343 3491 380 3546 od
397 3507 453 3544 cem
471 3490 640 3560 cupiendum.
666 3509 725 3543 cum
744 3495 863 3556 Pompeii
884 3495 1070 3556 perum.certe
1088 3489 1237 3541 interfuerit
1253 3502 1335 3538 uuum
1352 3487 1425 3538 hune

199 3567 334 3619 Sceeusm
351 3567 421 3630 cepi,
440 3567 489 3616 scd
507 3567 590 3614 ictum
609 3565 761 3630 expugnari
784 3563 937 3621 metellum,
963 3563 1005 3612 cui
1028 3561 1199 3624 praepositus
1223 3559 1282 3607 eret
1305 3555 1421 3609 Scaeus.

198 3639 366 3704 Expectares
390 3638 470 3704 igitur
493 3632 530 3686 ed
552 3631 583 3684 id
603 3630 766 3700 capiendum.
807 3635 883 3691 Quod
908 3635 933 3682 st
955 3631 1077 3695 posuerit
1099 3629 1237 3686 Valerius,
1266 3643 1318 3692 quo
1341 3628 1422 3677 modo

201 3709 300 3760 sectum
319 3711 355 3760 sit
373 3711 402 3758 ut
420 3707 473 3758 iem
492 3709 518 3758 iu
543 3705 729 3768 andqnisstmo
752 3705 820 3754 libro
845 3704 885 3754 ite
908 3703 1120 3765 corrumperetur
1142 3713 1223 3750 nemo
1247 3697 1327 3749 facile
1344 3698 1421 3748 intel·

201 3782 304 3832 lexerit.
340 3784 429 3842 erere
448 3782 583 3830 auctorem
602 3776 746 3839 scripsisse
765 3775 888 3838 suspicor
906 3770 943 3824 ed
960 3765 1114 3838 cupiendum
1132 3767 1266 3827 reiteretur.
1285 3769 1422 3834 inquibus

200 3852 345 3910 librarium,
365 3851 463 3900 falsum
483 3851 516 3900 de
534 3847 681 3903 sententie,
701 3861 757 3896 eum
776 3861 824 3909 pro
842 3842 873 3896 id
890 3843 1069 3907 interpolasse
1087 3839 1226 3906 probabile
1250 3842 1301 3891 est.
1342 3838 1421 3890 simi·

201 3923 260 3972 liter
279 3925 350 3972 certe
368 3921 488 3984 proximo
507 3921 638 3984 exemplo.
658 3919 703 3968 ubi
722 3917 846 3967 Valerius
865 3918 923 3966 siue
942 3914 1021 3964 dubio
1040 3911 1189 3976 composuit
1205 3907 1240 3960 eb
1258 3908 1329 3961 emet
1341 3915 1423 3978 perte

201 3992 260 4044 ucri
276 3987 364 4043 studio
383 3987 420 4042 od
435 3987 610 4042 incedendum
628 3985 784 4041 semem
811 3988 945 4036 corrector
962 3985 1108 4036 Beruensis
1128 3981 1186 4032 libri
1209 3984 1237 4032 et
1258 3982 1421 4032 recentiores

201 4063 368 4132 grammatici
386 4065 548 4125 temptarunt
566 4058 603 4112 od
619 4065 644 4112 te
662 4055 837 4110 iseudmiem
854 4051 1003 4108 nitentibus

270 4147 349 4199 super
366 4131 494 4198 inperitem
511 4137 668 4196 strcpem-
678 4128 789 4189 corruit)
808 4129 848 4179 lta
866 4128 980 4189 loquitur
998 4127 1092 4177 erector
1109 4127 1247 4186 umquem
1265 4125 1423 4175 interfectus

201 4207 306 4256 sithoc
324 4205 426 4268 proelio
446 4203 563 4259 Scaeua.
589 4218 648 4252 cum
671 4205 761 4252 tamen
781 4199 939 4250 Plutarchus
958 4197 1058 4249 referet
1081 4210 1142 4246 euru
1166 4197 1302 4246 seruebrm
1322 4208 1385 4244 esse
1404 4209 1423 4242 e

202 4277 424 4330 commilitonibus
449 4276 507 4326 suis
533 4269 623 4340 (αὐτὸς
645 4272 675 4324 di
697 4267 812 4334 διεσώθη
836 4266 888 4321 ruis
909 4269 1012 4320 οΙκείυν
1033 4263 1230 4339 περισχόντων).
1270 4269 1356 4325 Quem
1379 4276 1422 4311 se·

188 4349 288 4410 ·quitur
306 4347 353 4395 lul.
366 4346 452 4403 Paris,
472 4345 547 4394 euius
566 4345 749 4406 compendium
768 4346 825 4398 est.
845 4336 963 4392 omnibus
986 4335 1035 4404 (μὶ
1044 4351 1132 4404 prope
1154 4337 1319 4386 accamoni
1340 4330 1421 4381 tere

202 4417 296 4485 ereptis
313 4414 422 4468 cerruit.
453 4413 559 4476 Smtem
577 4411 634 4464 ciue
653 4411 734 4466 CXX
747 4409 844 4462 ictibus
862 4408 1014 4478 perfossum
1037 4404 1179 4474 cppcrsitr
1196 4404 1253 4471 iprec
1274 4401 1422 4453 inunum

202 4485 402 4542 commilitonum
419 4489 548 4538 emeatu-
589 4485 726 4534 Puteuerit
743 4483 839 4544 aliquis
863 4482 958 4533 ultime
975 4481 1045 4530 heec
1063 4479 1147 4529 uerbo
1169 4475 1214 4526 uel
1231 4474 1330 4522 stmiile
1349 4474 1423 4522 certe

200 4562 227 4612 in
247 4559 347 4612 Valerii
366 4557 501 4608 codicibus
520 4555 623 4605 omissa
640 4569 673 4605 cx
691 4555 737 4604 illo
758 4553 915 4616 compendio
933 4551 1085 4614 supplendo
1101 4561 1174 4600 esee.
1209 4543 1286 4606 Quod
1298 4558 1350 4608 que
1362 4543 1423 4593 loco

201 4633 265 4698 spic
282 4631 340 4682 fleri
359 4629 447 4694 possit
464 4643 518 4679 uon
536 4627 622 4676 uideo.
662 4625 773 4676 Constet
790 4624 872 4674 etlam
888 4623 1012 4674 Paridem
1030 4618 1158 4672 nonnulla
1175 4631 1209 4668 ex
1233 4615 1294 4666 eliis
1312 4613 1423 4678 scripto·

201 4703 276 4757 ribus
293 4701 380 4770 petite
398 4699 549 4752 Valerianis
567 4693 721 4749 adiecisse.
740 4696 779 4747 Gi.
796 4694 883 4758 prees.
900 4709 927 4758 p.
946 4688 990 4744 52.

1170 4777 1236 4848 ΙΙ*
