3409 5400
439 480 522 550 LlB.
545 481 605 563 Vl,
630 484 667 551 0.
690 486 722 565 e,
743 488 815 555 Exi.
839 497 871 568 t.
894 491 1033 563 2.-0.
1058 498 1089 572 7,
1112 507 1141 575 t.
1167 502 1198 568 l.
1369 504 1435 574 513

212 638 292 705 tiam
316 639 478 727 amplecti.
527 642 576 709 llii
606 656 716 711 tamen
743 648 875 717 feminis
905 655 1060 741 omnique
1089 666 1194 724 aetate
1222 660 1334 729 inbelli
1355 665 1435 732 urbe

213 755 347 833 egesta,
372 771 436 834 quo
467 748 589 816 diutius
613 755 729 818 armati
757 756 879 823 famem
906 758 1086 837 traherent,
1117 765 1378 849 pertinacissime
1400 773 1437 837 in

211 854 317 917 muris
341 856 568 933 constiterunt,
598 862 820 951 expirauitque
843 866 935 950 prius
958 888 1071 935 eorum
1099 878 1168 935 tota
1196 873 1312 938 ciuitas
1337 897 1435 960 qnam

211 957 278 1022 nlla
308 981 347 1023 ex
375 972 468 1046 parte
496 975 681 1051 respectum
704 968 878 1035 Romanae
906 974 1073 1040 societatis
1103 975 1267 1063 deposuit.
1322 976 1435 1067 Itaque

75 1068 77 1161 J
186 1062 390 1131 aHannibali
420 1090 485 1133 non
513 1068 687 1151 Peteliam,
716 1075 776 1141 sed
806 1076 906 1142 iidum
929 1076 1073 1147 Peteliae
1102 1084 1288 1171 sepulcrum
1317 1106 1436 1173 capere

212 1171 359 1257 contigit.

715 1396 929 1411 m

462 1726 521 1793 Die
545 1726 645 1796 FIDE
669 1728 867 1800 VXORVM
886 1732 1009 1801 ERGA
1031 1734 1177 1805 VIROS.

297 1918 404 2008 Atque
428 1932 462 1986 ut
484 1926 631 1992 uxoriam
655 1950 785 2015 quoque
801 1930 900 1995 iidem
923 1932 1134 2019 attingamus,
1158 1932 1267 2000 Tertia
1281 1932 1431 2013 Aemilia,
1440 1934 1512 2006 VII.
1535 1940 1564 2006 1.

209 2022 356 2091 Africani
379 2028 498 2114 prioris
522 2050 618 2107 uxor,
641 2045 746 2098 mater
770 2034 942 2101 Corneliae
970 2036 1211 2115 Gracchorum,
1239 2050 1349 2106 tantae
1371 2042 1433 2107 fuit

172 2160 200 2206 to
209 2132 371 2197 comitatis
395 2146 426 2197 et
452 2137 644 2220 patientiae,
674 2151 723 2215 ut,
752 2162 827 2207 cum
856 2143 954 2207 sciret
980 2144 1052 2209 uiro
1081 2167 1143 2211 suo
1174 2144 1361 2211 ancillulam
1392 2167 1432 2212 ex

208 2238 279 2311 auis
303 2250 431 2326 gratam
455 2263 541 2318 esse,
566 2243 829 2323 dissimulaucrit,
853 2269 895 2312 ne
919 2247 1110 2317 domitorem
1134 2251 1222 2315 orbis
1238 2250 1431 2315 Africanum

207 2344 331 2411 femina
358 2368 517 2435 magnum
545 2349 651 2416 uirum
674 2352 885 2437 inpatientiae
913 2375 1006 2420 reum
1035 2366 1163 2442 ageret,
1192 2366 1381 2443 tantumque
1409 2381 1432 2425 a

210 2536 233 2592 i.
252 2540 367 2605 iubmilit
385 2539 417 2596 Γ.
429 2539 480 2611 112.
498 2544 581 2595 tutius
599 2540 783 2601 AODEFI'.
814 2545 938 2601 Gerr-enit
954 2546 1070 2615 Piptiae.
1087 2547 1101 2618 ΙΙ
1116 2544 1142 2603 3.
1160 2550 1334 2615 perstiterunt
1352 2549 1431 2605 Torr.

208 2608 302 2733 iim
320 2627 412 2664 eorum
429 2612 465 2666 E.
477 2612 527 2682 iii.
546 2614 710 2683 respectum]
730 2621 795 2685 poet
818 2620 956 2670 societatis
983 2616 1059 2672 Torr.
1075 2619 1090 2687 ΙΙ
1107 2622 1255 2688 societatis}
1276 2625 1430 2676 seueritatis

232 2681 265 2751 ,ΙΙ
276 2680 301 2736 5.
321 2686 438 2749 pettiiern
456 2682 578 2740 Acar.
597 2688 717 2751 petiliani
734 2685 769 2742 Ε.
788 2691 899 2754 petitine
917 2688 946 2745 F.
964 2692 1104 2744 Peieiiiem
1122 2690 1199 2745 Torr.
1214 2692 1226 2759 ΙΙ
1240 2694 1302 2744 iidei
1320 2691 1429 2749 I'l'orr.

221 2752 233 2820 ΙΙ
247 2756 355 2819 petitine
372 2753 497 2809 ACDF.
515 2759 640 2822 poetiliae
653 2773 699 2825 pr.
717 2756 751 2812 E.
769 2763 915 2824 petitianae
930 2758 963 2816 Γ.
981 2764 1129 2815 Peteiiinac
1144 2761 1221 2815 Tarr.
1232 2764 1247 2832 ΙΙ
1258 2767 1429 2829 sepulchrum

203 2823 296 2892 pr.·A.
308 2827 322 2893 ΙΙ
333 2823 359 2878 o.
377 2829 506 2896 contingit
522 2825 553 2881 F.
565 2828 579 2897 Η
592 2825 616 2881 7.
636 2830 726 2880 ERGA
745 2831 862 2900 VIROS]
880 2847 932 2886 oea.
949 2831 1013 2885 Par.
1031 2835 1122 2886 ERGA
1141 2834 1297 2887 MARITOS
1315 2832 1391 2889 Torr.
1402 2834 1417 2905 ΙΙ

209 2892 249 2950 10.
268 2911 328 2946 curn
351 2897 443 2965 sciret]
469 2901 603 2952 consciret
620 2896 653 2954 F.
670 2898 683 2970 ΙΙ
700 2901 825 2953 ancillam
845 2901 882 2957 B.
902 2901 915 2973 ΙΙ
935 2899 977 2959 il.
1001 2906 1180 2958 dissimaiauit
1197 2902 1229 2960 F.
1244 2905 1259 2974 ΙΙ
1279 2903 1319 2959 le
1337 2909 1428 2960 incon·

206 2968 332 3020 tinentiae
349 2965 387 3021 D.
401 2976 413 3038 ΙΙ
427 2985 489 3022 eum
505 2967 538 3024 F.

205 3159 320 3198 manum
356 3144 447 3212 rosseo
466 3176 500 3186 -
518 3145 627 3216 amanti
643 3146 697 3200 eibi
715 3146 742 3203 C.
760 3147 1038 3219 Mariam-pataait
1054 3149 1159 3204 obuiam
1169 3151 1293 3218 sacten.
1313 3157 1342 3205 et
1359 3156 1427 3206 satie

206 3219 273 3269 urire
292 3218 312 3276 i,
333 3161 358 3276 l,
377 3215 395 3266 t
413 3215 531 3284 Sctpicto
549 3217 618 3270 inter
635 3217 838 3287 rumpendam
857 3238 871 3273 e
889 3223 976 3290 capite
997 3238 1065 3292 apen
1077 3221 1222 3291 prolapeun
1239 3221 1324 3274 eidem
1340 3239 1427 3276 eam·

207 3283 305 3338 dodum
324 3285 441 3348 atrum)
458 3291 487 3338 at
505 3290 577 3340 certe
601 3290 627 3340 in
646 3291 846 3355 simplicissime
869 3294 922 3344 hec
940 3296 1074 3346 sententia
1097 3295 1266 3345 insolentem.
1308 3295 1427 3346 Maxime

207 3372 270 3409 uero
289 3360 318 3408 at
336 3357 490 3409 desererem
513 3359 654 3425 archetypi
678 3362 776 3411 codicis
800 3364 981 3414 testimoninm
1005 3365 1088 3414 mouit
1110 3379 1154 3416 me
1171 3364 1277 3414 Paridis
1301 3364 1426 3427 epitome,

206 3431 234 3479 in
251 3445 305 3496 qua
323 3429 434 3480 consitio
453 3430 552 3480 Valerii
569 3431 655 3480 uerba
671 3435 701 3481 at
717 3428 743 3480 ei
752 3429 881 3497 facerent
898 3435 936 3484 tta
953 3435 1092 3484 immutata
1110 3447 1184 3493 esse,
1204 3435 1427 3500 quemadmodum

207 3513 290 3564 supra
309 3501 429 3556 eduntur.
447 3500 611 3564 persuadere
631 3501 695 3550 mihi
712 3515 765 3550 non
784 3504 914 3566 poteram.

269 3567 356 3638 fidam
373 3567 489 3622 Peteliae
505 3567 663 3637 nepaes-am)
681 3567 725 3621 Sic
744 3584 759 3620 e
778 3585 852 3622 more
865 3585 915 3621 suo
926 3573 1032 3622 locutus
1047 3574 1091 3624 cet
1103 3573 1235 3632 i'aierias,
1254 3573 1426 3626 artificiosum

206 3643 314 3705 poetica
331 3642 438 3692 licentia
456 3641 587 3692 affectans
606 3653 766 3693 sermonem.
804 3643 916 3720 Pighius
935 3644 1055 3693 ecodice
1068 3643 1230 3700 Canchiano,
1250 3658 1329 3709 quem
1346 3645 1426 3696 nobis

205 3707 232 3763 Γ
247 3726 311 3764 esse
329 3713 453 3772 diximus,
472 3727 521 3777 pro
533 3712 577 3762 his
591 3713 766 3762 substituerat
775 3707 846 3778 fider
858 3709 999 3764 Peteiiinae
1009 3709 1164 3780 repuleram,
1185 3727 1263 3774 quem
1280 3718 1427 3777 sequnntur

206 3785 367 3834 recentiores
385 3783 561 3852 grammatici,
580 3797 633 3834 non
645 3782 833 3847 percipientes,
852 3786 881 3834 ut
896 3785 1007 3838 uidetur.
1028 3784 1180 3850 sepulcrum
1199 3787 1331 3845 quomodo
1344 3785 1427 3836 iidunr

207 3856 336 3920 appellari
355 3857 478 3920 potuerit.
516 3855 549 3905 At
567 3855 619 3906 nid.
638 3853 723 3918 praei.
746 3869 773 3918 p.
796 3849 842 3906 37.
881 3854 975 3921 itaque
998 3855 1150 3904 iubentem
1177 3856 1312 3906 cciicibns
1333 3872 1426 3910 manu·

207 3925 312 3991 scriptis
331 3931 451 3978 ueterum
470 3926 614 3978 editionum
633 3925 791 3988 scripturam
811 3926 945 3978 reuocaui.

277 3997 332 4059 vit,
354 3995 376 4051 l.
404 3994 576 4064 inpatientiae
597 4009 670 4047 reem
694 3999 792 4062 aperet)
818 3996 993 4047 Offenderunt
1021 3998 1048 4045 in
1077 3997 1129 4045 hac
1158 4011 1226 4048 uoce
1250 4000 1427 4066 grammatici,

207 4068 275 4120 adeo
293 4071 323 4118 ut
341 4069 451 4138 Pighius
469 4083 519 4133 pro
538 4081 572 4119 ea
590 4061 770 4134 impudicitiae
788 4067 896 4118 efferret
920 4083 936 4118 c
958 4067 1109 4125 codicibus,
1140 4069 1169 4116 ut
1192 4068 1244 4127 ait,
1274 4070 1428 4121 Cenchiano

206 4139 233 4190 et
250 4141 401 4204 campensi,
422 4154 532 4205 qnorum
551 4139 585 4188 de
603 4139 688 4188 attero
706 4137 760 4197 iiio,
780 4138 825 4199 qui
843 4139 922 4188 nobis
940 4135 967 4190 1·
983 4141 1035 4194 est,
1058 4138 1128 4188 taiso
1146 4137 1259 4188 relatum
1279 4153 1344 4190 esse
1361 4141 1427 4192 scio.

206 4209 327 4262 vorstius
345 4211 470 4275 praetulit
482 4205 690 4267 incontinentiae,
709 4208 820 4272 Lipsius
839 4223 892 4259 uon
910 4209 982 4259 mele
1001 4209 1116 4274 quidem,
1135 4210 1185 4261 sed
1202 4211 1309 4274 praeter
1321 4225 1428 4260 omnem

205 4282 394 4332 necessitatem
413 4281 524 4331 coniecit
542 4280 710 4330 acribendum
737 4291 801 4330 esse
824 4275 1000 4346 impotentiae.
1043 4279 1147 4331 Etenim
1170 4281 1362 4345 impatientiam
1381 4295 1428 4330 ex·

205 4352 320 4416 primore
338 4352 523 4403 uehementem
543 4351 667 4401 effectum
687 4350 769 4400 animi
792 4349 934 4414 cupiditate
953 4351 1045 4413 ntique
1063 4350 1171 4401 accensi
1190 4349 1329 4414 inprimis
1347 4349 1430 4414 liquet

206 4436 221 4472 e
239 4421 334 4473 Senec.
353 4423 364 4472 i
383 4436 445 4487 epp.
463 4423 499 4472 ad
517 4421 602 4472 Lucii.
621 4415 651 4478 ll,
676 4420 721 4470 ubi
745 4421 796 4471 hoc
821 4422 982 4471 uocabulum
999 4435 1053 4470 non
1072 4422 1160 4470 scium
1179 4420 1342 4470 Graecorum
1360 4416 1430 4470 iaci-

203 4495 290 4555 tteeoer,
301 4494 349 4544 sed
360 4493 520 4543 contrarium
531 4493 611 4543 etiem
620 4486 708 4549 necor
717 4490 871 4559 significare
877 4491 1039 4555 perhibetur.
1061 4491 1100 4540 ct.
1109 4491 1253 4555 praetcrea
1262 4489 1351 4550 Quint.
1361 4491 1430 4544 deci.

204 4559 230 4623 5,
241 4560 284 4624 12,
302 4561 481 4631 impatientiae
499 4559 616 4629 ditipere.
646 4561 712 4614 Ptin.
726 4575 787 4625 epp.
805 4561 837 4619 Π,
857 4559 883 4622 i,
901 4557 928 4612 ii.
948 4561 990 4621 VI,
1012 4557 1036 4620 l,
1058 4556 1080 4611 1.
1099 4561 1146 4621 ΙΧ,
1165 4555 1254 4620 22,2.
1286 4561 1431 4612 Cuiusnam

204 4647 269 4686 uero
288 4637 401 4686 affectus
418 4634 612 4699 impatientiam
630 4629 747 4698 Scipioni
766 4632 957 4685 condoneuerit
973 4646 1055 4690 uxor,
1078 4644 1127 4695 pcr
1151 4643 1183 4682 se
1201 4630 1377 4701 intellegitur,
1401 4636 1431 4686 ut

204 4709 276 4759 recte
294 4707 482 4759 animaduertit
499 4703 653 4759 Torrentur.
690 4703 731 4755 De
748 4703 810 4767 ipen
827 4717 858 4756 re
876 4704 911 4755 ct.
930 4703 998 4756 (icit.
1016 4701 1061 4762 Vi,
1081 4699 1108 4753 8.

1167 4788 1209 4858 33
