3409 5400
486 530 569 598 mn.
592 530 651 611 vr,
676 534 711 601 o.
736 534 767 611 2,
791 513 918 612 ense.
942 534 1080 602 e-e
1104 538 1135 605 a.
1356 540 1422 609 ter

198 692 318 757 tionem
346 692 461 779 magni
497 694 725 761 aestimabam.
784 694 929 760 Tertium
957 705 989 760 te
1023 698 1249 784 superioribus
1277 703 1422 788 inportu·

198 800 323 864 niorem
347 797 470 864 habere
495 803 665 888 coepimus
688 812 857 869 rectorem.
908 801 1022 891 Itaque
1045 826 1101 880 ne,
1130 807 1160 871 si
1184 817 1218 870 tu
1240 807 1341 872 fueris
1365 810 1423 874 ab·
1500 788 1505 797 ι

198 918 358 992 sumptus,
382 906 525 972 deterior
546 909 581 973 in
603 908 712 973 locum
734 920 825 974 tuum
849 910 1016 987 succedat,
1039 922 1139 996 eaput
1160 934 1270 977 meum
1284 935 1344 1000 pro
1368 926 1424 991 tua

195 1012 301 1079 salute
314 1012 484 1079 deuoueo'.
524 1014 605 1080 Tam
620 1016 761 1081 facetam
778 1016 953 1083 audaciam
963 1016 1144 1105 Dionysius
1157 1021 1273 1106 punire
1286 1019 1423 1086 erubuit.

173 1136 187 1177 ⁵
221 1124 237 1171 ·'
286 1118 373 1185 Inter
394 1120 457 1187 has
482 1132 514 1183 et
537 1120 746 1187 Theodorum
771 1124 977 1211 Cyrenaeum
1001 1129 1098 1213 quasi
1121 1128 1264 1193 animosi
1287 1129 1423 1213 spiritus
1434 1122 1465 1189 3.

199 1228 388 1314 coniugium
413 1250 489 1293 esse
512 1231 626 1317 potuit,
650 1232 766 1295 uirtute
790 1254 861 1319 par,
884 1232 1037 1298 felicitate
1062 1234 1233 1301 dissimile.
1278 1233 1311 1301 Is
1335 1236 1423 1299 enim

166 1368 177 1381 ·
197 1332 398 1420 Lysimacho
416 1338 488 1424 regi
511 1348 651 1403 mortem
674 1338 737 1403 sibi
760 1340 922 1405 minitanti
945 1339 1155 1431 ‘Enimuero’‚
1178 1343 1292 1428 inquit,
1317 1351 1423 1428 ‘meg-

197 1442 297 1507 nifiea
332 1463 386 1508 res
421 1442 477 1507 tibi
506 1445 660 1531 contigit,
696 1446 774 1531 quia
810 1444 1013 1512 cantharidis
1048 1450 1114 1512 uim
1149 1448 1328 1514 adsecutus
1365 1448 1422 1514 es'.

197 1548 345 1635 Cumque
368 1548 432 1615 hoe
457 1550 543 1615 dieto
567 1572 729 1619 aecensus
754 1554 843 1617 eruci
868 1576 942 1617 eum
972 1554 1084 1640 suffigi
1107 1555 1275 1629 iussisset,
1307 1554 1423 1618 ‘Terri-
1531 1555 1533 1559 ’

158 1655 294 1731 tobilis'‚
319 1658 379 1731 ait,
408 1656 501 1722 ‘haec
526 1659 569 1722 sit
591 1661 779 1745 purpuratis
810 1663 887 1735 tuis,
916 1682 992 1725 mea
1022 1660 1155 1745 quidem
1182 1660 1263 1726 nihil
1290 1664 1425 1726 interest

197 1761 291 1827 humi
315 1784 358 1829 an
382 1762 519 1829 sublime
544 1766 748 1853 putrescam'.

706 2070 918 2085 ss

625 2422 684 2487 ne
708 2377 1021 2490 snvnmmrn.v

288 2617 403 2681 Armet
425 2639 462 2682 se
486 2616 605 2683 duritia
626 2630 741 2708 pectus
759 2640 897 2685 neeesse
914 2629 974 2694 est,
999 2618 1076 2683 dum
1097 2616 1250 2683 horridae
1266 2640 1306 2684 ae
1322 2620 1424 2683 tristis
1434 2616 1490 2686 111.

200 2727 383 2792 seueritatis
408 2737 483 2792 aeta
505 2738 694 2804 narrantur,
726 2740 761 2792 ut
783 2729 874 2792 omni
897 2727 1024 2791 mitiore
1056 2726 1254 2813 cogitatione
1277 2729 1425 2813 seposita

161 2850 189 2894 15
199 2834 297 2898 rebus
321 2832 434 2898 auditu
458 2833 587 2920 asperis
611 2848 717 2899 uacet.
763 2833 812 2898 Ita
836 2835 924 2898 enim
947 2833 1122 2898 destrictae
1151 2845 1184 2897 et
1204 2833 1423 2899 inexorabiles

199 2940 362 3005 uindictae
385 2949 417 3003 et
439 2942 534 3005 uaria
555 2962 738 3026 poenarum
755 2960 881 3028 genera
896 2943 930 3004 in
945 2941 1090 3005 medium
1111 2925 1312 3027 procurrent,
1336 2940 1427 3006 utilia

201 3047 332 3134 quidem
355 3045 466 3134 legum
490 3049 701 3121 munimenta,
726 3047 786 3112 sed
809 3049 944 3114 minime
968 3049 1002 3112 in
1025 3047 1156 3134 placido
1180 3059 1211 3112 et
1234 3051 1343 3135 quieto
1366 3070 1426 3133 pa·

201 3156 351 3241 ginarum
376 3175 511 3218 numero
535 3155 736 3239 reponenda.

706 3297 919 3310 ...ψ-..ι-

203 3361 229 3418 2.
249 3363 398 3431 coepimus]
419 3369 478 3415 ante
496 3367 597 3418 habere
615 3366 648 3419 Γ.
674 3370 794 3432 eripimus
812 3383 857 3436 pr.
875 3366 908 3420 A.
932 3369 1052 3431 cepimus
1075 3380 1145 3419 corr.
1163 3336 1198 3418 Α.Ι
1212 3364 1225 3432 ΙΙ
1240 3351 1426 3430 ltaquel'add.

203 3439 302 3488 timens
321 3449 393 3488 eorr.
411 3433 449 3496 D,
470 3433 547 3488 Torr.
568 3442 594 3488 et
610 3437 686 3524 aneis
702 3437 829 3490 seclusum
846 3435 934 3505 Kupp.
946 3434 960 3502 ΙΙ
971 3440 1129 3520 assumptus
1149 3433 1245 3557 Rip.
1264 3435 1377 3486 decedat
1395 3433 1427 3485 Γ.

203 3505 732 3645 diffidi]iiidiiffl‘yiiiiu‘ss
743 3505 1011 3645 trttt‘tttdttt
1018 3509 1063 3629 i?
1063 3503 1283 3644 mindi?
1290 3507 1313 3643 μ’
1315 3510 1427 3644 33⁹1„AE

203 3647 263 3704 GE.
275 3645 325 3717 118.
343 3649 390 3699 tibi
408 3663 453 3700 res
473 3647 509 3702 D.
522 3649 535 3716 ΙΙ
552 3645 577 3701 9.
597 3651 726 3717 Cumque]
752 3666 812 3700 eum
833 3646 863 3700 C.
881 3647 895 3714 ΙΙ
914 3645 955 3699 10.
975 3649 1013 3698 ait
1035 3650 1088 3698 hoe
1112 3649 1147 3696 sit
1171 3649 1322 3710 purpuratis
1341 3644 1369 3698 C.
1392 3649 1428 3696 sit

203 3724 271 3772 haee
290 3723 327 3772 ait
344 3719 497 3784 purpurata
516 3719 547 3774 F.
572 3723 641 3772 haee
664 3723 702 3772 uit
720 3721 874 3786 purpuratis
893 3720 929 3768 sit
949 3715 1026 3770 Torr.
1043 3718 1057 3787 ΙΙ
1073 3717 1191 3784 quidem]
1216 3719 1287 3768 enim
1305 3714 1334 3770 F.
1352 3717 1366 3786 ss
1385 3715 1426 3771 ii.

203 3794 313 3844 humine
330 3789 442 3852 (UPar.
461 3797 487 3843 et
498 3806 568 3846 corr.
586 3791 619 3848 A.
636 3789 714 3845 Torr.
726 3793 739 3859 ΙΙ
751 3795 890 3858 putescum
903 3789 966 3842 Par.
978 3789 992 3856 Η
1007 3786 1047 3842 id.
1059 3789 1131 3840 omni
1142 3803 1193 3841 ota.
1204 3787 1271 3840 Dr.
1283 3787 1297 3859 ΙΙ
1312 3789 1425 3856 mitiore]

203 3879 250 3915 ore
263 3879 310 3932 pr.
327 3861 359 3916 Α.
374 3858 386 3932 ΙΙ
402 3860 444 3916 15.
463 3865 598 3916 districtae
620 3861 771 3917 CDEFI'.
796 3859 856 3915 Via.
869 3857 961 3921 ad‘tt,
977 3857 1006 3922 9,
1024 3857 1050 3913 o.
1062 3859 1077 3929 ΙΙ
1087 3861 1260 3912 inexorabilis
1277 3857 1427 3914 ACEFF.

213 3935 227 4004 ΙΙ
241 3933 283 3988 tt.
301 3937 393 3988 uariae
411 3933 444 3987 A.
455 3932 468 4004 lt
480 3938 634 4000 percurrent
650 3933 685 3990 E.
697 3933 710 4002 ΙΙ
724 3933 766 3989 Π.
783 3935 883 4000 placito
902 3930 931 3986 F.

708 4057 922 4072 ῌ

202 4133 247 4182 uui
269 4134 341 4182 atam
361 4133 521 4196 scripturam
541 4133 634 4184 retinui
653 4133 685 4192 V,
707 4128 735 4192 1,
758 4128 803 4190 10,
823 4127 990 4182 cremandum
1008 4127 1123 4185 curauit,
1143 4131 1170 4180 et
1188 4130 1244 4191 vn,
1263 4124 1289 4190 3,
1308 4126 1334 4189 u.
1356 4127 1428 4182 ditae

203 4148 338 4254 bardam
355 4201 514 4254 contioni-
529 4201 650 4257 subiecit,
671 4204 716 4253 ubi
733 4204 880 4267 perfeetum
899 4218 948 4267 pro
966 4199 1072 4256 satiat.
1092 4203 1163 4265 quod
1177 4203 1236 4252 libri
1253 4204 1427 4266 manuscripti

205 4278 321 4334 tuentur,
341 4275 445 4325 Paridis
464 4277 544 4325 etiarn
563 4276 721 4339 compendio
740 4275 917 4327 continuetur.
1206 4288 1209 4292 ⁴

274 4342 300 4398 3.
319 4347 359 4398 ct.
377 4348 430 4398 Cio.
449 4345 530 4399 Tuae.
549 4347 569 4402 1.
588 4340 632 4404 tt,
655 4343 713 4398 102.
734 4347 765 4404 V,
785 4341 828 4405 40,
849 4343 909 4398 117.
935 4344 1032 4396 Senee.
1051 4346 1084 4395 de
1102 4347 1188 4407 tranq.
1208 4345 1289 4395 anim.
1310 4337 1351 4402 lt,
1369 4339 1395 4394 2.

272 4415 344 4467 dumi
361 4429 396 4468 aa
412 4413 531 4474 settim)
556 4418 596 4468 lte
614 4418 676 4468 boni
695 4419 810 4469 codices.
846 4414 917 4467 Fieri
935 4420 1025 4467 tamen
1044 4418 1135 4482 potest
1152 4419 1180 4465 ut
1199 4415 1323 4467 Valerius
1343 4415 1426 4478 serip-

202 4489 268 4538 serit
290 4485 395 4537 humine
415 4501 451 4540 aa
474 4485 598 4545 sublime,
622 4489 845 4551 quemadmodum
871 4491 1079 4552 composuerunt
1102 4489 1208 4544 Cicero,
1237 4500 1253 4535 e
1281 4499 1332 4549 qao
1356 4486 1426 4534 haee

202 4561 345 4623 desumpta
363 4560 434 4618 sunt,
453 4563 480 4610 et
500 4561 585 4613 Paris.
621 4561 676 4611 Res
695 4562 786 4610 manet
804 4560 919 4618 ineerta,
943 4561 1008 4622 quia
1025 4561 1120 4610 eodem
1139 4559 1196 4608 iure
1213 4559 1273 4620 ipse
1292 4555 1369 4606 Paris
1387 4558 1426 4606 in·

201 4631 356 4698 terrogendi
375 4631 534 4694 particulam
554 4631 687 4682 adiecisse
698 4631 891 4696 putaripotest,
914 4632 959 4696 qui
977 4634 1050 4682 certe
1068 4627 1327 4692 consummabat,
1346 4629 1375 4675 ut
1393 4643 1427 4677 ea

201 4702 228 4750 tn
240 4702 371 4752 Beruensi
390 4701 457 4752 libro
477 4704 682 4767 interpolaretur
700 4704 727 4752 et
744 4703 805 4753 inde
822 4703 950 4754 transiret
967 4703 994 4752 iu
1012 4701 1126 4768 uulgata
1143 4699 1276 4764 exempta.
1313 4698 1382 4749 Nam
1399 4699 1435 4758 in,

202 4773 351 4840 archetypo
371 4773 463 4825 codiee
481 4775 637 4840 simpliciter
654 4771 726 4827 kuni
747 4775 813 4826 erat.
