3409 5400
258 484 324 557 uie
702 488 763 555 1111
785 488 1032 567 paeleum.
1060 507 1064 513 ’

258 650 328 717 buit
350 669 453 735 eaque
476 649 634 734 patientia
654 652 727 737 regi
750 651 849 731 simul
865 663 898 715 et
911 651 1177 738 desperationem
1198 652 1367 719 tormentis
1379 653 1482 741 ‘quie-

261 776 357 843 quam
382 776 422 819 ex
444 777 481 819 se
504 757 728 844 cognoscendi
753 760 896 822 excussit
924 772 955 822 et
982 761 1183 846 expetendae
1205 759 1319 846 pepuli
1339 760 1481 827 Romani

260 862 420 932 amicitiae
444 882 600 949 magnam
626 863 833 949 cupiditatem
849 866 1064 950 ingenerauit.
1108 866 1161 933 rie
1173 888 1216 931 ne
1231 866 1328 953 plura
1342 865 1480 931 huiusce

258 970 389 1053 generis
413 968 563 1054 exempla
575 1007 577 1011 ·
590 970 679 1034 dorni
694 971 886 1036 ¹scrutando
915 974 1049 1057 saepius
1078 970 1123 1037 ad
1149 973 1292 1039 ciuilium
1311 972 1480 1042 liellorum

258 1074 485 1141 detestandam
508 1076 700 1141 memoriani
723 1078 879 1163 progredi
901 1098 1015 1164 cogar,
1037 1077 1166 1143 duobus
1186 1079 1348 1145 Romanis
1370 1092 1511 1143 exem-s

256 1180 320 1266 plis
336 1191 517 1255 contentus,
534 1202 617 1267 quae
630 1192 663 1245 ut
676 1181 935 1248 clarissimarum
944 1183 1141 1250 familiarem
1152 1184 1479 1259 commendationem,

257 1287 304 1355 ita
325 1286 448 1351 ordinm
472 1287 636 1372 publicum
659 1309 843 1353 maerorem
867 1290 1042 1365 continent,
1064 1302 1199 1355 externa
1221 1290 1424 1358 subnectam.

125 1386 198 1452 Ext-
218 1384 245 1449 l·
345 1391 483 1459 Vetusto
508 1392 723 1459 Macedoniae
746 1414 837 1459 more
859 1398 934 1481 regi
955 1396 1141 1462 Alexandro
1157 1396 1365 1468 ,nobilissimi
1387 1398 1480 1483 pueri

256 1510 386 1586 praesto
411 1511 504 1565 erant
526 1500 735 1566 sacrificanti.
780 1501 809 1565 E
833 1501 951 1587 quibua
974 1524 1060 1567 unus
1089 1502 1226 1569 turibulo
1250 1514 1380 1587 arrepto
1404 1514 1479 1569 ante

256 1609 365 1692 ipsum
389 1607 499 1671 astitit.
544 1605 582 1671 ln
605 1606 698 1670 cuius
721 1605 858 1671 brachio
881 1608 980 1672 carbo
998 1608 1119 1679 ardens
1134 1608 1290 1694 delapsus
1305 1621 1367 1674 est.
1403 1607 1522 1689 Quoto

256 1715 317 1777 etsi
339 1715 386 1778 ita
406 1711 560 1779 urebatur
583 1722 619 1773 iit
640 1711 749 1777 adusti
771 1714 920 1798 corporis
941 1715 1013 1779 eius
1030 1715 1112 1780 odor
1134 1715 1178 1780 ad
1200 1716 1479 1792 circumstantium

256 1840 355 1885 nares
378 1819 577 1905 perueniret,
601 1828 711 1881 tamen
724 1828 766 1897 et
789 1818 936 1890 dolorem
959 1820 1090 1887 silentio
1113 1823 1235 1907 pressit
1256 1834 1288 1884 et
1310 1819 1480 1886 brachium

256 1923 410 1989 inmobile
433 1925 543 1995 tenuit,
567 1944 609 1987 ne
631 1924 830 1989 sacrificium
852 1924 1030 1991 Alexandri
1060 1941 1118 1993 aut
1147 1951 1310 1994 concusso
1340 1924 1479 1991 turibulo

256 2029 429 2115 impediret
452 2038 506 2095 eut
530 2029 616 2092 edite
647 2031 769 2116 gemitu
797 2033 913 2119 regius,
935 2054 1028 2097 eures
1058 2046 1277 2122 aspergeret..
1313 2012 1386 2101 Rei
1413 2051 1479 2118 que

758 2154 970 2169 ———

255 2204 281 2260 2.
300 2209 413 2258 incussit
431 2222 501 2258 corr.
519 2205 550 2259 A.
575 2210 663 2259 iniecit
680 2207 744 2259 Per.
761 2206 775 2275 Η
792 2204 818 2259 3.
842 2210 880 2260 Ac
899 2238 933 2247 -
952 2207 1001 2276 (l.)
1025 2215 1180 2263 subnectam
1199 2228 1248 2264 em.
1268 2209 1298 2264 Γ.
1311 2207 1360 2280 115.
1381 2212 1479 2264 Roma·

255 2294 349 2329 norum
363 2276 472 2363 Tei-,ii
484 2274 509 2331 i.
527 2278 631 2363 nuliam
646 2277 742 2331 BCE.
755 2278 768 2347 Η
779 2281 940 2347 maerorem]
959 2281 989 2333 ta
1005 2296 1104 2334 rosere
1120 2281 1152 2334 A.
1171 2285 1327 2334 memoriam
1344 2281 1438 2335 Boe.
1451 2284 1477 2405 pp·

254 2342 279 2400 ii.
299 2350 472 2415 sacrificanti]
494 2353 552 2399 erite
569 2352 729 2400 nobilissimi
747 2349 778 2399 Γ.
797 2350 863 2472 'lex
881 2347 944 2404 Per.
955 2352 969 2418 ΙΙ
979 2356 1107 2405 turribulo
1129 2353 1160 2405 Γ.
1170 2353 1186 2420 ΙΙ
1197 2357 1308 2417 accepte
1329 2353 1393 2406 Per.
1409 2352 1448 2420 111
1469 2392 1477 2406 .

256 2422 392 2471 brachium
411 2420 473 2473 Per.
498 2418 555 2473 Vid.
575 2418 613 2470 ud
634 2417 665 2474 V.
686 2417 711 2481 i,
734 2426 783 2473 cet.
822 2421 853 2489 .Η
873 2419 913 2475 12.
933 2425 1068 2475 sitentium
1081 2439 1128 2491 pr.
1145 2424 1178 2476 A.
1195 2424 1209 2492 Η
1228 2423 1269 2476 lt.
1287 2427 1387 2495 gemite
1405 2422 1465 2493 Eli

255 2494 346 2559 regius
365 2491 456 2557 eiures]
477 2494 553 2557 regio
572 2489 629 2542 ΒΓ
642 2497 668 2542 et
680 2506 724 2558 pii
744 2491 803 2543 AC.
829 2496 905 2562 regie
924 2509 1005 2549 aures
1024 2510 1094 2548 cerr.
1116 2494 1144 2547 C.
1169 2498 1244 2563 regis
1269 2510 1350 2546 aures
1370 2493 1404 2546 Ε.
1427 2510 1478 2549 oia.

249 2574 295 2628 pr.
314 2560 352 2613 D.
363 2560 377 2630 Η
389 2576 493 2629 quoque
512 2559 776 2614 ABGDEI'Terr.

255 2739 397 2789 numquam
416 2725 442 2772 iii
461 2725 622 2774 obscurioris
640 2725 721 2787 poulo
734 2726 822 2775 trimae
835 2728 999 2792 principssiiis
1012 2729 1082 2777 hanc
1098 2729 1238 2794 dignitatis
1251 2729 1478 2796 significationem

255 2796 385 2846 emissem
404 2807 476 2846 osse.
508 2795 546 2844 Cf.
559 2796 710 2858 exemplum
723 2799 887 2859 praecedens
907 2799 939 2847 de
952 2798 1092 2850 Porsenna
1103 2802 1131 2848 et
1146 2813 1264 2862 sequens
1276 2801 1311 2850 de
1322 2801 1476 2852 alexandro
1582 2827 1589 2834 -

254 2867 371 2934 Magno,
400 2867 455 2915 tum
480 2865 559 2915 huius
589 2866 683 2930 capitis
708 2869 818 2918 externe
841 2869 966 2932 exempla
988 2863 1014 2927 3,
1033 2866 1060 2926 l,
1078 2866 1104 2920 5.
1128 2863 1185 2920 tum
1203 2870 1223 2930 1,
1246 2867 1268 2930 l,
1288 2875 1340 2923 ext.
1358 2868 1389 2930 2,
1409 2871 1430 2930 l,
1450 2868 1475 2929 4,

254 2939 306 2988 ext.
330 2931 342 2985 1
364 2938 391 2986 et
408 2933 433 2986 2.
452 2937 472 2992 1,
490 2931 516 2993 5,
536 2929 561 2984 ³.
580 2937 600 2994 1,
621 2932 644 2993 l,
665 2939 717 2986 ext.
737 2934 754 2988 2
773 2941 799 2988 et
817 2933 842 2986 1.
861 2938 906 2994 111,
928 2935 952 2997 7,
971 2935 988 2990 6
1007 2942 1034 2990 ot
1053 2936 1077 2992 7.

325 3004 530 3074 desperationem
548 3034 582 3043 -
603 3005 724 3068 cucurti)
742 3009 792 3069 Qui
812 3011 1026 3072 desperationem
1045 3012 1123 3062 elicui
1147 3013 1259 3071 excutit,
1288 3014 1313 3073 ia
1336 3014 1392 3067 ium
1416 3013 1476 3076 spei

253 3080 341 3130 iocum
358 3079 484 3141 praebet,
511 3078 580 3141 quod
605 3081 677 3127 certe
702 3094 756 3128 non
779 3079 841 3130 fecit
865 3081 1020 3144 Pompeius.
1056 3082 1149 3146 Neque
1167 3084 1238 3133 enim
1257 3083 1319 3132 milii
1338 3084 1477 3148 persuasit

253 3150 381 3213 Kappius,
401 3149 470 3209 quod
485 3149 603 3200 dicamus
618 3148 752 3207 lacrimas.
772 3152 863 3207 risum,
882 3153 1013 3201 scintillas
1030 3157 1164 3210 excutere,
1183 3155 1243 3202 ideo
1259 3154 1475 3217 desperationem

253 3223 359 3285 quoque
378 3233 437 3274 cem
462 3220 563 3278 excuti,
593 3234 661 3283 quue
685 3222 821 3270 excitetur.
857 3221 1006 3272 Discrimeii
1030 3224 1098 3274 ieter
1122 3226 1262 3285 utramque
1285 3238 1341 3274 rem
1366 3225 1475 3287 planum

253 3293 333 3354 atque
351 3292 471 3354 apertum
496 3291 546 3340 cst.
583 3290 670 3340 Probo
693 3291 775 3358 igitur
798 3307 858 3342 curn
882 3292 1010 3344 Terrenie
1033 3291 1152 3353 incusat,
1175 3296 1353 3344 coniecturum
1377 3311 1396 3343 a
1417 3309 1475 3344 cor·

253 3365 356 3414 rectore
378 3362 436 3413 libri
455 3361 586 3415 Dauioiini
610 3363 767 3424 temptatam
793 3365 820 3411 et
843 3363 1027 3415 confirmatam
1051 3367 1165 3429 quedam
1188 3366 1268 3415 medo
1292 3365 1350 3415 Iulii
1370 3366 1474 3414 Paridis

253 3435 377 3496 epitoma,
396 3433 441 3482 uhi
460 3447 507 3495 pre
527 3445 559 3481 co
578 3432 700 3481 iniciendi
720 3436 830 3483 uerbum
848 3436 1019 3484 substitutum
1039 3438 1089 3486 est.
1120 3435 1159 3488 Cf.
1184 3437 1236 3486 Cic.
1262 3437 1296 3485 do
1314 3440 1422 3486 oratore
1440 3435 1474 3494 11.

252 3500 294 3562 oi,
314 3499 374 3554 209.
394 3505 463 3554 Curi.
474 3503 530 3562 1111,
552 3499 592 3560 iu,
611 3499 636 3553 2.
656 3503 699 3560 111,
719 3498 744 3562 6,
763 3499 789 3554 5.
807 3505 873 3555 lior.
884 3520 945 3568 epp.
965 3507 985 3561 i,
1007 3501 1047 3563 18,
1068 3502 1108 3556 ii.
1128 3506 1242 3564 volvi,
1261 3500 1288 3566 3,
1308 3503 1475 3565 1.111,1,1.

252 3575 321 3626 Fieri
338 3577 428 3624 tamen
446 3575 536 3638 petest
548 3577 576 3622 ut
588 3573 720 3633 valerice,
734 3577 916 3637 quaesiturum
929 3581 957 3624 et
969 3577 1137 3627 insolentium
1154 3577 1316 3627 locutionum
1325 3580 1475 3642 ,perpetuus

252 3646 399 3702 affectator,
423 3646 637 3708 desperationem
656 3647 751 3695 dixerit
770 3649 942 3709 desperatum
960 3649 1035 3714 rogis
1054 3649 1194 3698 eonsilium
1218 3649 1356 3698 tormentis
1375 3649 1476 3712 aliquid

252 3731 267 3765 e
287 3717 412 3778 Pompeio
432 3718 619 3782 cognoscendi.
656 3714 802 3781 Appuleius
822 3722 894 3768 certe
913 3723 1021 3770 metam.
1038 3719 1074 3777 X,
1092 3714 1154 3771 229.
1173 3735 1199 3783 p.
1220 3714 1272 3769 728
1290 3719 1332 3770 ed.
1352 3719 1476 3769 Oudend.

253 3787 423 3849 desperatam
442 3789 557 3836 feminae
581 3789 720 3838 cuiusdam
745 3789 886 3838 audaciam
910 3788 962 3838 hoc
987 3790 1168 3854 appellatione
1191 3790 1360 3856 significauit
1403 3792 1474 3850 Qua·
1531 3833 1535 3837 ,

252 3857 361 3919 propter
379 3857 512 3905 haesitaui
531 3859 618 3908 odliiic
636 3859 700 3908 iliud
723 3860 791 3923 quod
814 3860 912 3908 rectius
931 3861 983 3908 dici
1000 3863 1088 3910 sentio
1106 3863 1234 3924 recipere.

323 3927 382 3976 Ext.
405 3923 426 3976 Ι.
458 3923 561 3976 Vetusto
580 3925 754 3980 Macedoniae
772 3934 852 3985 mere)
880 3930 918 3979 ei.
937 3932 1008 3981 curt.
1029 3932 1096 3988 viil,
1116 3927 1142 3991 o,
1166 3926 1220 3995 (21.
1240 3927 1401 3994 Zumpt,)2

322 3994 410 4060 reptes
428 4003 516 4056 eures)
534 4013 612 4049 eures
630 4001 766 4050 exciderat
783 4001 809 4050 in
829 4001 920 4049 codice
938 4001 1095 4065 archetypo,
1115 4004 1178 4063 qiiia
1189 4003 1369 4052 librariusub
1380 4001 1475 4050 ultima

251 4067 361 4133 syllaba
377 4068 404 4116 in
422 4063 511 4132 reptes
529 4069 562 4116 ad
581 4071 693 4132 primam
713 4072 739 4120 iu
765 4076 917 4136 usperyeret
939 4073 1127 4129 aberraiierat‚
1151 4075 1274 4124 undeet
1286 4074 1384 4135 ,ipsum
1408 4071 1474 4122 iliud

249 4137 339 4204 reptas
356 4139 504 4188 truncatum
517 4140 545 4187 ct
556 4141 637 4194 mule,
652 4143 720 4206 quod
734 4142 864 4205 reliquum
877 4143 944 4198 eret,
963 4141 1020 4205 rapt
1036 4145 1207 4204 praecedenti
1220 4143 1350 4194 uocabulo
1369 4157 1474 4200 accom-

250 4213 385 4260 modulum
405 4213 456 4260 est.
500 4211 658 4264 Coniectura
679 4227 743 4262 uero
762 4213 942 4264 emendatoris
959 4212 1107 4264 Beruensis
1124 4217 1194 4264 adae
1213 4214 1365 4264 uerisimiiis
1384 4213 1428 4262 est
1445 4214 1476 4266 ut

250 4283 284 4333 de
302 4283 454 4346 recipienda
472 4296 525 4330 riou
548 4282 730 4334 diibitoiieriin.
770 4285 822 4334 Pro
846 4287 998 4348 aspersam
1018 4286 1127 4348 praeter
1149 4287 1339 4337 necessitatem
1362 4283 1474 4346 Lipsius

250 4354 546 4421 caperereticgendum
565 4367 628 4421 csse
647 4356 758 4407 censuit.
1373 4407 1382 4422 ⁴

319 4438 367 4475 rec
385 4439 434 4491 pue
450 4421 581 4490 patientie
593 4423 675 4491 pueri
698 4424 781 4492 mapa
799 4421 943 4474 delectetur
961 4429 1009 4486 eet)
1034 4425 1167 4491 Exempla
1189 4428 1216 4477 ct
1239 4427 1424 4490 manuscripta
1445 4426 1474 4476 et

255 4495 390 4560 impressa
407 4497 476 4546 hacc
499 4497 536 4544 ita
560 4499 735 4563 constituunt,
759 4493 817 4546 lice
841 4509 940 4562 quoqu
957 4494 1091 4562 patientie
1108 4496 1190 4564 paeri
1212 4497 1296 4564 mepte
1318 4495 1470 4549 deleam.

249 4565 297 4617 loc
315 4566 413 4618 certius
431 4569 481 4618 etc.
517 4566 547 4616 iri
564 4567 661 4632 quibus
679 4581 779 4633 qaoque
795 4569 824 4617 et
840 4565 925 4632 mepte
942 4567 1064 4635 intellegi
1080 4570 1228 4633 nequeunt,
1247 4585 1308 4620 cum
1325 4581 1377 4618 nec
1394 4583 1472 4633 prae·

250 4640 329 4686 cedat
352 4640 396 4698 qui
420 4639 492 4686 idem
515 4637 713 4702 feceruntque
737 4652 785 4686 rex
815 4636 858 4687 uel
882 4638 969 4688 simile
992 4640 1067 4704 quid,
1098 4640 1137 4689 ita
1159 4641 1189 4689 ut
1211 4642 1262 4690 dici
1285 4641 1403 4704 potuerit
1425 4649 1474 4701 m

250 4719 358 4776 queque,
378 4723 465 4775 neque
484 4709 653 4772 comparetur
671 4721 725 4766 rea,
745 4723 798 4774 qua
814 4709 904 4759 rnlnue
917 4709 1065 4761 delectatus
1077 4711 1114 4762 ait
1129 4708 1290 4770 aiexaneer.
1331 4711 1475 4778 liemanatt
