3409 5400
279 517 346 586 438
501 514 561 581 DE
584 510 770 579 PIETATE
794 510 916 579 ERGA
937 508 1172 577 Faustulus
1193 510 1290 577 BTC.

147 663 156 677 ⁵
237 678 270 744 l.
369 678 534 741 Genucius
561 672 671 739 laudis
699 674 812 749 huius.
847 698 913 761 qua
946 675 1052 737 maior
1085 674 1264 759 excogitari
1300 674 1356 737 uix
1386 683 1518 759 potest,

281 786 528 853 successionem
556 782 686 845 tradidit
715 782 809 845 Aelio
838 780 992 867 praetori.
1045 780 1105 843 cci
1132 782 1185 844 ius
1216 780 1338 844 dicenti
1367 802 1444 843 cum
1474 780 1517 844 in

281 895 388 979 capite
411 893 507 979 picus
531 888 754 963 consedisset.
778 890 1017 973 aruspicesque
1046 887 1279 976 adfirmassent
1306 903 1516 951 conseruato

282 1024 322 1066 eo
338 1002 408 1065 fore
425 1000 530 1085 ipsius
547 996 659 1060 domui
674 997 777 1059 iatum
794 994 1033 1069 felicissimum,
1047 996 1095 1058 rei
1111 993 1261 1081 publicae
1276 996 1517 1065 miserrimum,

282 1108 394 1173 occiso
410 1108 445 1170 in
460 1104 657 1169 contrarium
673 1115 843 1189 utrumque
860 1122 1043 1176 cessurum,
1066 1124 1086 1165 e
1101 1102 1244 1188 uestigio
1264 1102 1378 1187 picum
1391 1121 1545 1167 morsus

287 1301 311 1356 1.
330 1298 707 1365 Genucius-(2)praetori.
742 1299 801 1366 Cuil
821 1300 898 1351 Aelio
905 1301 1024 1365 praetori
1038 1296 1071 1353 Γ.
1082 1298 1096 1366 ΙΙ
1107 1312 1162 1365 quu
1178 1297 1275 1365 maior]
1294 1314 1377 1361 quam
1394 1299 1513 1348 aliorum

288 1370 410 1429 CDEF
426 1378 452 1424 el
464 1370 572 1441 punclr'r
589 1377 705 1423 solatura
722 1367 755 1422 Α.
766 1372 780 1437 ΙΙ
792 1371 951 1439 excogitari]
966 1369 1075 1439 punctis
1091 1374 1172 1420 nalal.
1189 1368 1222 1422 Α.
1241 1366 1255 1439 ΙΙ
1274 1371 1319 1419 uix
1338 1368 1441 1436 puest]
1460 1371 1515 1419 im·

285 1448 376 1512 potest
395 1442 503 1513 marlia
519 1447 601 1495 uolat.
620 1442 652 1494 A.
675 1444 823 1506 uirpotest
840 1440 876 1494 Β.
893 1439 950 1505 1Ιί
968 1442 1089 1506 tradiditl
1107 1444 1173 1508 port
1188 1442 1306 1504 praetori
1325 1436 1405 1490 Torr-
1428 1442 1516 1491 tradit

286 1512 532 1584 ACD.ilpraetoria
544 1512 572 1566 0.
585 1516 719 1579 praetorio
731 1512 784 1581 Eli
795 1516 842 1564 Cui
855 1514 909 1578 ius]
922 1512 951 1563 iu
962 1527 1059 1563 rasura
1070 1510 1103 1563 Δ.
1116 1509 1515 1578 cuiusCEF.1idiceulisCB.

289 1582 334 1655 113.
345 1613 357 1640 ι
372 1588 529 1651 arispieesq·
539 1584 570 1637 A.
589 1600 758 1651 aruspquue
770 1581 823 1637 ΟΕ
828 1581 853 1635 F
857 1580 933 1635 Tarr.
941 1582 954 1649 ΙΙ
962 1579 1226 1634 adfirmassetACE
1235 1581 1313 1635 Torr.
1321 1584 1516 1632 confirmasset

285 1655 374 1727 Elii.
388 1660 483 1707 ‹lomus
497 1654 664 1707 turmas
679 1660 773 1707 eleale
787 1656 873 1719 ipsius
884 1652 1091 1722 Tormijl'aetum
1101 1652 1137 1705 Ε.
1152 1651 1463 1706 statuml'elu'muuru
1471 1651 1512 1707 Δ.

290 1727 368 1781 Torr-
376 1724 388 1797 11
397 1726 592 1792 felicissimum]
606 1726 634 1777 tu
645 1741 742 1777 rasura
755 1725 793 1779 A.
801 1728 987 1777 fidelissimum
998 1723 1085 1777 CDE
1090 1723 1123 1777 F.
1134 1726 1148 1793 ΙΙ
1159 1727 1225 1790 reip.
1236 1726 1413 1776 miserrimum
1425 1723 1455 1774 ὴ
1466 1738 1515 1775 ra·
1595 1719 1603 1729 ‘

286 1814 352 1853 aura
363 1797 395 1849 A.
407 1798 421 1866 ΙΙ
431 1794 457 1850 5.
471 1796 572 1863 occiso]
586 1800 661 1861 piceo
673 1800 763 1849 occiso
776 1796 811 1850 F..
823 1797 836 1863 ΙΙ
849 1812 991 1848 censorum
1003 1794 1032 1850 C.
1042 1796 1057 1862 ΙΙ
1068 1797 1174 1861 pichum
1181 1800 1248 1864 peut
1257 1798 1370 1846 senalus
1382 1792 1411 1847 l'.

288 1976 397 2034 tuimur,
414 1989 502 2037 neque
521 1976 645 2039 superest
664 1977 732 2041 quod
752 1977 901 2027 desideres.
942 1977 991 2025 iiis
1012 1975 1082 2025 enim
1101 1975 1232 2038 expositis
1250 1974 1417 2025 notissimam
1435 1973 1513 2024 illam

288 2051 395 2113 portam
412 2046 619 2111 appellationem
638 2060 716 2097 suam
731 2064 749 2097 a
762 2048 819 2111 Cipi
830 2046 931 2115 elligir,
948 2062 1018 2113 quae
1029 2042 1189 2097 raudusculo
1205 2047 1350 2103 dicebatur,
1368 2046 1514 2109 accepisse

289 2119 418 2170 Romanis
436 2118 580 2169 lectoribus
599 2132 649 2181 per
667 2132 698 2169 se
716 2120 834 2183 patebat.
876 2119 907 2167 si
927 2122 1018 2167 tamen
1039 2120 1135 2181 portae
1157 2132 1255 2167 nomeu
1275 2118 1414 2180 putaueris
1438 2112 1514 2165 Rau·

290 2186 445 2243 dumam.
465 2190 619 2241 necessario
643 2191 832 2253 praecedentia
850 2191 981 2239 mendosa
998 2202 1063 2238 esse
1087 2190 1250 2244 statuemus.
1273 2203 1334 2238 cum
1357 2188 1428 2237 aliud
1446 2190 1513 2237 auh-

289 2262 387 2313 iectum
404 2262 508 2325 portam
526 2262 647 2311 indicans
666 2262 699 2309 ad
718 2262 885 2325 participium
904 2256 1027 2326 dictaque
1043 2260 1175 2309 accedere
1193 2260 1299 2310 debeat.
1340 2260 1432 2324 ltaque
1444 2258 1514 2308 Tor·

290 2334 381 2384 renius
405 2332 459 2400 legi
483 2332 563 2382 lussit
586 2328 689 2398 Capitis
712 2330 812 2399 effipia
836 2344 930 2382 aerem
943 2334 1053 2399 partae.
1078 2344 1131 2397 pua
1152 2334 1312 2387 armat,
1335 2327 1437 2379 inclusa
1460 2334 1510 2382 eut,

291 2400 364 2453 dicta
383 2418 449 2471 puae
465 2399 682 2457 Raudusculaaa,
702 2402 764 2469 quia
782 2398 843 2453 olim
862 2416 927 2452 aera
944 2398 1062 2452 raudera
1079 2397 1242 2453 dicebantur.
1282 2406 1358 2462 Quae
1379 2416 1438 2450 com
1457 2416 1512 2451 non

290 2490 344 2525 uno
361 2476 468 2525 nomine
487 2474 654 2538 displiceant.
673 2475 824 2523 accuratius
843 2474 961 2523 refutare
985 2473 1055 2523 nolo.
1097 2472 1257 2538 Nentiquam
1279 2488 1345 2523 uero
1370 2473 1511 2522 relatiuam

290 2547 330 2597 ita
347 2546 472 2609 postponi
491 2546 570 2603 licuit.
590 2548 691 2595 omisso
710 2546 789 2595 simul
807 2548 890 2595 uerbo
909 2550 961 2602 rat.
986 2545 1057 2608 qnod
1081 2544 1187 2593 omniuo
1205 2544 1232 2593 in
1250 2544 1303 2593 hoc
1320 2559 1390 2595 nexu
1409 2546 1512 2593 abesse

291 2632 346 2668 nou
369 2618 467 2680 potest.
513 2616 681 2667 Probabilius
704 2619 785 2685 igitur
813 2618 840 2665 et
862 2616 958 2665 melius
982 2615 1127 2665 'lomenius
1152 2615 1312 2665 coniecisset
1335 2611 1457 2682 dictaque
1478 2629 1512 2664 ea

287 2690 370 2756 porta
388 2682 450 2737 lade
467 2682 685 2746 Raudarmlaam
711 2703 771 2739 aam
790 2690 839 2739 cte.
860 2688 903 2738 uel
921 2684 1043 2754 dietaque
1060 2681 1268 2738 Raudusculam
1285 2701 1318 2738 ea
1330 2690 1428 2754 porte,-
1450 2701 1512 2736 an

293 2755 355 2810 alita
373 2759 418 2808 uei
435 2756 497 2808 olim
515 2757 590 2811 enlm.
626 2759 678 2810 Sed
700 2761 768 2826 quod
788 2773 872 2824 supra
889 2760 1077 2824 proposuimus
1090 2760 1171 2826 louge
1182 2758 1387 2822 praeterendum
1401 2759 1512 2809 uiduur.

293 2829 358 2879 Vtut
375 2829 444 2878 haec
463 2821 494 2878 le
512 2831 620 2887 habent,
639 2832 698 2881 sine
711 2833 790 2882 dubio
803 2833 829 2880 iu
842 2831 1064 2895 praecedentibus
1076 2843 1155 2880 aerea
1170 2823 1402 2887 scribendum'esl.
1421 2844 1511 2894 quem·

294 2901 438 2950 admodum
456 2901 516 2950 iude
535 2917 553 2951 a
571 2901 666 2968 Pighiu
686 2917 772 2964 usque
791 2902 824 2952 ad
844 2903 976 2965 Kappium
996 2902 1138 2956 edebatur.
1160 2901 1199 2950 lta
1215 2903 1245 2949 ut
1262 2903 1297 2950 ad
1316 2901 1434 2968 effigiem
1451 2915 1511 2964 per·

294 2971 378 3020 lineet
395 2971 563 3030 adiecturum,
581 2987 634 3022 non
653 2987 755 3032 aereae,
774 2974 843 3039 quod
863 2974 963 3022 habent
980 2971 1040 3020 libri
1058 2972 1239 3036 manuscripti.
1276 2971 1381 3022 Etenim
1398 2973 1423 3021 si
1440 2968 1511 3022 ila·

295 3037 439 3092 eluaculaaa
456 3045 551 3105 portae
568 3057 664 3094 nomen
685 3057 748 3094 esse
766 3049 856 3108 putas,
875 3045 920 3105 qui
938 3045 1044 3106 poterat
1061 3043 1119 3092 iicrl
1138 3044 1166 3092 ut
1184 3058 1254 3107 quas
1265 3047 1346 3094 antea
1358 3045 1412 3093 iam
1430 3057 1512 3092 aerea

296 3114 363 3168 erat·
381 3113 510 3175 paruulac
520 3114 590 3163 illius
608 3115 733 3183 imaginis
744 3116 910 3171 accessione,
930 3129 1009 3179 qoam
1022 3127 1131 3163 aeream
1147 3115 1234 3164 luisse
1245 3129 1279 3164 ne
1291 3117 1512 3164 commemoratur

295 3184 410 3246 quidem,
429 3183 652 3236 amouseuunao
671 3188 877 3251 appellationem
899 3186 1037 3236 traherett
1061 3186 1103 3234 sin
1129 3188 1219 3235 autem
1241 3186 1361 3254 effigiem
1383 3187 1471 3250 ipsam
1492 3201 1512 3234 a

295 3255 409 3306 reudere
436 3257 600 3320 appellatam
619 3258 776 3316 credideris,
800 3272 888 3308 nonno
906 3271 966 3306 eam
990 3272 1024 3306 ox
1043 3257 1224 3306 berefactam
1247 3256 1334 3306 luisse
1357 3257 1512 3308 necessario

296 3329 377 3376 autea
394 3329 555 3377 narrandum
575 3329 651 3378 crati
674 3328 794 3394 Denique
812 3329 838 3378 iu
858 3328 911 3378 tine
929 3324 1085 3378 dicebantur
1101 3331 1174 3378 recte
1198 3329 1252 3377 iam
1276 3328 1304 3376 in
1321 3329 1441 3395 uolgatis
1458 3328 1512 3377 edi·

294 3398 412 3448 tionibus
430 3400 579 3449 restitutum
592 3402 650 3450 erat
662 3415 710 3464 pro
723 3397 869 3452 dicebatur.
890 3400 959 3464 quod
973 3399 1120 3462 protectum
1132 3401 1175 3449 ost
1189 3415 1207 3447 a
1219 3399 1336 3456 librario.
1355 3400 1399 3464 qui
1411 3399 1513 3449 omissa

220 3533 222 3536 Ι
296 3467 399 3518 censali
422 3471 554 3532 porticula
580 3485 660 3522 unam
684 3472 893 3536 appellationem
915 3470 1049 3533 putauerit
1071 3483 1136 3520 esse
1159 3466 1354 3530 aeramudera,
1384 3471 1513 3538 singulari

294 3553 405 3590 numero
423 3542 548 3603 positam.

367 3607 392 3662 l.
412 3611 451 3664 Cf.
471 3615 565 3663 Varro.
584 3614 617 3664 de
635 3613 700 3681 ling.
720 3613 780 3664 Lat.
801 3613 829 3664 V.
855 3614 883 3662 el
900 3612 945 3662 111.
964 3613 998 3662 de
1016 3613 1061 3664 uit.
1084 3629 1146 3677 pop.
1165 3614 1242 3666 Rom.
1259 3629 1304 3677 ap.
1323 3613 1392 3664 Non.
1410 3613 1469 3670 xli,
1486 3606 1513 3662 3.

294 3681 384 3733 Front.
404 3683 479 3733 strat.
498 3684 554 3741 1111,
574 3681 600 3742 5,
621 3681 661 3736 ll.
682 3685 747 3733 l’lin.
767 3685 793 3735 lt.
813 3699 837 3732 n.
857 3685 891 3741 Χ,
914 3679 956 3734 18.

369 3750 419 3803 cai
435 3752 477 3805 lus
494 3751 602 3812 dicenti)
619 3758 683 3804 Cum
703 3757 765 3805 honi
785 3755 886 3816 aliquot
905 3755 963 3805 libri
977 3754 1029 3818 pro
1048 3753 1093 3806 cur'
1110 3754 1154 3806 a'ur
1169 3756 1326 3806 exhiberent
1343 3754 1426 3813 euius.
1444 3757 1512 3818 quod

295 3823 322 3872 in
340 3823 471 3874 Beruensi
489 3840 595 3888 quoquo
613 3827 704 3876 codice
723 3825 783 3876 olim
804 3827 889 3876 luisse
908 3827 1045 3888 suspicor.
1070 3829 1097 3877 et
1115 3828 1211 3878 deinde
1228 3825 1353 3884 dianae.
1377 3831 1453 3877 erant
1469 3827 1512 3888 qrri

297 3907 356 3942 cum
374 3893 467 3956 Lipsio
486 3895 596 3946 mallent
613 3895 688 3948 cuius
705 3895 747 3946 r'ua
765 3893 884 3947 dicentis.
922 3896 975 3944 Sed
988 3911 1022 3946 ne
1035 3898 1121 3946 dicam
1141 3900 1174 3948 dc
1192 3900 1296 3967 ingrato
1311 3899 1420 3948 auribus
1438 3912 1512 3952 sono.

297 3963 341 4026 qui
365 3963 490 4022 efficitur,
520 3969 610 4016 uerbis
635 3967 710 4017 cuius
735 3965 790 4024 iar.
820 3966 943 4016 usitatior
965 3968 1045 4016 dandi
1071 3983 1152 4018 casus
1177 3984 1211 4019 ne
1236 3970 1384 4020 dililcssiore
1409 3969 1510 4034 quidem

295 4033 442 4085 mutatione
459 4037 618 4094 restituitur.
642 4038 801 4102 praesertim
825 4053 885 4086 cum
909 4033 1008 4088 dicenti
1029 4041 1159 4090 manserit
1183 4041 1315 4105 hodieque
1341 4042 1368 4090 ln
1386 4041 1512 4090 Beruensi

297 4103 397 4155 codice.
442 4105 525 4156 Paulo
554 4112 617 4172 pust
638 4106 776 4178 arwpr'cer
799 4109 888 4172 recepi
917 4123 953 4158 cx
975 4111 1070 4160 codem
1094 4111 1186 4161 codice
1211 4117 1239 4162 ct
1262 4111 1374 4162 alterius
1398 4111 1513 4161 familiae

297 4173 383 4228 ultera
400 4177 486 4239 parte.
506 4180 533 4226 ct
551 4180 653 4229 correxi
672 4177 867 4246 adfirmassent,
892 4183 920 4231 ut
938 4183 1069 4231 edebatur
1093 4197 1111 4231 a
1134 4183 1243 4250 Pighio,
1266 4183 1386 4241 Colere.
1401 4183 1512 4237 voratio.

296 4247 432 4310 habetque
451 4248 588 4312 pluraliter
607 4255 633 4300 et
654 4249 790 4318 aruspices
812 4248 1008 4319 respondissent
1026 4254 1167 4303 Frontinus
1186 4256 1202 4305 Ι.
1222 4248 1255 4303 c.
1282 4255 1385 4303 Deinde
1402 4255 1513 4303 suadea-

296 4318 368 4370 tibus
387 4318 462 4370 libris
481 4323 583 4370 tuntum
602 4335 654 4372 non
674 4323 795 4372 omnibus
814 4324 884 4373 edidi
904 4321 993 4374 domm
1013 4339 1062 4388 pro
1081 4321 1218 4375 domaret
1234 4323 1327 4390 saluar
1345 4338 1393 4387 pro
1412 4329 1512 4375 alm

294 4387 349 4442 Sed
366 4390 493 4444 intactum
512 4393 606 4455 reliqui
623 4405 711 4445 raom
728 4409 783 4452 sao.
807 4397 878 4458 quod
897 4397 1047 4459 corruptum
1066 4409 1131 4445 csse
1155 4410 1171 4446 e
1194 4393 1282 4448 Marti
1304 4409 1352 4446 uua
1375 4402 1512 4459 procerte

293 4459 346 4512 sibl
363 4466 540 4525 persuaserat
557 4463 714 4524 Torrenius,
739 4467 863 4518 uidelicet
885 4468 948 4529 quia
966 4481 1019 4516 non
1038 4468 1182 4517 uerisimile
1206 4469 1231 4518 ei
1254 4468 1396 4518 uidebatur
1414 4466 1513 4516 Aeliam

294 4545 374 4582 auem
393 4535 496 4594 uiuam,
522 4537 548 4586 ul
572 4538 631 4587 neei
650 4538 739 4595 daret,
764 4538 887 4588 dentibus
912 4538 1058 4589 lacerasse.
1107 4540 1184 4600 Quod
1211 4554 1274 4589 num
1302 4553 1399 4589 reuera
1425 4539 1514 4588 fecerit

294 4603 399 4662 neseio.
413 4619 501 4669 neque
520 4608 600 4658 etium
619 4609 700 4658 ceteri
719 4608 864 4671 scriptores
882 4610 1027 4659 memoriae
1046 4609 1230 4674 prodideruut;
1253 4611 1302 4661 sed
1322 4612 1428 4674 poterat
1445 4613 1515 4659 certe

293 4671 533 4810 {pgrlluppatrgpptum
553 4692 616 4730 esso
634 4679 699 4748 tingi
720 4693 738 4726 a
757 4679 880 4738 Valerio,
905 4680 933 4728 ut
956 4679 1110 4731 auiditatem
1136 4683 1270 4749 quandam
1293 4682 1433 4734 necandae
1456 4681 1514 4732 uuis
