3409 5400
545 450 628 521 ΗΒ.
650 452 691 533 Π,
716 454 753 522 Ο.
776 455 809 533 5,
831 464 862 535 i.
887 456 1014 523 5-0.
1038 458 1068 535 6,
1092 468 1120 537 i·
1144 460 1177 527 2.
1407 465 1472 533 199

244 617 367 681 ciuium
395 636 531 683 enorum
558 615 675 681 oculos
698 638 720 681 a
741 616 993 705 contemplanda
1015 616 1100 683 Asia
1120 623 1261 698 retraxit,
1284 644 1326 687 ne
1348 623 1481 689 inlece·'

243 721 313 787 bris
335 721 408 787 eius
431 723 519 808 capti
541 721 587 785 ad
608 722 779 787 delicatius
802 724 891 787 uitae
915 744 1022 811 genus
1045 724 1303 809 prolaberentur.
1345 728 1467 795 Audie-

243 838 319 903 raut
344 828 451 905 enim,
473 826 552 893 inde
577 826 735 893 lautidam
764 840 797 893 et
816 830 1013 904 immodicos
1038 842 1187 917 sumptus
1212 844 1244 897 et
1266 836 1378 900 omnia
1400 858 1469 903 non

243 935 456 1001 necessariae
478 932 654 1019 uoluptatis
679 955 803 1022 genera
818 935 963 1012 fluxisse,
986 938 1178 1025 primosque
1193 938 1294 1004 Ionas
1309 942 1468 1028 unguenti

215 1062 506 1127 acoronerumque
535 1042 590 1105 iu‘
599 1042 752 1105 conuiuio
781 1042 966 1108 dandarum
998 1054 1030 1106 et
1056 1045 1224 1109 secundae
1245 1068 1383 1115 mensae
1406 1072 1467 1135 po·

240 1148 374 1216 pendae
401 1146 674 1211 consuetudinem
701 1147 791 1213 haud
817 1169 923 1235 parua
951 1148 1097 1215 luxuriae
1120 1152 1328 1219 inritamenta
1348 1176 1464 1240 reppe·

240 1258 339 1321 risse.
385 1253 437 1318 Ac
459 1254 594 1319 minime
615 1256 735 1320 mirum
758 1256 921 1343 estquod
944 1254 1095 1323 homines
1119 1258 1231 1323 labore
1254 1282 1293 1325 ac
1308 1262 1465 1347 patientia

239 1361 428 1451 gaudentes
454 1361 686 1427 tenacissimos
713 1363 838 1447 patriae
877 1384 998 1429 neruos
1034 1374 1240 1430 externarum
1273 1366 1464 1432 deliciarum

239 1468 442 1555 contagione
465 1466 551 1531 sohri
572 1477 605 1531 et
625 1466 773 1532 hebetari
794 1467 978 1543 noluerunt,
1002 1490 1078 1533 cum
1102 1469 1266 1556 aliquanto
1282 1474 1463 1539 faciliorem

201 1577 372 1641 teuirtutis
394 1572 439 1638 ad
459 1573 622 1639 ltuuriam
645 1594 746 1659 quam
767 1573 915 1639 luxuriae
937 1575 980 1639 ad
1003 1576 1153 1639 uirtutem
1177 1578 1348 1642 transitum
1370 1580 1462 1643 uide·

238 1693 326 1748 rent
372 1678 472 1761 Quod
501 1699 560 1743 eos
585 1701 656 1744 non
678 1680 801 1745 frustm
828 1681 978 1745 timuisse
1007 1680 1073 1745 dux
1099 1682 1248 1765 ipsorum
1275 1680 1464 1750 Pausanias

239 1787 407 1875 patefecit,
430 1786 487 1873 qui
508 1786 660 1851 maximis
684 1786 839 1873 operibus
864 1786 969 1861 editis,
992 1797 1029 1849 ut
1049 1788 1192 1873 primum
1214 1810 1251 1852 se
1268 1786 1370 1853 Asiae
1393 1810 1463 1854 mo·

237 1894 333 1959 ribus
362 1892 520 1978 permisit,
549 1890 771 1957 fortitudinem
799 1914 898 1959 suam
921 1889 1109 1959 effeminato
1133 1896 1204 1961 eius
1228 1894 1315 1961 cultu
1336 1894 1463 1961 mollire

238 2020 310 2065 non
332 1998 469 2063 erubuit.
512 2044 515 2048 -

200 2130 230 2176 ss
329 2102 489 2169 Eiusdem
512 2104 652 2169 ciuitatis
676 2106 836 2169 exercitus
852 2126 919 2169 non
936 2114 1010 2169 ante
1027 2105 1071 2170 ad
1087 2102 1309 2173 dimicandum
1325 2108 1501 2180 descen-2.

239 2212 319 2276 dere
343 2208 496 2277 solebant
517 2231 621 2297 quam
644 2211 743 2275 tibiae
772 2221 933 2275 concentu
957 2222 989 2275 et
1012 2214 1186 2298 anapaesti
1210 2213 1304 2299 pedis
1327 2214 1461 2278 modulo

238 2316 475 2383 cohortationis
500 2316 642 2381 calorem
671 2318 780 2383 auium
812 2319 1003 2390 traxissent,
1031 2328 1149 2403 uegeto
1174 2329 1206 2381 et
1231 2318 1346 2382 crebro
1377 2319 1459 2382 ictus

239 2446 325 2489 sono
353 2435 485 2489 strenue
515 2422 645 2489 hostem
668 2422 826 2487 inuadere
850 2422 1019 2487 admoniti.
1063 2420 1155 2487 ldem
1185 2422 1227 2487 ad
1250 2421 1459 2487 dissimulan-

240 2532 319 2595 dum
355 2540 388 2594 et
425 2528 654 2596 occultandum
689 2530 859 2595 uulnerum
900 2549 1036 2593 suorum
1075 2549 1225 2593 cruorem
1260 2528 1389 2614 punicis
1424 2529 1461 2593 in

200 2636 365 2724 etproelio
388 2636 508 2702 tunicis
524 2634 706 2713 utebantur,
729 2656 806 2711 nou,
830 2656 872 2700 ne
887 2636 969 2723 ipsis
987 2646 1141 2722 aspectus
1158 2654 1271 2700 eorum
1291 2644 1458 2712 terrorem,

240 2744 301 2810 sed
323 2766 366 2809 ne
388 2743 539 2809 hostibus
563 2743 703 2808 fiduciae
726 2741 851 2827 aliquid
876 2742 1027 2808 adferret

741 2888 954 2906 h———ss

238 2970 718 3039 aisement-(t.)notu0runtes.
728 2970 760 3027 Γ.
772 2973 786 3042 ΙΙ
797 2975 955 3024 audiuerant
963 2971 998 3026 it.
1010 2973 1024 3041 ΙΙ
1034 2969 1061 3026 3.
1068 2971 1142 3040 inde]
1148 2977 1212 3041 poet
1219 2973 1349 3024 lautitiam
1358 2969 1434 3026 Torr.
1442 2968 1455 3041 ΙΙ

239 3042 432 3100 mutanda
440 3043 504 3100 OD.
524 3042 567 3111 Os.
575 3041 614 3100 il.
625 3039 651 3103 4,
661 3039 687 3096 li.
700 3043 714 3114 ΙΙ
725 3041 898 3111 sumptespr.
907 3041 939 3095 A.
951 3043 964 3110 ΙΙ
976 3039 1002 3097 4.
1014 3047 1152 3112 primoque
1161 3043 1189 3094 ia
1197 3057 1295 3096 rasura
1304 3041 1341 3095 D.
1353 3043 1366 3112 ΙΙ
1378 3044 1457 3094 lonoe

240 3131 311 3169 eorr-
321 3115 358 3169 D.
371 3111 385 3185 li
400 3114 425 3168 1.
437 3118 545 3168 minime
551 3131 602 3169 ont.
614 3112 652 3167 D.
662 3111 676 3181 ΙΙ
688 3112 821 3168 &neruos
830 3129 880 3166 ort.
911 3128 933 3167 r.
945 3111 978 3168 A.
990 3115 1003 3184 ΙΙ
1014 3109 1039 3166 11.
1052 3113 1155 3165 facilior
1164 3113 1196 3166 Γ.
1208 3113 1221 3181 ΙΙ
1236 3111 1277 3167 10.
1292 3116 1422 3164 luxoriam
1433 3117 1460 3164 rt

239 3191 360 3240 luxoriae
371 3201 415 3256 pr.
430 3186 632 3255 diuideretur
645 3183 678 3237 Γ.
691 3186 704 3252 ΙΙ
721 3184 762 3238 11.
771 3129 909 3252 ipsoruml
927 3199 1018 3236 eorum
1033 3183 1098 3238 ΕΓ.
1109 3183 1123 3252 ΙΙ
1137 3181 1179 3236 tt.
1191 3187 1297 3236 solebat
1311 3181 1456 3236 Ancon

238 3257 272 3313 Γ.
283 3257 447 3381 Rodum.
457 3256 490 3310 A.
501 3255 516 3324 ΙΙ
529 3254 570 3309 18.
579 3255 716 3310 manilii).
727 3255 742 3324 ll
753 3256 837 3325 idem]
857 3257 937 3308 iidem
955 3253 981 3307 Β
988 3253 1051 3308 ΟΒ.
1070 3253 1111 3322 (27⁵.
1124 3253 1223 3308 Oenea.
1236 3251 1272 3305 nd
1283 3251 1337 3306 tle.
1356 3252 1389 3306 de
1399 3269 1457 3322 rep.

231 3347 265 3401 p.
388 3330 568 3380 simulandum
585 3327 621 3382 a.
640 3325 654 3397 ΙΙ
676 3323 716 3380 lt.
727 3331 846 3393 puniceis
865 3327 929 3381 Par.
948 3331 974 3380 et
991 3341 1062 3378 cerr.
1073 3324 1139 3378 An.
1168 3319 1456 3392 (7111111110.

235 3402 305 3474 non]
403 3401 464 3452 ideo
482 3397 515 3453 Γ.
527 3397 541 3467 ΙΙ
552 3415 645 3452 aarum
662 3396 725 3451 ΑΒ.
747 3401 805 3451 eius
826 3397 902 3452 forr.
914 3397 928 3468 Η
939 3396 1079 3465 terrorem]
1099 3393 1161 3448 odd.
1179 3397 1309 3446 incuteret
1325 3393 1358 3446 Γ.

741 3531 953 3548 -ῌ

308 3615 353 3674 Vl.
375 3613 398 3667 1.
417 3611 471 3666 det
487 3613 605 3684 iprum
623 3610 783 3673 Pannoniae)
801 3613 840 3665 Cf.
859 3613 981 3680 Thucyd.
999 3612 1020 3670 1,
1042 3605 1100 3663 itt.
1119 3608 1185 3672 Nep.
1204 3607 1285 3659 Paua.
1304 3599 1329 3659 3.
1349 3607 1403 3658 alii.

306 3685 333 3739 2
353 3687 393 3739 01.
410 3687 464 3738 Cle.
482 3685 565 3738 Tuae.
583 3686 617 3744 11,
639 3679 679 3742 ill.
698 3678 743 3736 31.
765 3684 834 3735 l’lut.
851 3684 971 3752 Lycurg.
989 3681 1032 3736 21.
1055 3683 1089 3734 id.
1107 3681 1169 3731 inst.
1187 3678 1252 3728 hac.
1274 3671 1314 3729 111.
1338 3677 1456 3730 Peucen.

235 3760 282 3816 ill.
305 3755 346 3816 Π,
364 3752 391 3811 5.
410 3757 539 3822 Polyaen.
557 3757 592 3814 X.
615 3754 655 3809 11.
667 3783 703 3794 -
721 3755 752 3807 Δ.
772 3755 838 3806 Geli
856 3755 877 3814 1,
899 3751 928 3805 11
950 3753 1105 3818 eThucyd.
1124 3751 1157 3808 11,
1175 3745 1210 3800 iu
1226 3748 1457 3800 Lacedaemonios

236 3832 293 3882 atta
309 3829 344 3880 de
362 3841 449 3879 causa
463 3829 590 3879 tibiarum
607 3827 722 3879 modulis
739 3839 806 3876 uses
830 3839 895 3878 esse
918 3825 1013 3884 refert,
1042 3825 1144 3886 scilicet
1166 3835 1201 3872 ne
1218 3820 1358 3886 permuletl
1381 3821 1456 3870 senis

234 3901 386 3953 mitioribus
401 3901 544 3952 hnmodlee
560 3900 711 3951 ferocirent.

306 3967 435 4032 atauo
452 3972 493 4022 Ne
511 3972 683 4040 singulariter
699 3971 816 4035 positum
831 3969 962 4033 accipiam
980 3961 1095 4018 eiusdem
1112 3961 1231 4016 damas
1248 3961 1385 4023 carratae,
1405 3977 1457 4028 quo

236 4045 309 4095 hele
332 4044 441 4094 retineri
463 4044 598 4107 potuisset
619 4043 739 4093 codicum
763 4041 896 4104 scripture
918 4035 1031 4098 solebat,
1058 4051 1111 4087 non
1134 4037 1190 4085 ium
1213 4035 1322 4099 impedit
1344 4035 1458 4099 pluralis

235 4127 373 4172 numerus.
392 4115 437 4180 qul
454 4115 574 4179 sequitur
590 4111 742 4172 matam
758 4139 794 4150 —
809 4107 956 4174 odmoaih').
976 4123 1035 4158 eum
1053 4108 1248 4174 appellationes
1265 4107 1458 4156 multitudinem

236 4187 374 4236 mininam
391 4186 650 4250 comprehendentes
677 4184 705 4234 el
728 4183 901 4251 singulariter
927 4182 1032 4246 positae
1060 4193 1120 4228 com
1143 4177 1240 4242 plurali
1264 4177 1458 4244 coniungantur

236 4257 304 4320 (edd.
323 4258 359 4306 ad
377 4257 447 4315 viii,
468 4254 510 4314 11,
528 4251 555 4308 3.
573 4255 644 4306 cort
662 4255 697 4304 ad
715 4253 782 4304 Sall.
800 4255 858 4321 lug.
880 4248 924 4306 18,
946 4247 972 4303 3.
993 4251 1075 4301 Drair.
1093 4251 1128 4299 ad
1146 4249 1205 4298 Liu.
1223 4247 1345 4304 xxviii,
1368 4245 1390 4303 1,
1408 4241 1456 4307 h).

238 4343 320 4394 qnam
336 4328 408 4393 qttod
426 4327 551 4378 Valerius
569 4326 741 4395 singulariter
756 4339 810 4375 non
828 4323 893 4374 dixit
916 4324 968 4374 nisi
987 4337 1065 4372 uuum
1085 4322 1111 4371 et
1129 4322 1229 4370 certum
1246 4319 1362 4382 aliquem
1381 4329 1457 4394 exer·

236 4400 328 4454 chum,
382 4399 469 4450 norell
486 4401 576 4450 autem
593 4398 700 4449 notione
717 4396 890 4446 multitudinis
908 4408 1046 4446 numerum
1064 4389 1192 4442 adhibuit.
1228 4387 1279 4450 (Cf.
1297 4387 1329 4443 11,
1348 4381 1373 4442 3,
1392 4381 1410 4435 2
1428 4397 1457 4434 aa

320 4467 347 4479 ’“
405 4466 542 4521 licaonia
569 4470 601 4528 11,
615 4467 641 4526 1,
656 4463 739 4520 esti
756 4461 905 4534 flpedtoane
917 4463 1007 4529 oties.)
1043 4461 1211 4526 Quapropter
1221 4453 1322 4508 nolebat
1331 4456 1456 4506 ruendum

308 4608 383 4664 ides
400 4607 438 4662 od
455 4607 681 4671 dicdum)
696 4611 820 4674 Xennpb.
840 4609 874 4658 de
893 4621 949 4671 rep.
967 4607 1032 4658 Lac.
1053 4601 1094 4660 ll,
1112 4597 1137 4654 a
1162 4598 1252 4649 senor.
1273 4599 1305 4648 nd
1319 4596 1454 4662 Aristoph.

1615 4349 1616 4395 l

1612 4425 1615 4464 l

237 4555 303 4592 esee
321 4542 403 4592 eredo
421 4541 522 4593 librarii
540 4543 573 4591 de
591 4538 723 4607 singulari
738 4539 872 4604 positione
891 4553 917 4586 u.
935 4531 1204 4586 sacramencum.
1614 4467 1615 4525 i

238 4683 356 4738 amun.
374 4679 437 4737 313.
465 4683 524 4737 Vol.
542 4683 588 4742 lV,
605 4681 637 4735 P.
653 4677 680 4734 2
697 4693 725 4748 p.
742 4676 793 4736 tlt
813 4679 892 4734 Diud.
910 4678 969 4732 Aei.
986 4692 1013 4730 u.
1031 4677 1058 4727 h.
1075 4673 1121 4735 Vi,
1140 4667 1165 4724 t.
1191 4669 1254 4722 leid.
1272 4669 1346 4730 XIX,
1364 4663 1408 4721 23.
1610 4557 1614 4796 i
