3409 5400
639 437 725 507 unt,
745 439 787 517 11,
810 440 848 506 c.
872 442 904 518 a,
928 452 959 520 ς.
983 444 1013 513 e.
1038 446 1095 513 a..
1260 538 1264 543 ἑ
1405 452 1471 519 est

233 608 317 662 runt
343 596 548 663 censuram?
593 598 681 665 Nam
717 622 792 665 cum
826 603 970 688 equitnm
1001 608 1164 671 centurias
1195 622 1471 696 recognoscerent

235 716 269 768 et
292 706 363 789 ipsi
385 715 517 790 propter
539 705 640 769 robur
663 708 780 772 aetatis
803 709 900 772 etiam
923 730 1010 773 nunc
1027 731 1139 775 eorum
1156 726 1301 778 essente
1324 703 1469 793 numero,

233 821 273 874 ut
289 821 343 874 est
358 810 403 874 ad
416 809 558 876 Polliam
572 824 705 878 uentum
728 814 855 889 tribum,
877 834 997 899 praeco
1013 816 1096 881 lecto
1118 821 1250 883 nomine
1272 822 1467 888 Salinatoris

232 917 408 993 citandum
430 938 537 981 necne
560 918 624 983 sibi
647 930 737 984 esset
757 919 943 985 haesitauit.
991 920 1089 1003 Quod
1110 925 1166 989 ubi
1194 926 1348 991 intellexit
1367 928 1466 1002 Nero,

207 1035 271 1089 set
295 1025 390 1087 citari
412 1023 576 1111 collegam
600 1036 634 1088 et
653 1047 775 1112 equum
798 1029 942 1093 uendere
966 1032 1077 1105 iussit,
1107 1032 1182 1117 quia
1207 1031 1319 1118 populi
1346 1032 1466 1097 iudicio

233 1129 417 1195 mustus
430 1142 529 1195 esset.
560 1131 729 1197 Salinator
738 1154 870 1219 quoque
879 1136 1293 1207 eademanimaduersione
1301 1138 1467 1203 Neronem

233 1246 433 1321 persecutus
457 1247 524 1311 est,
548 1237 679 1301 adiecta
702 1260 823 1313 causa,
847 1242 936 1325 quod
959 1264 1025 1305 non
1049 1244 1180 1307 sincera
1202 1244 1266 1307 tide
1290 1266 1403 1309 secum
1432 1246 1471 1311 in-

233 1342 382 1427 gratiam
405 1340 556 1409 redisset.
604 1343 732 1425 Quibus
761 1346 842 1408 uiris
872 1349 902 1409 si
929 1348 1002 1432 quis
1026 1349 1215 1414 caelestium
1244 1352 1467 1437 significasset

232 1449 383 1511 futurum
405 1457 576 1513 uteorum
605 1452 745 1536 sanguis
772 1451 956 1515 inlustrium
983 1455 1164 1539 imaginum
1193 1457 1278 1519 serie
1307 1454 1465 1531 deductus

194 1556 275 1623 rain
298 1565 405 1617 ortum
428 1553 583 1619 salutaris
599 1557 757 1641 principis
782 1560 885 1621 nostri
902 1558 1088 1633 conflueret,
1112 1558 1270 1643 depositis
1286 1561 1516 1647 inimicitiis]

235 1662 409 1725 artissimo
443 1680 487 1723 se*
509 1662 673 1725 amicitiae
707 1662 840 1726 foedere
875 1665 1074 1738 iunxissem,
1109 1673 1274 1728 seruatam
1309 1664 1351 1727 ab
1381 1665 1464 1749 ipsis

236 1768 379 1854 patriam
415 1768 582 1829 communi
615 1770 708 1853 stirpi
743 1770 942 1835 seruandam
976 1771 1126 1836 relicturi.
1184 1768 1351 1834 Salinator
1383 1791 1464 1833 uero

238 1885 392 1959 quattuor
407 1884 505 1958 atque
528 1874 662 1958 triginta
676 1875 777 1940 tribus
800 1878 883 1940 inter
907 1879 1053 1941 aerarios
1075 1876 1195 1940 referre
1212 1898 1278 1940 non
1296 1874 1464 1951 dubitauit,

239 1982 330 2062 guod,
353 2000 428 2042 cum
445 1998 482 2042 se
498 1978 724 2054 damnassent,
739 1993 858 2067 postea
878 1982 1095 2047 consulemet
1111 2005 1282 2048 censorem
1298 1984 1464 2059 fecissent,

197 2112 231 2158 rs
240 2085 485 2171 praetexuitque
516 2098 672 2157 causam,
708 2089 785 2172 quia
811 2109 952 2153 neeesse
984 2100 1073 2153 esset
1103 2110 1160 2153 eas
1190 2089 1341 2153 alterutro
1376 2090 1463 2153 facto

238 2224 265 2281 ἵ.
285 2230 366 2277 robor
377 2239 425 2294 pr.
442 2225 473 2278 A.
489 2224 501 2294 ΙΙ
515 2223 595 2278 etiarn
618 2242 667 2279 om.
687 2224 724 2279 D.
735 2227 750 2294 ΙΙ
767 2229 848 2296 nunc]
869 2246 931 2281 num
950 2243 1019 2281 corr.
1038 2228 1070 2280 A.
1096 2231 1156 2279 tunc
1175 2228 1212 2282 D.
1230 2228 1243 2295 ΙΙ
1260 2226 1286 2282 4.
1306 2232 1357 2279 sibl
1376 2228 1461 2293 esset]

239 2301 368 2349 subesset
386 2294 476 2362 (1115.
495 2303 523 2349 et
540 2299 625 2365 citari]
646 2301 757 2351 excitari
771 2315 817 2367 pr.
834 2299 866 2350 A.
886 2300 907 2419 'i
921 2298 960 2351 10.
985 2300 1080 2366 nostri]
1106 2305 1165 2350 onte
1190 2302 1316 2349 salutaris
1335 2296 1370 2350 E.
1388 2299 1401 2365 ΙΙ
1422 2295 1461 2348 12.

239 2372 324 2433 stirpe
343 2366 434 2419 BDE
451 2374 478 2419 rt
488 2384 534 2437 pr.
552 2368 639 2436 Atili
661 2364 699 2419 13.
719 2370 811 2435 atque]
837 2374 865 2420 et
909 2368 966 2420 brr.
986 2366 998 2439 ΙΙ
1021 2366 1061 2420 14.
1082 2370 1162 2435 qaod}
1188 2368 1216 2420 ia
1240 2382 1337 2419 rorare
1356 2364 1393 2419 D.
1412 2382 1461 2423 om.

239 2438 327 2492 BCE
345 2445 372 2490 et
383 2454 429 2507 pr.
447 2436 479 2491 A.
487 2442 505 2508 11
515 2443 609 2490 consid
627 2438 660 2491 B.
675 2435 687 2509 ΙΙ
702 2442 740 2506 et]
760 2444 839 2505 atque
861 2438 998 2493 CETora

238 2565 343 2619 tricem
362 2580 433 2627 quae
451 2566 593 2630 opponitur
611 2567 770 2627 obsequenti
788 2567 901 2623 amicae,
920 2567 989 2616 sicut
1006 2568 1033 2616 in
1052 2564 1170 2629 reliquis,
1189 2578 1257 2629 qaae
1271 2565 1298 2613 in
1311 2563 1363 2613 boc
1381 2577 1463 2627 opere

239 2642 382 2688 oecrrmant
399 2637 480 2702 (vill,
497 2631 525 2694 5,
542 2633 560 2687 2
579 2632 704 2687 destricto
723 2634 878 2689 testimonio.
901 2638 948 2692 vl.
968 2633 993 2695 3,
1012 2637 1067 2687 init.
1086 2632 1226 2685 destrictae
1245 2640 1269 2686 ct
1287 2630 1462 2685 iaeaorabiter

239 2705 394 2768 uindictae),
415 2710 570 2758 constanter
587 2709 733 2758 tiernensis
751 2710 826 2766 liber,
841 2710 888 2760 ¹cui
906 2710 951 2760 alii
971 2723 1075 2774 quoquo
1093 2709 1154 2759 boni
1172 2709 1304 2758 interdum
1323 2707 1460 2762 accedunt,

239 2781 467 2846 praepositionem
485 2775 518 2828 dr
535 2780 630 2829 tuetur.
667 2781 855 2842 Metapboram
879 2781 984 2829 ductam
1010 2793 1073 2828 esse
1092 2795 1109 2826 a
1128 2779 1226 2846 gladiis
1245 2779 1391 2835 destrictis,
1418 2778 1462 2842 qui

239 2852 317 2916 proni
335 2852 397 2899 sunt
416 2852 451 2899 sd
463 2851 621 2908 irruendum,
641 2865 702 2906 uon,
723 2854 750 2899 ut
762 2852 884 2913 opinatur
897 2851 1015 2918 Pighius,
1035 2867 1052 2898 a
1064 2851 1293 2917 destringentibus
1305 2850 1332 2898 in
1344 2849 1461 2898 isumrdo

240 2922 361 2985 eorporis
381 2923 485 2978 sordes,
503 2923 655 2984 probabunt
673 2922 742 2970 hacc
760 2921 834 2970 uerbi
859 2917 1020 2986 destringere
1045 2921 1182 2984 exempla,
1207 2919 1276 2970 iram
1301 2915 1462 2984 destringere

239 2994 274 3050 ll,
294 2989 319 3048 i,
341 2986 381 3050 15,
401 2992 457 3048 Vll,
476 2987 501 3050 5,
520 2986 547 3048 2,
567 2992 613 3048 tx,
633 2989 659 3050 2,
678 2987 704 3042 2.
723 2990 869 3042 cursoriam
886 2989 1054 3058 supercilium
1078 2988 1239 3056 destrirmerr
1262 2991 1295 3049 11,
1322 2987 1346 3049 7,
1366 2985 1383 3040 5
1408 3005 1459 3055 quo

241 3080 295 3112 arno
314 3063 371 3111 locu
389 3062 448 3112 eod.
459 3063 537 3114 Bern.
549 3058 719 3128 distringam
739 3060 905 3112 seueritatem
915 3059 1075 3127 destringere
1088 3063 1158 3128 apud
1171 3061 1265 3112 Sencc.
1279 3062 1312 3111 de
1324 3061 1364 3110 ira
1373 3059 1405 3118 ll,
1419 3055 1460 3109 10.

240 3135 311 3183 Nam
330 3132 435 3200 gladios
454 3131 595 3200 destringi,
619 3147 673 3183 non
692 3133 825 3201 distringi,
844 3132 899 3182 iam
916 3134 985 3184 inter
1009 3148 1116 3191 omncs,
1143 3134 1248 3196 opinor,
1268 3131 1399 3182 conuenit.
1419 3129 1458 3179 cf.

240 3203 376 3254 Heindort
395 3205 429 3252 ad
449 3205 511 3255 lior.
530 3209 581 3254 sat.
601 3205 632 3261 il,
656 3201 678 3261 l,
697 3196 740 3254 42.
759 3205 851 3270 ltaque
872 3205 908 3263 V,
926 3197 943 3253 'l
967 3207 1020 3255 ext.
1039 3199 1056 3252 6
1075 3204 1216 3254 emendant
1233 3203 1302 3268 quod
1320 3204 1459 3319 bucusgue

240 3276 395 3342 legebatur,
420 3271 555 3325 districtos
578 3289 721 3326 macrones.
764 3273 836 3324 Male
862 3277 950 3325 autern
973 3276 1090 3326 Orellius
1114 3275 1140 3324 in
1165 3273 1229 3324 Tae.
1255 3273 1304 3320 llil
1329 3287 1389 3319 ann.
1415 3264 1458 3326 ’6,

240 3347 284 3395 ubi
304 3347 388 3394 codex
405 3347 543 3395 Mediceus
562 3348 635 3394 reete
654 3343 805 3396 destrictior
823 3351 962 3396 accusator
980 3348 1101 3403 exbibet,
1126 3359 1141 3393 o
1165 3342 1290 3393 Beroaldi
1309 3339 1460 3390 coniectura

239 3413 388 3467 districtior
404 3417 532 3479 reposuit.
569 3415 627 3466 Vno
646 3417 703 3465 loco
722 3417 749 3466 in
767 3418 819 3465 hoc
838 3431 919 3479 opere
932 3417 1017 3466 altera
1028 3416 1101 3464 notio
1113 3413 1252 3468 inuenitur,
1271 3409 1340 3468 Vlll,
1361 3404 1385 3466 l,
1405 3409 1459 3456 ext.

244 3483 284 3544 15,
304 3488 348 3536 ubi
366 3488 447 3536 etiam
463 3488 490 3536 in
509 3489 567 3535 cod.
585 3487 713 3538 Bernensi
731 3485 929 3539 Themistocles
947 3486 1124 3534 maximarum
1142 3497 1229 3532 rerum
1242 3497 1307 3530 cura
1325 3478 1459 3528 districtus

241 3559 341 3608 dicitur.
378 3559 416 3609 Ct'.
435 3556 502 3622 Nep.
519 3558 606 3609 liann.
625 3553 651 3609 3.

310 3633 433 3695 qaatmor
449 3632 526 3694 atque
543 3627 662 3694 tripinto)
688 3622 805 3677 Duorum
829 3641 998 3676 numerorum
1024 3621 1171 3674 coniunctio
1190 3636 1239 3685 per
1263 3623 1353 3686 atque.
1378 3633 1457 3684 quam

241 3700 392 3749 iubentibus
410 3699 485 3749 libris
504 3701 530 3750 h.
550 3700 566 3750 1.
585 3700 703 3754 restitui,
728 3698 871 3761 peculiaris
890 3697 952 3745 huic
977 3695 1098 3758 scriptori
1123 3693 1173 3744 est.
1201 3693 1240 3742 cf.
1258 3692 1286 3751 l,
1310 3685 1339 3747 8,
1359 3683 1384 3741 b.
1411 3687 1456 3753 lli,

243 3767 267 3827 7,
288 3767 328 3820 to.
352 3770 410 3825 1111.
429 3766 455 3826 4,
477 3766 517 3820 ll.
542 3770 598 3826 llll,
617 3765 643 3826 8,
662 3763 687 3819 3.
712 3769 767 3825 Vll,
787 3763 813 3826 t,
835 3765 858 3818 l.
888 3765 955 3824 Vlll,
978 3761 999 3821 1,
1019 3769 1078 3816 abs.
1100 3761 1140 3816 10.
1176 3760 1253 3828 Apud
1272 3763 1341 3811 alios
1359 3775 1458 3824 prosae

243 3841 368 3890 orationis
387 3843 511 3891 auctores
530 3841 627 3889 similia
645 3839 769 3902 exempla
786 3853 840 3888 uon
858 3836 954 3886 inueni.
990 3835 1100 3886 'lenitus
1119 3850 1178 3886 eam
1198 3834 1321 3898 copulam
1340 3831 1459 3882 adhibuit

244 3928 292 3976 quo
311 3913 463 3963 accuratius
482 3912 705 3978 distinguerentur
723 3912 774 3959 duo
792 3909 908 3964 numeri,
935 3909 978 3973 qul
1000 3908 1084 3972 primo
1104 3907 1214 3968 aspectu
1239 3904 1323 3954 uideri
1345 3903 1458 3966 possent

244 3983 396 4034 cohaerere.
431 3983 524 4044 ltaque
544 3983 554 4030 1
573 3995 634 4032 ann.
647 3975 680 4030 ³7
700 3982 808 4044 scripsit
822 3978 937 4046 primam
956 3991 988 4028 ac
1006 3975 1155 4028 uicesimum
1167 3973 1280 4042 legiones
1297 3976 1323 4021 et
1336 3973 1457 4040 sequenti

244 4053 329 4115 eapite
347 4049 416 4101 darre
433 4047 473 4102 iti
490 4050 617 4116 legiones,
637 4051 730 4117 primo
753 4055 829 4116 otprre
846 4047 986 4102 uicesimo,
1014 4045 1186 4115 aeteroaiqae.
1212 4047 1283 4106 ¹l’er
1308 4057 1356 4110 que
1380 4044 1456 4091 unius

245 4124 344 4172 numeri
361 4124 454 4187 partes
474 4123 664 4172 coniunxerunt
681 4124 758 4172 Corn.
778 4123 844 4184 Nep.
864 4121 920 4174 Cat.
941 4117 964 4170 l.
989 4119 1053 4172 Tae.
1072 4121 1131 4169 hist.
1151 4117 1181 4172 V,
1203 4111 1244 4166 ll.

311 4189 382 4260 qaod
399 4208 455 4243 cam
472 4199 510 4252 se)
537 4193 698 4243 Necessario
723 4208 782 4241 cum
806 4194 940 4255 prioribus
966 4192 1110 4252 editoribus
1134 4186 1160 4234 et
1185 4201 1244 4234 cum
1266 4183 1456 4234 recentioribufl

245 4264 342 4326 aliquot
360 4265 436 4314 libris
455 4264 578 4326 suppleui
595 4258 682 4328 qaod,
704 4264 731 4312 in
750 4263 897 4328 archetypo
917 4263 1007 4312 codice
1025 4257 1095 4306 male
1114 4257 1257 4310 omissumt
1283 4267 1368 4313 neque
1387 4253 1457 4301 enlm

245 4351 335 4392 causa,
354 4351 401 4384 cur
420 4349 515 4385 censor
532 4335 602 4382 inter
620 4336 740 4383 aerarios
759 4335 877 4384 retulerit
894 4333 955 4383 illas
973 4327 1065 4384 tribus.
1089 4341 1121 4375 ⁰²<
1138 4326 1209 4374 illius
1228 4326 1315 4371 ¹¹¹⁰s¹l⁰
1333 4336 1382 4382 Pffl'
1399 4333 1456 4368 cum

245 4407 334 4457 reterri
351 4408 465 4470 poterat,
483 4419 570 4470 neque
589 4406 623 4452 ob
643 4405 774 4469 duplicem
793 4405 898 4468 culpam
917 4399 1042 4452 multatae
1068 4399 1143 4450 sunt,
1170 4393 1241 4454 ⁴11¹0d
1259 4391 1363 4467 Liuium
1383 4390 1456 4437 Μ·

244 4480 337 4528 ramni
355 4480 382 4526 et
400 4477 469 4542 quod
487 4479 585 4540 postea
609 4490 670 4524 oum
694 4475 831 4538 consulem
850 4475 877 4524 et
900 4483 1038 4520 censorem
1057 4465 1189 4520 iecerunt,
1215 4461 1263 4509 sed
1288 4461 1357 4524 quod
1377 4473 1456 4541 quem

244 4551 322 4598 autea
346 4548 540 4597 damnauerunt
562 4547 659 4610 postea
686 4548 797 4598 summis
821 4540 966 4594 honoribus
991 4540 1099 4607 dignum
1123 4531 1311 4583 iudicauerunt.
1353 4529 1457 4579 Excidit

242 4618 321 4686 igitur
338 4617 431 4682 procul
449 4617 528 4667 dubio
546 4613 617 4683 qaod
633 4618 695 4668 ante
714 4630 770 4667 cum
787 4615 881 4679 (quom)
900 4610 1040 4660 scribentis
1059 4619 1157 4658 errore.
1193 4599 1456 4684 Dilemmatis3quod

243 4690 381 4753 proposuit
398 4687 505 4748 Liuius,
524 4687 698 4738 haectenus
716 4690 786 4742 eret,
811 4682 850 4733 ‘Si
867 4681 1033 4733 innocentem
1052 4692 1095 4728 mo
1119 4673 1267 4728 damnastis
1284 4671 1405 4738 periurii,
1432 4672 1456 4723 rt
