3409 5400
281 410 348 547 nr
740 464 1040 547 nemerim.

282 647 373 726 puto,
395 634 553 701 haetenus
577 636 707 701 saeuire
731 633 892 699 aduersus
915 634 1036 718 optime
1063 627 1224 701 meritum
1257 632 1407 700 abunde
1437 633 1546 699 duae·

282 755 366 813 runt.
411 741 515 807 Immo
538 762 580 806 ne
603 764 723 827 corpus
748 742 881 828 quidem
904 741 976 803 eius
1004 740 1051 802 sic
1081 741 1239 841 expirare
1271 744 1394 805 coacti
1425 740 1543 825 sepul⁴

282 864 374 915 turae
396 852 488 935 prius
511 848 663 914 mandari
685 851 779 935 passi
811 858 888 911 sunt
910 868 1009 933 quam
1039 845 1133 910 Cimo
1162 846 1255 910 filius
1286 849 1372 912 eius
1405 848 1541 912 eisdem

282 980 319 1022 se
336 954 475 1045 uinculis
492 952 783 1040 constringendum
799 953 949 1017 traderet.
994 948 1088 1015 Hanc
1102 950 1332 1018 hereditatem
1350 966 1537 1040 paternam

281 1063 415 1129 maximi
444 1060 537 1124 ducis
566 1060 652 1124 lilius
682 1071 713 1123 et
741 1062 868 1123 futurus
897 1061 968 1144 ipse
997 1058 1113 1122 aetatis
1141 1078 1226 1121 suae
1256 1059 1332 1123 dux
1356 1064 1559 1126 maximuss
1614 1119 1615 1122 ,

283 1168 389 1235 solam
413 1186 450 1231 se
474 1168 629 1241 creuisse,
653 1178 787 1230 catenas
812 1178 842 1227 et
865 1182 1041 1238 carcerem,
1065 1162 1199 1250 gloriari
1223 1166 1350 1248 potuit.

372 1272 534 1337 Aristides
552 1274 666 1348 etiam,
690 1292 754 1357 quo
779 1271 875 1333 totius
900 1268 1058 1332 Graeciae
1082 1270 1205 1333 iustitia
1227 1285 1420 1347 censetur,
1452 1296 1532 1339 con·

284 1379 437 1444 tinentiae
461 1398 590 1465 quoque
615 1380 768 1443 eximium
793 1378 972 1460 specimen,
994 1377 1102 1459 patria
1123 1376 1237 1440 iussus
1264 1380 1446 1444 excedere
1473 1400 1532 1443 est.

285 1484 409 1549 Felices
435 1483 593 1559 Athenas,
618 1506 703 1571 quae
729 1494 801 1568 post
830 1482 916 1545 illius
945 1480 1076 1545 exilium
1102 1483 1252 1545 inuenire
1284 1484 1449 1571 aliquem
1475 1505 1530 1551 aut

284 1594 389 1655 uirum
413 1592 533 1655 bonum
558 1601 614 1654 aut
637 1602 800 1655 amantem
824 1588 876 1651 sui
901 1589 1006 1650 ciuem
1029 1596 1215 1672 potuerunt,
1239 1610 1321 1653 cum
1348 1612 1425 1677 quo
1451 1608 1559 1657 tuneo

282 1700 357 1783 ipsa
380 1698 538 1761 sanctitas
562 1695 728 1781 migrauit!

372 1800 606 1865 Themistocles
636 1822 764 1873 eorum,
801 1802 857 1885 qui
890 1801 1054 1886 ingratam
1087 1800 1226 1883 patriam
1264 1806 1404 1887 experti
1435 1821 1527 1869 sunt.

284 1906 527 1971 celeberrimum
552 1906 745 1992 exemplum,
769 1926 842 1969 cum
867 1905 956 1969 illam
979 1906 1186 1979 incolomem,
1208 1905 1352 1981 claram,
1378 1912 1524 1996 opulen-
1614 1963 1615 1966 ,

284 2024 360 2088 tam,
384 2013 563 2098 principem
587 2014 745 2077 Graeciae
767 2010 981 2086 reddidisset,
1005 2034 1045 2073 eo
1069 2032 1173 2097 usque
1197 2014 1306 2076 sensit
1327 2016 1521 2087 inimicam,

282 2132 318 2185 ut
341 2119 383 2183 ad
405 2117 540 2195 Xerxis,
571 2142 667 2207 quern
695 2118 793 2206 paulo
824 2128 899 2182 ante
923 2119 1140 2190 destruxerat,
1168 2140 1235 2183 non
1265 2118 1424 2187 debitam
1457 2123 1553 2186 sibiu

282 2226 542 2293 misericordiam
565 2228 737 2314 perfugere
760 2246 900 2288 necesse
923 2224 1067 2289 haberet.

370 2333 519 2399 Phocion
541 2355 632 2411 uere,
654 2329 707 2397 his
732 2330 873 2404 dotibus,
897 2352 982 2416 quae
1007 2330 1050 2395 ad
1073 2339 1093 2407 †
1114 2332 1312 2417 pariendum
1337 2332 1517 2403 hominem

283 2477 307 2532 1.
326 2480 437 2529 amenus
455 2474 487 2532 A.
499 2474 513 2545 11
525 2477 635 2545 optime]
654 2478 723 2527 bene
741 2470 797 2543 llll
819 2470 844 2525 2.
864 2488 914 2523 nec
931 2469 996 2524 Fet
1012 2486 1082 2524 corr.
1100 2468 1239 2595 0.11111ο111
1256 2472 1289 2528 F.
1345 2481 1467 2543 expiare
1485 2477 1516 2531 Γ.

294 2545 346 2613 113.
366 2550 453 2599 cimon
469 2546 615 2601 ACEFI’
631 2552 656 2599 et
668 2552 731 2615 port
750 2558 809 2597 erus
830 2540 907 2595 Torr.
934 2540 969 2594 Vt
985 2558 1033 2594 nor
1048 2542 1113 2594 Pur.
1161 2542 1199 2597 td.
1218 2543 1255 2597 od
1316 2545 1343 2601 1.
1366 2546 1395 2603 1.
1418 2547 1515 2601 aad

284 2615 387 2740 platus]
412 2632 461 2671 om.
489 2616 518 2669 C.
542 2620 599 2669 eius
615 2645 627 2670 s
641 2645 654 2670 .
672 2616 702 2670 Α.
729 2618 849 2669 eiusdem
867 2610 961 2666 EFF.
981 2613 993 2683 ΙΙ
1013 2614 1114 2665 eisdem
1137 2630 1187 2667 om.
1212 2614 1273 2682 hp
1293 2614 1320 2670 4.
1342 2621 1465 2671 uinculis
1485 2637 1514 2672 se

306 2701 361 2738 orr.
373 2684 386 2753 ΙΙ
398 2683 423 2740 ii.
442 2686 573 2754 creuisse]
593 2691 713 2740 sortitum
732 2689 817 2739 tuisse
835 2682 869 2738 Ε.
888 2686 1018 2738 creuisset
1035 2682 1067 2737 F.
1086 2686 1178 2738 adisse
1195 2684 1227 2741 Γ.
1244 2685 1258 2755 ΙΙ
1276 2686 1302 2743 l.
1320 2690 1392 2757 quo]
1418 2694 1466 2758 qui
1483 2689 1514 2744 P.

292 2755 306 2824 ΙΙ
318 2755 409 2820 totius]
430 2758 507 2808 eitius
525 2756 561 2810 D.
573 2755 586 2824 ΙΙ
598 2759 715 2810 iustitiae
733 2757 765 2813 Γ.
781 2758 795 2826 ΙΙ
812 2758 988 2808 continentiae
1007 2757 1123 2823 quoquc]
1149 2760 1385 2824 continentiaeque
1405 2760 1440 2815 Γ.
1458 2763 1474 2832 ΙΙ
1489 2762 1514 2816 8.

282 2827 413 2880 excedere
431 2827 523 2877 iussus
542 2825 567 2878 Γ
574 2826 651 2882 Torr.
681 2825 714 2879 Vt
731 2843 778 2880 nor
797 2827 875 2878 etiam
892 2827 956 2880 Por.
984 2823 1045 2878 Vici.
1064 2824 1101 2878 ad
1117 2824 1169 2883 ΙΙΙ,
1189 2826 1217 2884 3.
1239 2825 1263 2881 l.
1274 2828 1290 2896 ΙΙ
1300 2825 1473 2884 &athenae
1481 2833 1513 2886 F.

292 2892 361 2964 1110.
380 2896 476 2963 ciuem]
496 2893 559 2947 add.
577 2913 629 2948 nou
647 2893 679 2951 Γ.
693 2901 706 2964 11
722 2896 763 2950 11.
782 2901 912 2948 sauctitas
924 2901 986 2963 ipsa
998 2895 1029 2950 Γ.
1043 2895 1055 2963 ΙΙ
1072 2895 1112 2951 ti.
1130 2901 1309 2952 themistocles
1325 2901 1379 2962 (sie
1391 2905 1514 2972 saepae

282 2965 320 3019 D.
334 2961 347 3036 ΙΙ
363 2960 403 3018 13.
422 2965 579 3019 incolumem
588 2965 632 3028 (A)
649 2982 705 3018 cum
724 2965 833 3033 reliquis
851 2973 876 3019 et
895 2968 972 3020 Torr.
995 2965 1055 3023 Vid.
1073 2983 1132 3020 ser.
1149 2969 1240 3038 script
1256 2987 1286 3038 p.
1308 2969 1372 3030 119,
1392 2972 1452 3039 411
1471 2972 1512 3028 ll

282 3053 316 3089 ac
335 3037 479 3102 principem
497 3035 534 3090 D.
546 3037 559 3104 ΙΙ
573 3034 614 3089 15.
633 3039 666 3088 ad
686 3037 796 3104 Xerxis]
816 3042 938 3090 arxerxis
952 3054 998 3107 pr.
1015 3037 1047 3093 Α.
1066 3040 1157 3092 xerxis
1169 3055 1220 3094 om.
1229 3056 1275 3108 pr.
1290 3040 1320 3095 0.
1340 3045 1468 3096 adextris
1480 3043 1511 3099 F.

293 3109 299 3176 Ι
320 3123 400 3174 quam
417 3103 448 3160 F.
462 3103 474 3177 ΙΙ
488 3109 697 3160 mirericordiam
715 3109 766 3158 sibi
783 3105 812 3162 F.
824 3105 837 3176 ΙΙ
852 3107 893 3162 lii.
911 3111 1053 3178 perfugere
1071 3139 1107 3152 -
1124 3107 1195 3178 (ti.)
1211 3112 1287 3179 uero]
1310 3111 1340 3164 itt
1357 3129 1464 3168 rorare
1480 3115 1511 3169 Δ.

295 3180 301 3252 Ι
325 3173 366 3233 17.
385 3178 437 3245 his]
457 3181 490 3232 iis
508 3177 543 3231 Ε.
555 3176 568 3244 ΙΙ
580 3179 730 3242 pacandum
750 3176 826 3234 Torr.

282 3307 429 3358 cohaerere
448 3319 507 3354 eum
526 3304 756 3366 praecedentibus,
775 3305 799 3354 si
818 3320 877 3354 curn
897 3307 1031 3355 codicibus
1050 3306 1200 3356 scribamus
1228 3304 1263 3358 Vt
1281 3312 1350 3375 peto
1369 3305 1509 3367 tutem.

282 3378 407 3430 senserat
424 3375 545 3442 Pighius,
565 3374 609 3435 qui
627 3376 717 3426 temen
734 3374 805 3426 maie
824 3376 886 3425 ante
903 3380 934 3426 ut
956 3377 1154 3427 aduersatiuam
1176 3379 1336 3440 particulam
1355 3379 1421 3443 sed,
1448 3389 1511 3434 aute

282 3445 412 3498 duremur
429 3445 600 3512 negationem
618 3459 669 3498 non
686 3447 864 3509 interpolauit.
901 3447 1120 3498 Emendationem
1144 3449 1212 3498 adeo
1233 3452 1408 3512 prohabilem
1429 3457 1458 3504 ut
1477 3457 1510 3504 ‹ie

282 3515 435 3578 recipienda
452 3531 506 3566 non
524 3517 698 3567 dubitauerim
716 3516 856 3580 proposuit
874 3517 1036 3576 Perizonius,
1056 3520 1100 3579 qui
1118 3521 1272 3570 utmutauit
1283 3523 1312 3572 in
1325 3527 1363 3574 at.
1400 3524 1510 3576 Dictum

282 3587 370 3636 autem
395 3587 439 3642 est,
459 3582 605 3657 εἰρωνικῶς.
643 3589 718 3646 Quae
741 3589 866 3652 loquendi
888 3588 955 3637 ratio
980 3589 1150 3638 confirmatur
1173 3591 1263 3641 multis
1286 3594 1432 3655 exemplis.
1471 3598 1510 3648 Cf.

282 3657 359 3710 Ouid.
376 3657 438 3709 met.
457 3657 499 3716 111,
517 3653 580 3712 266,
599 3657 645 3716 Xi,
663 3653 725 3712 tei.
742 3658 778 3710 id.
797 3673 830 3706 cx
850 3657 926 3710 Pont.
945 3658 964 3717 i,
983 3655 1009 3716 2,
1028 3654 1072 3712 43.
1091 3661 1173 3726 Vorg.
1192 3658 1258 3712 Aeo.
1278 3662 1336 3722 vll,
1356 3657 1421 3717 291.
1447 3665 1509 3719 Ter.

280 3723 387 3778 Phonn.
408 3727 437 3786 V,
456 3721 482 3787 ll,
501 3723 544 3781 42.
563 3729 616 3782 Cle.
635 3743 683 3792 pro
701 3728 786 3780 Delot.
805 3723 831 3786 ti,
853 3724 885 3778 lli
904 3733 955 3781 etc.
995 3729 1144 3780 Probarunt
1167 3729 1298 3782 Perizouii
1323 3735 1509 3788 coniecturam

281 3796 424 3845 Torrenius
442 3801 469 3847 et
486 3799 615 3862 Kappius.
1291 3856 1295 3863 ,

351 3863 483 3919 Aristides
500 3867 587 3926 etiem)
604 3869 642 3920 Cf.
662 3871 738 3922 Corn.
758 3869 824 3933 Nep.
843 3870 925 3921 Arist.
945 3865 969 3920 1.
987 3870 1053 3922 Ptut.
1072 3870 1152 3923 Arist.
1171 3869 1196 3924 l.

354 3933 535 3990 Themistocles
552 3945 651 4002 eorum)
669 3941 707 3992 Cf.
726 3943 802 3992 Corn.
824 3941 891 4003 Nep.
909 3940 1004 3991 Them.
1022 3938 1047 3992 8.
1066 3942 1134 3992 Prot
1152 3940 1248 3996 Thom.
1267 3939 1311 3996 tt.

352 4011 381 4056 ut
399 4003 435 4056 ad
451 4005 561 4069 Xersis)
578 4011 673 4060 Possis
686 4011 818 4074 suspicari
833 4011 918 4061 latere
931 4013 959 4065 in
970 4013 1066 4061 mendo
1079 4013 1179 4064 codicis
1195 4015 1343 4065 Beruensis
1361 4021 1509 4079 (mertis)

281 4092 378 4130 nomen
396 4077 566 4138 Artaxerxis,
591 4081 661 4144 apud
686 4096 763 4146 quern
787 4095 855 4131 sane
873 4083 1000 4131 exulasse
1019 4081 1227 4133 Themistoclem
1250 4089 1363 4137 narrant
1382 4089 1508 4158 Thucyd.

282 4147 302 4208 l,
324 4142 383 4207 lit,
403 4163 516 4214 eumque
534 4153 642 4200 secutus
662 4151 799 4202 Cornelius
819 4151 911 4214 Nepos
929 4154 947 4204 1.
966 4168 1003 4210 c.,
1026 4165 1113 4218 nequo
1136 4155 1213 4204 aliter
1230 4149 1381 4208 tradiderat
1399 4163 1507 4214 Charon

280 4221 495 4285 Lampsacenus.
535 4219 570 4269 st
592 4220 712 4283 plerique
730 4221 757 4272 in
776 4236 810 4272 aa
830 4222 954 4284 opinione
977 4225 1068 4281 erant,
1092 4223 1184 4274 Xerxe
1208 4227 1348 4278 etiamtum
1372 4242 1507 4300 regnante

280 4289 489 4342 Themistoclem
506 4291 533 4340 in
551 4285 644 4340 Asiam
662 4292 813 4349 transiisse,
835 4293 865 4340 ot
881 4291 1021 4355 Ephorus,
1045 4293 1122 4355 Dino,
1148 4296 1314 4357 clitarchus,
1335 4300 1505 4363 Heraclides,

279 4363 350 4414 teste
367 4362 518 4415 Plutarcho.
554 4361 593 4412 Cf.
606 4360 724 4428 Wagner
742 4363 775 4411 de
787 4361 968 4413 Themistocle
987 4364 1065 4413 exule
1082 4365 1109 4414 in
1126 4367 1251 4419 zeitschr.
1270 4368 1504 4428 fiaiterthumssr.

283 4427 359 4485 1847.
377 4448 404 4486 n.
421 4429 465 4485 25.
495 4434 559 4483 Cum
583 4431 625 4481 his
651 4431 749 4481 iecisse
771 4433 908 4483 Valerium
932 4434 1098 4484 demonstrat
1121 4449 1180 4485 cum
1203 4437 1354 4492 Parideuse
1378 4459 1504 4510 compen·

281 4503 365 4562 dium,
389 4505 559 4563 tumuerba,
585 4515 655 4564 quae
673 4501 763 4552 statim
782 4503 942 4565 sequuntur,
1052 4504 1136 4570 poulo
1159 4512 1219 4559 aare
1237 4505 1422 4570 damnat,
1449 4519 1502 4566 tum

282 4573 400 4625 eiusdem
420 4574 493 4624 exiiii
512 4573 727 4625 commemoratio
747 4573 815 4633 Vili,
836 4568 860 4631 l,
880 4575 933 4626 ext.
953 4518 1040 4626 illm

350 4639 465 4708 Phocion
481 4644 555 4710 ueto)
574 4645 613 4699 ct.
631 4643 698 4709 Nep.
716 4643 798 4698 Phoc,
817 4639 842 4695 4.
857 4641 928 4696 Plut.
947 4645 1028 4701 Phoc,
1046 4639 1161 4700 3447.

352 4707 389 4762 ad
405 4712 593 4778 ‘spariendum
617 4711 753 4778 hominem)
776 4715 851 4768 Vnus
875 4716 921 4776 qui
942 4714 1069 4767 librorum
1092 4720 1252 4782 scripturam
1272 4719 1436 4788 ρσήειιώιι
1458 4724 1503 4778 ho-
