3409 5400
550 457 634 526 LIB.
656 458 745 539 Vnt,
768 461 805 528 0.
830 464 860 539 l,
884 472 914 541 ς.
938 466 1050 535 4-7.
1359 482 1424 551 ete

93 636 101 677 r
175 620 305 685 sacris
330 620 394 686 tuis
417 628 528 687 castas
552 640 683 708 semper
706 622 841 689 admoui
864 646 995 702 manus,
1018 628 1112 694 effice
1132 642 1166 696 ut
1187 633 1252 699 boe
1275 636 1423 707 hauriam

93 748 100 785 ι
177 747 202 789 e
232 724 351 791 Tiberi
373 748 494 813 nquam
517 737 550 792 et
577 728 610 792 in
635 727 752 794 aedem
776 740 864 797 tuam
894 732 1076 817 perferam'.
1123 736 1301 807 Audacitcr
1324 754 1356 809 et
1378 757 1423 809 te·

93 856 99 895 r
177 852 287 897 mere
309 832 403 899 iactis
427 834 512 899 notis
535 834 719 901 sacerdotis
741 858 851 903 rerum
875 840 950 925 ipsa
972 850 1091 907 natura
1113 845 1222 911 cessit.

285 936 366 1003 Item
389 937 427 1005 1..
451 937 532 1005 Piso
555 962 577 1005 a
599 938 638 1005 1..
655 940 791 1007 Claudio
807 942 949 1010 Pulchro
973 962 1164 1025 accusatus,
1189 953 1277 1037 quod
1301 976 1421 1042 graues
1433 958 1463 1027 t.

93 1071 102 1111 c
143 1055 221 1109 set
252 1043 477 1111 intolerabiles
506 1045 644 1111 iniurias
678 1050 780 1115 sociis
815 1050 993 1128 intulisset,
1030 1051 1122 1120 baud
1156 1056 1275 1125 dubiae
1309 1063 1422 1127 ruinae

93 1159 100 1220 i
180 1161 318 1216 metum
341 1152 472 1217 fortuito
496 1152 617 1219 amilio
640 1154 766 1221 uitauit.
816 1155 968 1245 Namque
995 1181 1054 1247 per
1082 1161 1117 1225 id
1145 1163 1253 1247 ipsum
1281 1178 1422 1252 tempus,

93 1291 96 1331 1,
183 1278 260 1344 quo
284 1258 394 1324 tristes
417 1256 459 1321 de
482 1278 522 1324 eo
546 1262 732 1335 sententiae,
750 1262 952 1343 ferebantur,
978 1269 1150 1351 repentina
1172 1270 1223 1335 uis
1248 1272 1350 1337 nimbi
1373 1277 1422 1339 in·

107 1420 116 1435 ,
183 1362 289 1438 cidit,
321 1385 461 1453 cumque
491 1375 675 1451 prostratus
704 1366 795 1433 humi
822 1370 924 1456 pedes
953 1370 1099 1439 indicum
1128 1374 1347 1455 oscularetur,
1382 1402 1420 1445 os

92 1489 100 1549 ‘1
184 1494 291 1537 suum
315 1494 420 1537 caeno
442 1472 588 1557 repleuit.
642 1471 740 1555 Quod
768 1488 982 1561 conspectum
1013 1489 1114 1547 totam
1142 1484 1369 1567 quaestionem
1401 1507 1422 1551 a

92 1601 99 1657 t
143 1606 174 1651 rr
185 1578 370 1645 seueritate
393 1578 437 1645 ad
459 1578 668 1646 clementiam
691 1591 723 1645 et
743 1582 1028 1649 mansuetudinem
1045 1586 1216 1662 transtulit,
1241 1590 1317 1675 quia
1339 1592 1420 1657 satis

93 1709 99 1769 ¹,
186 1686 261 1751 iam
286 1707 408 1773 graues
431 1707 507 1751 eum
535 1708 663 1773 poenas
691 1688 794 1753 sociis
824 1688 958 1754 dedisse
982 1690 1126 1757 arbitrati
1149 1704 1241 1768 sunt,
1270 1693 1334 1759 huc
1364 1694 1420 1761 de·

92 1783 99 1877 '2
187 1791 327 1857 ductum
356 1794 563 1859 necessitatis
591 1806 626 1859 ut
653 1793 782 1861 abicere
811 1816 849 1859 se
879 1807 945 1861 tum
975 1797 1163 1885 suppliciter
1193 1810 1248 1865 aut
1276 1800 1420 1867 attollere

188 1907 260 1963 tam
284 1898 472 1965 deformiter
494 1910 676 1987 cogeretur.

92 2080 98 2114 c
283 2004 484 2071 Subnectam
506 2006 591 2071 duos
614 2015 844 2073 accusatorum
868 2030 1002 2074 suorum
1026 2010 1123 2097 culpa
1150 2011 1328 2080 absolutos.
1377 2012 1459 2095 Q.7.

92 2139 96 2189 ;
151 2110 331 2181 tellauius
355 2111 428 2177 aC.
444 2109 580 2177 Valerio
603 2113 701 2179 aedili
724 2113 810 2199 apud
835 2116 990 2201 populum
1008 2138 1083 2181 rcus
1107 2127 1209 2195 actus,
1235 2142 1308 2185 cum
1325 2130 1417 2207 quat·

93 2323 97 2329 ,
193 2270 218 2323 l.
238 2272 380 2323 sacrificiis
397 2268 460 2325 Dl'.
473 2269 487 2339 ΙΙ
503 2273 556 2323 tuis
574 2287 624 2325 oet.
643 2270 669 2325 l'
685 2278 710 2325 et
722 2288 767 2341 pr.
786 2270 823 2325 D.
834 2271 848 2339 ΙΙ
860 2277 949 2326 amnui
968 2272 995 2326 F.
1008 2272 1021 2341 ΙΙ
1033 2276 1095 2341 hoc]
1116 2278 1186 2327 hunc
1204 2274 1227 2329 A
1234 2274 1315 2331 CEF
1317 2276 1347 2330 Γ.
1366 2280 1419 2329 boe

192 2344 282 2395 cribro
299 2341 335 2395 D.
347 2343 361 2409 ΙΙ
373 2344 475 2393 auriam
489 2358 536 2410 pr.
553 2340 585 2397 Δ.
597 2341 649 2413 112.
668 2346 762 2395 eodem
780 2343 810 2397 F.
824 2342 837 2413 ΙΙ
858 2348 987 2397 audacter
1005 2344 1100 2399 ΜΤ.
1120 2344 1132 2415 ΙΙ
1151 2343 1177 2397 4.
1196 2348 1262 2399 item
1280 2363 1330 2401 om.
1350 2345 1381 2401 Γ.
1392 2347 1406 2416 ΙΙ

193 2430 211 2465 a
230 2414 260 2466 P.
280 2414 390 2465 Claudio
411 2411 487 2466 Torr.
499 2411 513 2479 ΙΙ
524 2410 550 2466 5.
569 2417 651 2465 sociis
671 2416 782 2466 iniurias
800 2416 835 2471 Ε.
847 2416 862 2485 ΙΙ
874 2421 920 2466 ortt
937 2414 968 2469 F.
984 2413 996 2483 ΙΙ
1011 2412 1035 2467 ll.
1056 2432 1117 2468 nem
1132 2432 1178 2485 pr.
1198 2415 1235 2470 D.
1251 2420 1263 2485 ii
1278 2416 1303 2471 i.
1326 2420 1416 2469 tristes

194 2486 245 2536 deo
264 2482 297 2536 Δ.
315 2485 348 2535 do
366 2486 427 2549 ipso
444 2486 536 2535 tristes
554 2483 586 2537 F.
602 2485 616 2553 ΙΙ
633 2487 727 2536 cecidit
744 2484 776 2539 F.
792 2486 806 2555 ΙΙ
823 2482 848 2541 8.
868 2489 939 2539 homi
962 2489 1112 2549 prostratus
1132 2486 1163 2541 F.
1180 2486 1194 2555 Η
1211 2490 1333 2539 imiicinm
1353 2485 1381 2539 0.
1392 2489 1406 2557 Η

194 2556 332 2607 menistris
349 2553 381 2607 F.
397 2553 412 2622 ii
430 2551 457 2611 ii.
474 2571 528 2619 ouo
546 2559 657 2621 aspectu
675 2554 704 2608 F.
720 2556 735 2623 ΙΙ
751 2557 946 2624 quaestionem]
973 2560 1126 2611 concionem
1145 2557 1181 2611 Ε.
1198 2559 1212 2627 ΙΙ
1224 2576 1241 2608 a
1259 2560 1415 2625 seueritate}

93 2663 94 2670 .
194 2632 255 2679 orte
272 2627 456 2691 quaestionem
474 2623 512 2679 D.
531 2628 565 2677 ad
584 2629 756 2678 seueritatem
770 2643 814 2696 pr.
833 2628 866 2682 Α.
878 2628 892 2695 ΙΙ
907 2626 946 2681 li.
966 2627 1038 2693 eum]
1058 2644 1161 2681 erasnm
1173 2627 1203 2682 Γ.
1216 2627 1229 2694 ΙΙ
1241 2630 1333 2693 sociis]
1354 2626 1416 2681 odd.

93 2756 94 2779 ,
194 2715 255 2750 eum
275 2694 306 2750 Γ.
324 2697 337 2765 ΙΙ
355 2700 478 2750 dedisset
495 2695 527 2751 F.
546 2695 559 2766 ΙΙ
579 2699 708 2749 deductus
732 2713 803 2754 corr.
822 2700 858 2754 Ε.
883 2703 1024 2752 adductum
1043 2699 1072 2753 F.
1088 2702 1102 2768 ΙΙ
1120 2699 1162 2753 12.
1181 2701 1237 2766 etri}
1262 2703 1289 2752 ei
1307 2699 1335 2752 F.
1347 2700 1360 2765 ΙΙ
1375 2699 1415 2752 ii.

93 2825 95 2846 h
195 2771 356 2822 Subnectam
373 2797 410 2812 -
427 2768 569 2821 absolutos
593 2784 642 2821 oar.
660 2767 686 2822 Γ
685 2804 693 2819 .
707 2769 721 2835 ΙΙ
738 2775 768 2832 Q.
788 2771 910 2837 Ftnuius]
935 2771 1095 2823 Praenomra
1118 2787 1166 2824 om.
1186 2769 1217 2824 Γ.
1241 2768 1303 2824 aad.
1323 2773 1417 2841 Augur

93 2900 94 2909 ἵ
198 2839 274 2894 Torr.
285 2841 299 2911 ΙΙ
313 2837 353 2894 lb.
372 2858 391 2892 a
408 2840 450 2908 0.]
469 2839 498 2894 r'tr
515 2854 613 2894 tustra
629 2839 661 2892 Α.
673 2838 687 2908 ΙΙ
698 2843 787 2893 acuite
803 2841 836 2896 A.
857 2845 919 2894 editi
937 2840 973 2893 D.
988 2839 1000 2910 ΙΙ
1015 2842 1097 2909 apud]
1117 2844 1151 2892 ad
1169 2840 1300 2903 (EiTorr.

264 2989 294 3035 at
315 2982 365 3036 icc
385 2981 519 3046 Marion)
539 2985 666 3035 Montium
690 2985 830 3050 archetypi
856 2985 954 3036 codicis
973 2989 1002 3036 nt
1024 2982 1091 3035 lene
1113 2981 1249 3042 Mariam,
1272 2984 1374 3035 iiinium
1399 3001 1417 3035 n

198 3059 285 3107 uetere
309 3057 424 3121 quodem
447 3056 568 3113 librario.
594 3055 715 3120 quinon
739 3057 868 3107 intellexit
891 3057 1045 3120 pronomine
1069 3056 1279 3106 demonstratiuo
1302 3057 1416 3107 cribrum

197 3128 315 3178 denotari
333 3128 402 3177 iuter
419 3127 599 3188 precationem
617 3127 741 3176 manibus
760 3129 910 3190 porrectum
933 3128 1047 3193 ideoque
1065 3127 1200 3178 coniunxit
1221 3124 1288 3176 lonc
1311 3140 1415 3192 equom.

93 3204 94 3265 J
199 3200 249 3248 iam
268 3198 443 3247 recentiorum
460 3196 580 3246 codicum
598 3195 698 3246 librarii
715 3199 891 3249 stratuieruni.
927 3197 1116 3249 Necessarium
1134 3197 1241 3246 omniuo
1260 3210 1323 3248 esse
1341 3199 1414 3246 iilum

199 3268 273 3318 cribri
291 3266 514 3334 significationem
532 3280 610 3316 nemo
629 3271 673 3316 est
690 3267 752 3331 quin
770 3269 878 3318 sentiat.
914 3269 979 3332 ipso
991 3269 1153 3331 precationis
1172 3266 1312 3317 sollemnia
1332 3268 1415 3316 uerba

93 3396 94 3403 p
200 3354 249 3388 arra
264 3339 402 3388 etiamtum
421 3338 510 3386 aetate
528 3335 649 3386 extitisse
667 3337 781 3386 testatur
799 3339 865 3388 Piin.
884 3338 902 3388 i.
921 3353 944 3388 e.

266 3405 292 3462 li.
309 3405 343 3460 Is.
361 3405 424 3458 Piae
442 3420 460 3456 tt
476 3403 511 3458 1..
529 3401 639 3456 ciendo
656 3403 779 3466 rubero)
806 3409 846 3458 ile
872 3407 903 3458 1..
921 3408 1018 3457 Pisone
1037 3407 1201 3462 Caesonino,
1229 3407 1256 3456 C.
1274 3404 1331 3455 iulii
1351 3407 1416 3456 Cuc-

93 3482 94 3487 ’
202 3482 267 3531 soris
285 3493 390 3536 socero,
414 3479 449 3530 cf.
467 3476 612 3527 Drumanu.
634 3477 730 3543 gesen.
745 3477 827 3526 Roma
845 3477 884 3531 li.
908 3493 935 3540 p.
957 3472 992 3528 es
1016 3480 1043 3527 et
1066 3489 1143 3538 seqq.
1179 3475 1315 3525 Claudium
1335 3476 1416 3532 ilium.

203 3564 275 3618 qrtetu
293 3550 369 3602 Paris
387 3549 447 3599 solo
466 3547 624 3615 cognomino
641 3546 783 3597 Pulchrum
802 3547 933 3610 appellnt,
953 3547 1121 3597 notissimum
1140 3546 1213 3595 iilum
1232 3547 1260 3596 P.
1280 3547 1416 3596 Cinrniium

203 3624 244 3674 nei
259 3623 375 3673 clodium
393 3621 441 3685 (ci.
457 3619 549 3670 Drum.
568 3617 605 3676 li,
633 3632 659 3679 p.
676 3612 765 3679 soon,
794 3618 929 3668 Ciceronis
953 3619 1085 3667 inimicum
1115 3617 1201 3666 inisse
1226 3618 1418 3667 demonstrauit

204 3680 305 3762 Pighius
327 3694 355 3743 in
378 3707 439 3743 ann.
463 3704 490 3743 ι.
508 3683 569 3740 titt.
610 3687 767 3739 Perbibetur
789 3690 878 3738 autem
902 3703 972 3758 gons
995 3689 1106 3738 Claudia
1129 3688 1236 3738 omnino
1259 3689 1417 3751 rcpmiinsso

204 3766 271 3815 imcil
289 3777 466 3828 praenomen,
484 3763 628 3824 postquam
651 3773 667 3808 e
690 3757 795 3807 duobus
821 3760 966 3826 gentilibus
990 3774 1023 3810 eo
1041 3757 1168 3823 praeditis
1193 3759 1261 3809 aiter
1280 3760 1416 3816 latrocinii,

204 3837 287 3888 caesiis
309 3837 378 3886 aiter
401 3833 539 3884 conuictus
562 3832 628 3882 erat.
670 3828 710 3881 Gi.
733 3826 808 3880 Suet.
830 3831 890 3883 Tib.
917 3829 939 3883 l.
970 3829 1023 3882 Sed
1048 3846 1107 3880 cum
1133 3830 1240 3880 codices
1264 3832 1416 3880 constanter

204 3909 261 3958 iiinti
278 3907 416 3964 retineant,
434 3904 500 3955 nihil
517 3902 671 3953 mutandum
689 3900 752 3950 darni
770 3903 879 3965 propter
897 3916 1007 3952 causum
1021 3901 1172 3964 expositam
1184 3901 1209 3950 in
1230 3903 1314 3964 prnci'.
1333 3918 1358 3964 p.
1371 3897 1415 3952 33.

268 3976 293 4030 i.
311 3976 344 4035 Q.
361 3972 482 4036 Flauias)
498 3974 609 4042 Pighius
627 3987 644 4021 e
661 3972 766 4022 duobus
784 3973 930 4027 codicibus.
951 3973 1142 4023 Poimanniuno
1162 3972 1189 4021 ct
1206 3970 1331 4029 Susirmo,
1351 3987 1414 4036 quo·

206 4065 256 4101 nrm
273 4050 406 4115 quodnam
414 4047 527 4111 pretium
546 4045 582 4093 sit
595 4043 706 4107 saepius
715 4043 769 4092 iam
779 4043 999 4112 significauimus‚
1010 4048 1071 4107 post
1080 4055 1176 4095 nomen
1186 4043 1270 4092 Flectit
1280 4043 1416 4092 adiecerat

206 4121 321 4186 Aspar,
352 4119 422 4185 qtrod
445 4118 472 4168 in
499 4115 620 4179 Theoph.
646 4114 880 4180 Cheieocondyino
909 4129 1013 4182 quoquc
1042 4115 1157 4164 editione
1185 4117 1277 4164 estare
1302 4115 1416 4162 testatur

208 4192 328 4243 Vorstius.
370 4189 424 4240 Sed
447 4187 575 4238 omittitur
597 4199 650 4234 non
672 4185 760 4234 solum
782 4185 809 4236 in
834 4186 957 4238 omnihus
982 4185 1049 4234 mels
1068 4185 1203 4234 codicibus
1222 4187 1301 4248 nique
1320 4182 1416 4231 'sorre-

207 4264 293 4321 nimis,
311 4275 403 4312 uerum
421 4260 503 4310 etiam
520 4259 547 4308 in
565 4256 669 4306 Paridis
687 4256 803 4319 epitome
816 4258 955 4309 Vaticana.
992 4257 1114 4307 Ceterum
1129 4255 1239 4321 Pighius
1259 4257 1286 4302 et
1304 4253 1416 4301 colorus

209 4337 268 4386 hate
283 4335 318 4383 etl
335 4333 409 4383 illum
427 4331 465 4382 Μ·
483 4329 605 4380 Πὸΰῑΰῦὶ
623 4327 775 4384 ffliulel'fflli·
797 4344 876 4391 quent
897 4329 989 4378 Liuius
1008 4327 1076 4384 Vlll,
1094 4322 1129 4376 22
1147 4325 1254 4373 tradidit
1273 4321 1370 4386 populo
1389 4321 1418 4370 iu

209 4405 290 4456 matris
308 4404 401 4454 iuuere
419 4401 624 4454 uiscerationem
642 4397 763 4455 dedisse.
782 4403 810 4450 ut
827 4415 876 4464 per
894 4400 1013 4462 speciem
1031 4397 1203 4447 honorandae
1223 4393 1342 4456 parentis
1361 4405 1421 4440 me·

209 4479 276 4528 ritem
294 4476 444 4526 mercedem
462 4471 561 4537 populo
580 4469 708 4528 solueret,
725 4473 794 4534 qood
814 4486 875 4522 oum
894 4472 936 4522 die
954 4471 1027 4519 dicta
1038 4469 1073 4516 ab
1086 4465 1216 4516 aeditibus
1233 4463 1342 4512 crimine
1362 4463 1423 4510 stu·
1503 4465 1530 4467 “”

211 4554 292 4613 pratae
301 4546 394 4597 matris
404 4545 523 4596 familiae
532 4540 705 4592 absoluisset.
731 4539 920 4592 Assentiuniur
932 4539 1028 4608 Pighio
1043 4537 1111 4586 Liuii
1126 4535 1292 4598 interpretes.
1323 4531 1421 4598 Nequ·

210 4635 255 4688 ego
270 4618 416 4676 abnuerim,
434 4613 558 4678 quamuis
576 4612 756 4674 discrepantia
773 4613 809 4663 eit
824 4613 851 4663 in
865 4611 1045 4676 praenomine.

177 4718 183 4730 ·
270 4703 286 4740 a
305 4686 335 4742 C.
357 4684 464 4741 Valerio
475 4680 567 4745 neem)
585 4678 667 4734 aedili
678 4696 713 4734 ex
725 4685 837 4754 utroque
848 4684 940 4736 codice
954 4678 1119 4734 Beroiinensi
1134 4677 1271 4736 reuocauit
1283 4673 1397 4730 Vorstir
