3409 5400
339 495 382 566 tt

336 673 496 762 mologia,
520 672 559 738 de
583 669 748 738 scribendi
770 670 897 735 ratione
921 670 1026 758 deque
1048 671 1214 757 primariis
1242 670 1355 738 causis
1383 672 1545 746 nominum,

339 803 423 872 quae
447 782 529 848 forte
553 799 589 844 se
613 777 808 852 obtulerant,
832 789 986 864 separato
1010 775 1099 843 titulo
1123 778 1301 866 disputare,
1324 801 1366 844 ne
1389 779 1488 846 dicam
1508 779 1546 845 de

339 912 378 957 eo
397 889 493 977 quod,
518 889 548 954 si
563 886 642 952 illud
660 887 769 951 animo
787 886 1026 972 proposuisset,
1049 897 1134 951 certe
1153 886 1428 954 nontammultus
1443 887 1546 951 suisset

337 1000 373 1074 in
396 995 598 1084 exponendis
622 991 820 1067 nominibus,
844 1013 982 1078 quorum
1004 1013 1046 1058 ne
1069 994 1266 1060 mentionem
1290 995 1420 1082 quidem
1438 995 1546 1059 iecerat

234 1185 235 1188 Ἴ
338 1105 372 1174 in
395 1105 502 1190 priore
526 1101 635 1188 operis
659 1109 760 1186 parte.
806 1095 875 1162 Nec
890 1100 1000 1187 magis
1019 1111 1084 1165 toto
1103 1113 1296 1188 argrunento
1313 1101 1470 1167 decimum
1489 1100 1546 1166 hoc

337 1211 491 1290 uolumen
516 1231 537 1272 a
560 1205 747 1270 Valerianis
771 1205 905 1292 reliquis
930 1227 1029 1292 quarn
1051 1206 1181 1273 dicendi
1210 1229 1332 1295 genere
1356 1206 1502 1274 abhorret
1521 1220 1546 1270 et

339 1318 424 1393 stilo,
447 1337 543 1404 quem
567 1325 687 1388 tamen,
712 1312 789 1399 quia
811 1334 878 1377 non
900 1313 1059 1398 primaria
1079 1315 1150 1378 eius
1173 1315 1246 1379 libri
1268 1317 1377 1380 forma
1398 1314 1453 1380 sed
1469 1336 1546 1380 com·

338 1424 493 1512 pendium
517 1419 740 1487 tantummodo
765 1418 809 1482 ad
832 1431 947 1484 nostra
968 1421 1116 1506 peruenit
1139 1433 1295 1508 tempora,
1320 1444 1360 1487 ex
1375 1420 1437 1486 hac
1459 1442 1546 1508 quae·

340 1533 445 1600 stione
469 1527 703 1596 remouendum
727 1547 803 1591 csse
826 1526 985 1601 diximus,
1012 1529 1206 1612 praesertim
1229 1551 1303 1594 cum
1326 1529 1415 1594 illam
1438 1530 1546 1594 disere·

338 1640 485 1726 pantiam
508 1637 591 1723 ipsis
615 1634 711 1699 rebus
736 1633 834 1721 plane
857 1633 998 1698 diuersis
1022 1633 1174 1701 effectam
1203 1656 1281 1701 esse
1309 1635 1418 1723 aliquo
1446 1635 1546 1702 salton

338 1747 406 1812 iure
431 1745 621 1808 obiceretur.

428 1849 531 1931 Quid,
561 1849 648 1937 quod
677 1850 808 1914 omnino
837 1847 901 1912 hoc
930 1869 1012 1935 opus
1043 1846 1169 1914 Valerii
1203 1860 1308 1914 aetate
1343 1850 1546 1937 compositum

340 1977 415 2023 esse
443 1953 578 2042 nequit?
620 1954 756 2019 Constat
789 1975 931 2041 namque
965 1958 1161 2032 certissime,
1196 1956 1285 2044 quod
1317 1969 1443 2044 praeter
1477 1956 1546 2022 alior

340 2065 442 2130 obiter
465 2064 532 2126 iam
544 2061 735 2126 Perizonius
758 2073 932 2126 monuerat
955 2063 1066 2142 (anim.
1079 2060 1155 2127 hist.
1179 2085 1208 2127 c.
1221 2064 1251 2129 2.
1270 2085 1302 2148 p.
1322 2066 1362 2130 71
1382 2063 1433 2128 ed.
1445 2061 1546 2142 Harl.)

340 2171 462 2244 omnia,
487 2190 569 2255 quae
595 2169 634 2232 de
659 2169 847 2233 discrimine
870 2169 953 2232 iuter
982 2190 1168 2255 cognomen
1196 2181 1228 2232 et
1255 2191 1422 2256 agnomen
1448 2171 1546 2236 iactar

340 2278 481 2352 soleant,
516 2274 620 2340 futilia
648 2295 723 2338 esse
752 2276 970 2360 recentiorum
998 2275 1128 2341 demum
1157 2276 1446 2362 grammaticorum
1475 2297 1546 2338 com

338 2397 464 2458 menta,
500 2382 663 2446 ueteribus
694 2383 874 2470 agnomina
901 2381 998 2468 plane
1026 2383 1131 2447 fuisse
1162 2383 1287 2469 ignota.
1337 2380 1545 2446 Dubitatione

340 2503 448 2557 eutem
473 2490 656 2576 nuperrime
680 2487 743 2554 hac
768 2488 808 2552 de
832 2509 867 2554 ro
890 2487 1036 2574 prolatae
1060 2488 1178 2553 nullius
1207 2489 1276 2552 sere
1298 2489 1455 2575 ponderis
1479 2509 1546 2552 sun·

226 2631 230 2640 ·
339 2597 490 2662 Affcruut
514 2595 645 2682 quidem
670 2595 837 2658 Ciceronis
862 2595 963 2659 uerba
985 2594 1014 2660 11
1038 2595 1078 2658 de
1101 2596 1224 2659 inuent.
1249 2597 1280 2669 9,
1303 2595 1346 2660 28
1370 2593 1545 2660 uLembiu

341 2704 389 2769 sic
414 2703 511 2778 edita,
533 2724 605 2767 num
628 2708 656 2765 et
678 2703 715 2765 de
737 2705 859 2767 nomine
880 2724 1107 2785 nonnumquam
1117 2704 1238 2785 aliquid
1253 2705 1445 2785 suspicionis
1461 2721 1546 2765 nosci

340 2818 400 2875 tur.
445 2810 566 2872 Nomen
588 2816 689 2875 nutem
712 2829 781 2871 com
804 2811 937 2873 dicimus
964 2830 1128 2893 copnomen
1152 2829 1269 2893 quoque
1293 2816 1323 2872 et
1344 2828 1495 2891 opnomen
1518 2811 1546 2870 in

340 2919 498 2999 telleputnr
520 2922 647 2997 oportet.
694 2914 736 2979 At
758 2924 853 2981 uuet
875 2937 1022 3001 apnomen
1045 2916 1164 2981 desunt
1185 2916 1220 2979 iu
1237 2915 1368 3001 optimis
1382 2914 1546 3002 quibusqu

341 3022 508 3089 codicibus
532 3042 613 3087 mss.
638 3033 669 3085 et
691 3022 726 3085 in
744 3022 894 3087 omnibus
915 3023 1031 3111 quibus
1055 3045 1136 3088 usus
1155 3033 1206 3087 est
1220 3023 1461 3108 antiquissimis
1476 3022 1546 3088 Oress

340 3132 414 3205 lius,
444 3130 623 3215 meritoque
652 3129 717 3193 iarn
748 3127 870 3193 dudum
898 3142 1064 3217 tamquam
1092 3129 1350 3195 additamentum
1375 3130 1546 3193 recentior?

339 3236 484 3301 hominis
514 3246 674 3321 expuncta
702 3247 777 3299 sunt
804 3236 838 3301 in
866 3236 1009 3324 uulgatis
1039 3236 1206 3322 exemplis.
1259 3234 1335 3301 Nou
1366 3257 1546 3303 commem(

339 3365 448 3409 rarem
472 3340 582 3406 Ouidii
605 3361 738 3405 uersum
763 3346 816 3422 (ex
838 3340 954 3408 Ponto.
978 3342 1034 3418 ΠΙ,
1057 3344 1089 3416 2,
1115 3344 1218 3425 107.),
1248 3363 1311 3429 quo
1336 3342 1414 3409 olim
1438 3354 1546 3428 praet«

341 3471 470 3516 omnem
493 3448 653 3511 rationem
678 3448 727 3511 sic
750 3449 934 3525 constituto,
956 3451 1140 3531 Adiecitque
1158 3450 1453 3533 prohoemium
1475 3468 1546 3531 epm

340 3561 425 3623 mina
448 3556 559 3629 cottae,
583 3574 692 3621 meam
715 3554 903 3640 opinionem
925 3557 1130 3644 impugnuuit
1158 3554 1183 3619 l.
1207 3556 1246 3620 G.
1270 3555 1416 3621 Vossius
1441 3555 1486 3619 de
1512 3576 1546 3618 ar

299 3712 303 3719 .
341 3685 480 3753 gramm.
503 3660 557 3737 111,
581 3663 652 3726 sine
676 3661 716 3725 de
740 3662 826 3727 anal.
849 3660 880 3738 I,
911 3664 988 3727 7in
1017 3662 1089 3728 coll.
1119 3686 1195 3749 opp.
1224 3662 1259 3730 T.
1283 3660 1329 3737 II,
1358 3684 1390 3749 p.
1424 3662 1510 3735 121,
1542 3683 1546 3723 r

341 3764 569 3833 Grotefendius
593 3765 757 3850 (zeitschr.
781 3770 803 3833 f.
828 3768 982 3834 alterthw.
1003 3769 1088 3834 1843
1112 3791 1144 3856 p.
1162 3770 1251 3851 179),
1275 3770 1428 3855 quamuis
1454 3787 1546 3832 uera·

342 3878 536 3962 scripturam
548 3875 720 3961 acciperet,
734 3876 875 3957 penitima
885 3878 927 3940 ad
935 3878 1069 3950 nomina,
1086 3874 1139 3939 his
1152 3874 1261 3939 uerbis
1274 3885 1385 3960 aperte
1400 3893 1546 3960 agnem<

341 3980 484 4047 describi
507 3981 700 4045 censuisset.
739 3978 808 4045 Sed
831 3982 944 4068 quidni
955 3980 1033 4047 illud
1047 3982 1167 4068 potius,
1190 3980 1279 4068 quod
1300 3982 1379 4046 item
1403 3978 1545 4043 adiectu

342 4088 386 4154 ad
409 4108 529 4152 nomen
549 4086 753 4175 gentilicium
776 4106 960 4174 cognomen
982 4099 1110 4153 ueteres
1134 4107 1263 4154 summo
1288 4106 1459 4151 consensu
1485 4084 1542 4147 dic

341 4192 444 4264 bant?
478 4192 532 4259 An
552 4194 663 4278 ipsum
685 4193 874 4279 agnominis
885 4194 1083 4261 uocabulum
1104 4194 1294 4262 necessario
1313 4214 1354 4258 ex
1374 4192 1436 4257 illa
1459 4213 1546 4277 appe

332 4302 472 4370 'ledonis
495 4299 702 4364 denotatione
725 4300 947 4386 expromitur?
982 4303 1081 4390 Atqui
1103 4302 1222 4390 legitur
1249 4321 1336 4365 nunc
1364 4300 1399 4364 in
1422 4296 1546 4384 uulgat

342 4406 536 4477 editionibus
560 4404 658 4469 instit.
687 4402 765 4469 Iust.
789 4404 834 4481 11,
858 4410 916 4483 20,
941 4410 999 4484 29,
1022 4412 1053 4473 ei
1075 4412 1146 4493 puio
1167 4410 1203 4472 in
1223 4408 1354 4481 nornine,
1378 4406 1546 4488 coqnomin

338 4516 544 4599 praenomine,
568 4512 728 4593 apnmnt'ne
750 4514 893 4595 noctarii
915 4518 1077 4589 manmit,
1102 4516 1184 4580 etin
1201 4512 1274 4577 cod.
1292 4508 1445 4587 Iust.VI,
1466 4512 1527 4585 23,

341 4624 369 4685 a·
391 4625 425 4687 tn
446 4620 567 4688 nomine
589 4618 640 4683 eet
654 4624 857 4699 praenomine
879 4642 933 4687 eeu
960 4623 1138 4705 connomine
1165 4641 1220 4686 eeu
1247 4620 1409 4703 upnemine
1439 4624 1546 4682 tentat·

341 4732 504 4793 mouerit.
549 4722 637 4807 Quid
660 4735 778 4807 autem,
803 4729 892 4818 quod
913 4731 1022 4816 priore
1048 4727 1123 4795 loco
1150 4748 1184 4795 u.
1208 4728 1385 4811 nonomine,
1417 4746 1546 4815 quamn
