3409 5400
300 469 365 548 144
537 463 539 466 ’
750 467 810 535 DII
833 465 1065 537 PRODIGIIS.

299 628 426 716 plicatis
448 628 585 694 militum
608 629 736 704 animis,
759 629 927 695 nocturnis
951 629 1047 693 totius
1072 629 1230 695 exercitus
1253 628 1446 705 terroribus,
1474 628 1512 695 ab

298 736 382 821 ipsis
398 735 552 801 altaribus
567 735 750 801 hostiarum
762 737 853 823 fuga.
899 734 969 800 Sed
991 736 1130 799 inuictae
1151 736 1245 822 leges
1265 736 1513 803 necessitudinis
1601 784 1611 829 't

299 853 413 928 pectus
449 842 591 929 alioquin
623 842 738 929 procul
777 842 919 907 amentia
957 854 1117 907 remotum
1151 843 1305 931 prodigia
1337 845 1401 909 ista
1432 845 1515 908 iusta

300 951 532 1016 aestimatione
545 950 748 1035 perpendere
771 968 893 1035 passae
916 970 983 1013 non
1006 959 1091 1014 sunt.
1137 947 1251 1036 Itaque
1274 949 1352 1014 dum
1374 950 1430 1015 illa
1453 950 1515 1015 ele·
1609 1000 1611 1039 Ι

299 1066 372 1130 nat,
406 1058 631 1120 auctoritatem
659 1056 897 1141 amplissimam
926 1065 958 1119 et
985 1076 1066 1140 opes
1095 1056 1221 1141 priuato
1250 1057 1385 1144 fastigio
1414 1056 1535 1123 excel-t
1610 1110 1611 1147 3

301 1163 406 1227 siores
436 1163 610 1249 omniaque
641 1173 847 1238 ornamenta,
882 1183 966 1249 quae
995 1161 1035 1226 ab
1063 1164 1195 1226 ineunte
1225 1162 1447 1229 adulescentia
1475 1164 1518 1229 ad

299 1265 458 1333 inuidiam
485 1290 590 1355 usque
619 1281 837 1346 contraxerat,
867 1270 974 1354 spatio
1002 1269 1101 1333 unius
1125 1268 1190 1333 diei
1217 1270 1385 1358 confregit.
1444 1269 1517 1351 Quo
1610 1326 1611 1335 ,

301 1385 430 1439 constat
451 1374 486 1437 in
509 1374 653 1441 delubris
678 1378 776 1441 deum
799 1394 870 1441 sua·
884 1386 1000 1461 sponte
1025 1376 1125 1461 signa
1147 1396 1325 1452 conuersa,
1348 1378 1518 1443 militarem

301 1480 478 1547 clamorem
505 1483 739 1569 strepitumque
768 1504 935 1548 armorum
965 1481 1049 1545 adeo
1080 1502 1239 1569 maguum
1266 1481 1460 1549 Antiochiae
1488 1494 1521 1549 et

300 1588 502 1653 Ptolemaide
525 1590 673 1654 auditum
695 1591 790 1655 utin
822 1611 932 1655 muros
961 1599 1221 1665 concurreretur,
1253 1612 1371 1655 sonum
1394 1600 1551 1677 tympa·tt

301 1719 417 1763 norum
430 1694 586 1782 Pergami
603 1696 722 1760 abditis
746 1695 871 1760 delubri
889 1694 1020 1769 editum,
1043 1694 1187 1780 palmam
1206 1695 1345 1760 uiridem
1360 1696 1521 1762 Trallibus

300 1806 335 1868 iu
358 1802 440 1867 aede
463 1800 630 1866 Victoriae
654 1802 715 1865 sub
740 1802 892 1865 Caesaris
918 1812 1027 1865 statua
1048 1802 1131 1865 inter
1155 1814 1351 1889 coagmenta
1374 1802 1522 1889 lapidum

300 1911 407 1975 iustae
429 1907 667 1997 magnitudinis
691 1919 833 2003 enatam·
877 1905 1005 1987 Quibus
1029 1919 1166 1994 apparet
1188 1908 1377 1975 caelestium
1399 1930 1522 1975 numen

303 2033 334 2081 et
351 2016 506 2081 Caesaris
530 2014 654 2102 gloriae
676 2015 803 2079 fauisse
827 2025 859 2078 et
874 2012 1011 2099 Pompei
1033 2036 1176 2081 errorem
1194 2014 1521 2081 inhibereuoluisse.

240 2111 292 2177 13·
391 2122 480 2187 Tuas
504 2143 581 2186 aras
604 2132 724 2206 tuaque
749 2121 959 2185 sanctissima
981 2120 1118 2207 templa,
1150 2120 1224 2187 diue
1247 2120 1321 2197 Iuli,
1346 2134 1521 2185 ueneratus
1533 2142 1556 2189 rt

304 2251 362 2295 oro
385 2240 420 2292 ut
442 2229 580 2314 propitio
604 2248 643 2293 ac
666 2227 791 2291 fauenti
812 2228 944 2291 numine
973 2238 1135 2293 tantorum
1164 2248 1262 2292 casus
1291 2228 1435 2293 uirorum
1458 2228 1522 2292 sub

303 2338 349 2400 tui
378 2334 518 2421 exempli
544 2334 710 2419 praesidio
740 2356 779 2398 ac
807 2334 907 2398 tutela
936 2333 1125 2397 delitescere
1154 2335 1299 2421 patiaris
1356 2334 1401 2397 Te
1434 2335 1523 2401 euim

305 2445 493 2529 accepimus
517 2465 557 2507 eo
586 2442 655 2517 die,
688 2462 752 2528 quo
780 2461 945 2526 purpurea
972 2452 1063 2503 ueste
1094 2440 1220 2505 uelatus
1249 2462 1352 2506 aurea
1376 2441 1410 2505 iu
1442 2440 1525 2505 sella

305 2551 498 2626 consedisti,
533 2571 575 2613 ne
607 2550 749 2615 maximo
783 2546 891 2611 studio
920 2556 1053 2611 senatus
1088 2548 1281 2633 exquisitum
1317 2558 1349 2611 et
1380 2546 1525 2612 delatum

305 2653 464 2721 honorem
487 2657 656 2741 spreuisse
672 2654 842 2729 uidereris,
864 2654 1058 2740 priusquam
1076 2666 1260 2741 exoptatum
1282 2656 1402 2720 ciuium
1419 2652 1561 2723 oculisao

307 2773 518 2848 conspectum
546 2764 592 2828 tui
619 2762 773 2836 offerres,
809 2759 909 2823 cultui
936 2759 1120 2846 religionis,
1151 2763 1186 2828 in
1217 2783 1316 2849 quam
1343 2783 1421 2828 mox
1449 2782 1524 2824 eras

306 2955 520 3010 anroenitate
547 2954 623 3008 Torr.
647 2961 673 3009 et
695 2962 754 3008 aste
777 2955 855 3026 leges
879 2953 910 3009 Γ.
931 2955 942 3026 ΙΙ
963 2954 988 3009 3.
1012 2957 1160 3021 pectus-
1181 2957 1321 3024 remotum]
1346 2958 1431 3008 uirum
1454 2954 1525 3009 atras

306 3031 463 3095 prudentem
481 3027 513 3080 Γ.
530 3026 544 3093 ΙΙ
561 3031 660 3094 alioqui
677 3025 762 3079 1³01)
771 3027 848 3079 Torr.
860 3027 873 3095 ΙΙ
891 3029 926 3079 ab
945 3031 1062 3080 amentio
1080 3026 1191 3080 Elbrr.
1210 3028 1223 3096 ΙΙ
1240 3025 1266 3078 4.
1283 3028 1341 3095 illa]
1361 3043 1410 3081 om.
1428 3023 1460 3078 Γ.
1478 3029 1526 3080 ille

306 3097 463 3152 ABcDE.
484 3097 698 3152 cwwtrPertz.
712 3098 725 3168 ΙΙ
739 3094 765 3149 b·
783 3099 935 3166 omnisque]
955 3101 1044 3151 omnia
1063 3098 1093 3152 Γ.
1108 3095 1121 3170 ΙΙ
1142 3098 1166 3151 1.
1186 3099 1254 3166 Quo]
1275 3098 1365 3152 orn-P.
1381 3101 1450 3166 quod
1468 3095 1525 3150 AB

306 3168 369 3223 DE
386 3175 412 3222 et
423 3185 469 3238 pr.
489 3167 582 3238 (1118.
602 3173 706 3222 constat
724 3171 804 3220 etism
821 3172 849 3220 in
867 3170 898 3223 Γ.
913 3169 924 3240 ΙΙ
939 3174 1035 3236 sponte
1054 3185 1104 3222 sua
1122 3169 1153 3224 Γ.
1174 3169 1186 3240 ΙΙ
1206 3168 1232 3224 9.
1250 3169 1452 3236 strepitumque]
1473 3183 1526 3235 que

307 3240 406 3294 orn-1³.
427 3241 439 3311 ΙΙ
462 3239 501 3292 10.
526 3243 705 3308 ptolemaidae
723 3244 770 3306 (se
787 3239 816 3291 is
833 3245 941 3310 rasura)
959 3240 992 3293 Α,
1020 3243 1184 3294 Ptolomaide
1202 3243 1265 3294 Par.
1291 3243 1472 3308 ptholomaida
1489 3238 1526 3291 Β.

290 3315 489 3380 ,phtolomaide
507 3309 535 3363 Ο.
553 3314 733 3380 ptolomaydis
751 3309 788 3361 D.
806 3313 969 3366 tholomaida
988 3310 1022 3363 Ε.
1041 3315 1186 3377 ptholomei
1204 3312 1235 3365 Γ.
1257 3311 1262 3383 Ι
1283 3316 1470 3364 concurrerent
1486 3309 1525 3362 D.

307 3387 478 3437 concurretur
494 3381 526 3436 I'.
548 3385 553 3452 Ι
571 3382 611 3436 11.
629 3384 742 3434 abdictIs
759 3377 793 3432 Β.
807 3381 819 3453 ΙΙ
834 3386 950 3437 delubris
968 3381 1024 3434 ΑΒ
1030 3381 1147 3437 onst*
1154 3383 1231 3436 Torr.
1246 3383 1250 3450 Ι
1271 3387 1389 3450 palmam
1401 3381 1524 3448 ulrtdem]

306 3461 368 3526 post
385 3458 518 3508 Victoriae
562 3458 595 3524 ,ΙΙ
609 3459 685 3508 tratis
703 3450 787 3523 Pani
811 3450 851 3507 12.
871 3459 965 3508 aedem
984 3451 1109 3507 ABCD.
1126 3451 1206 3580 gib.
1225 3459 1370 3523 appareret
1387 3469 1433 3523 pr.
1451 3453 1483 3506 A·
1498 3451 1512 3518 ΙΙ

307 3531 454 3582 caelestum
471 3527 503 3580 A.
528 3529 645 3580 coeleste
662 3526 729 3582 Dr.
749 3522 761 3597 ΙΙ
798 3523 824 3578 d.
850 3529 953 3596 gloriae
978 3529 1105 3577 Caesaris
1155 3524 1194 3597 ,ΙΙ
1218 3523 1257 3579 15.
1278 3530 1304 3591 s.
1325 3523 1366 3578 ta.
1385 3541 1433 3577 ors.
1451 3524 1483 3577 Γ.
1499 3523 1514 3660 ΙΙ

305 3600 362 3651 iulii
379 3597 414 3652 Ε.
431 3598 446 3666 ΙΙ
466 3597 507 3652 18.
526 3602 670 3664 accipimus
690 3599 771 3665 tsw.
785 3595 798 3668 ΙΙ
812 3615 847 3650 ea
865 3601 908 3650 die
926 3611 979 3666 qua
996 3595 1031 3650 Ε.
1046 3593 1057 3665 ΙΙ
1073 3599 1142 3650 cella
1159 3595 1196 3650 D.
1210 3596 1223 3668 ΙΙ
1241 3595 1285 3651 20.
1304 3601 1422 3664 optatum
1440 3593 1478 3648 D.
1499 3591 1504 3662 Ι

221 3707 226 3716 .
306 3665 350 3721 21.
368 3671 519 3738 religionis]
539 3685 589 3724 orn.
601 3687 647 3739 pr.
664 3669 702 3722 D.
722 3678 782 3724 aste
799 3671 880 3721 cultui
898 3684 967 3722 corr.
986 3667 1023 3720 D.

380 3841 438 3903 Quo
456 3850 557 3898 coum
573 3844 612 3908 a)
630 3849 668 3899 cr.
686 3851 764 3902 caes.
782 3851 809 3900 o.
829 3849 879 3900 cru.
897 3849 942 3907 111,
965 3841 1023 3898 105.
1042 3846 1110 3896 eruc
1129 3849 1206 3900 caes.
1224 3845 1268 3900 tt.

380 3913 479 3967 abditis
496 3913 609 3981 delubri)
626 3921 755 3972 Mendose
773 3922 800 3971 in
819 3921 895 3971 codd.
914 3914 1038 3970 delubris.
1074 3918 1166 3984 Neque
1189 3921 1259 3970 euim
1276 3921 1304 3970 in
1321 3918 1441 3982 pluribus
1458 3921 1528 3970 tem·

308 3986 361 4051 plis
378 3988 459 4038 simul
477 3990 526 4038 sed
544 3990 572 4040 in
589 4005 642 4039 uno
659 3992 758 4042 Bacchi
777 3993 839 4042 iano
863 3993 933 4042 teste
951 3990 1036 4039 Dione
1055 3991 1165 4048 Cassio,
1189 4005 1274 4056 neque
1298 3990 1326 4039 in
1350 3992 1458 4040 remotIs
1478 3991 1528 4038 ab·

309 4060 404 4109 dltisue
423 4059 544 4116 aedibus,
563 4061 621 4117 sed,
641 4064 669 4109 ut
686 4064 767 4114 refert
789 4064 818 4112 c.
832 4064 942 4120 Caesar,
961 4075 977 4110 e
996 4075 1047 4125 quo
1066 4061 1135 4111 haec
1150 4062 1299 4126 desumpsit
1309 4061 1376 4119 Vol..
1394 4059 1423 4111 ts
1441 4057 1528 4111 occet·

308 4128 344 4180 tte
360 4144 394 4180 ac
410 4127 554 4181 reconditis
570 4129 669 4198 tempta
688 4147 737 4199 quw
751 4137 861 4199 practer
878 4127 1027 4184 candores
1044 4128 1182 4197 astrosus
1199 4147 1251 4183 son
1269 4137 1322 4185 ert.
1343 4146 1410 4199 quae
1427 4129 1529 4182 Gracci

308 4197 389 4268 adyto
406 4197 546 4267 adpellant.
565 4204 696 4266 tympana
706 4207 859 4254 sonuerunt.
894 4205 987 4268 Itaque
1002 4204 1090 4252 nullus
1103 4204 1192 4254 dubito
1206 4205 1266 4270 quio
1279 4206 1372 4254 auctor
1389 4203 1530 4268 scripserit

308 4269 421 4326 muta,
441 4275 511 4338 quod
528 4275 667 4336 proposuit
684 4274 801 4338 Lipsius,
820 4277 965 4339 probarunt
982 4274 1149 4337 interpretes,
1168 4276 1287 4339 recipere
1305 4275 1365 4324 ausi
1382 4290 1436 4324 uon
1454 4275 1529 4324 sunt.

308 4345 369 4396 Nou
387 4359 473 4409 aeque
490 4359 539 4408 pro
558 4347 630 4395 certo
649 4346 837 4396 affirmauerim
855 4362 880 4395 u.
900 4342 1007 4400 abdiae,
1028 4346 1095 4410 quod
1116 4346 1179 4394 ferri
1197 4359 1263 4396 sane
1281 4347 1377 4409 potest.
1400 4360 1459 4394 cum
1478 4346 1529 4393 ab·

308 4417 365 4468 dits
381 4415 483 4466 delubri
501 4416 566 4467 nihil
583 4417 707 4466 differant
724 4419 759 4466 ab
771 4419 882 4467 occultis
898 4432 930 4466 sc
948 4411 1090 4468 recondffis
1101 4417 1202 4479 templi,
1222 4417 1342 4472 (ludium,
1361 4415 1528 4474 'lomeniurm

307 4489 441 4552 Kappium
459 4491 670 4538 recte-mutasse
687 4489 715 4538 in
733 4485 829 4555 adytis,
850 4503 1011 4554 quamquam
1023 4488 1092 4538 baec
1111 4501 1215 4554 quoque
1228 4488 1379 4538 coniectura
1393 4499 1530 4536 commen·

308 4560 386 4610 datur
403 4559 571 4610 similitudine
589 4561 704 4624 quadam
722 4561 787 4609 neri

383 4627 423 4681 13,
443 4631 481 4680 Cf.
500 4631 553 4681 cic.
572 4632 605 4680 de
623 4631 675 4681 diu.
693 4631 715 4690 1,
733 4625 777 4691 52,
797 4625 856 4682 tlt.
875 4631 942 4682 Vell.
960 4629 993 4688 11,
1011 4625 1054 4681 57.
1073 4629 1140 4680 Plin.
1157 4629 1205 4689 x1.
1223 4625 1267 4689 37.
1288 4626 1330 4681 11.
1355 4627 1428 4681 Suet.
1447 4629 1530 4680 cres

310 4695 354 4752 17.
370 4700 439 4766 App.
459 4703 509 4752 eiu.
526 4701 559 4762 ll,
580 4695 639 4753 lltt.
657 4702 715 4753 blo.
734 4703 812 4754 Cass.
829 4701 938 4761 xtuli,
959 4697 1066 4753 18.1ιι1.
1085 4702 1185 4767 Obseq.
1206 4697 1265 4752 itt.
