3409 5400
339 498 404 567 556
647 492 797 560 VAFRE
819 490 953 561 DICTA
974 488 1067 557 AVT
1088 487 1242 557 FACTA.

298 659 328 728 7.
426 656 549 721 Fabius
579 665 688 723 autem
714 653 895 729 Maximus,
923 654 1015 719 cuins
1047 673 1113 717 non
1142 642 1297 717 dimicare
1327 650 1488 714 uincere
1523 646 1590 711 fuit

338 787 413 830 cum
427 765 623 852 praecipuae
635 762 829 828 fortitudinis
840 760 1007 826 Nolanum
1023 758 1163 845 peditem
1177 757 1277 823 dubia
1289 756 1354 821 iide
1371 764 1586 841 suspectum

338 883 371 937 et
393 883 545 935 strenuae
574 890 694 957 operae
718 868 888 933 Lucanum
917 869 1056 954 equitem
1087 886 1199 931 umore
1226 864 1326 930 scorti
1354 860 1583 949 deperditum

337 980 372 1044 iu
395 978 512 1042 casuis
535 976 685 1051 liaberet,
708 986 743 1039 ut
764 986 901 1061 utroque
924 975 1034 1059 potius
1058 973 1144 1037 bono
1169 970 1268 1037 milite
1292 980 1448 1034 uteretur
1479 988 1581 1054 quam

336 1090 372 1153 iu
394 1096 565 1171 utrumque
588 1082 881 1156 animaduerteret,
910 1080 1001 1145 alteri
1024 1080 1248 1167 suspicionem
1277 1098 1374 1141 suam
1410 1076 1593 1140 dissime-⁵

336 1194 431 1268 lauit,
464 1193 499 1255 in
527 1190 628 1255 altero
660 1188 865 1273 disciplinam
900 1186 1067 1273 paululum
1096 1208 1117 1251 a
1151 1194 1239 1249 recto
1276 1194 1392 1247 tenore
1428 1180 1577 1245 deflexit.

336 1299 489 1384 Namque
523 1297 612 1360 illum
642 1295 739 1381 plene
768 1316 829 1381 pro
861 1293 1011 1357 tribunali
1046 1291 1213 1359 laudando
1249 1291 1410 1375 omnique
1445 1308 1576 1375 genere

337 1405 474 1470 honoris
497 1401 727 1489 prosequendo
751 1402 897 1465 animum
918 1421 1014 1465 snum
1040 1397 1196 1465 uPoeuis
1221 1394 1263 1461 ud
1286 1396 1476 1461 Romanos
1505 1416 1577 1458 coe·

338 1513 387 1600 git
406 1531 579 1585 reuocare,
610 1519 643 1572 et
669 1507 756 1571 hunc
786 1506 871 1571 clam
900 1508 1103 1571 meretricem
1130 1504 1289 1569 redimere
1312 1523 1447 1588 passus
1475 1524 1576 1589 para·

337 1619 499 1683 tissimum
522 1638 581 1701 pro
605 1615 700 1679 nobis
725 1633 933 1678 excursorem
955 1612 1106 1678 reddidit.
1583 1626 1595 1663 1¹

295 1720 328 1787 8.
425 1722 568 1787 Veniam
591 1742 677 1785 nuuc
701 1720 744 1784 ad
760 1741 830 1794 eos,
853 1718 971 1805 quibus
995 1718 1085 1783 salus
1110 1719 1229 1783 astutia
1245 1716 1397 1803 quaesita
1422 1728 1493 1781 est.
1533 1714 1573 1779 111.

288 1881 312 1930 ί,
337 1828 497 1894 Volusius
520 1827 634 1892 aedilis
662 1826 767 1913 plebis
795 1827 999 1912 proscriptus
1028 1825 1203 1912 adsumpto
1226 1822 1323 1889 isiaci
1352 1820 1479 1887 habitu
1518 1844 1573 1908 per

335 1938 453 2001 itinera
475 1935 613 2020 uiasque
637 1932 784 2018 publicas
808 1933 927 2017 stipem
954 1942 1085 2017 petens,
1117 1931 1268 2017 quisnam
1297 1948 1333 1993 re
1365 1950 1455 1992 uera
1483 1947 1572 1993 esset

337 2042 538 2108 occurrentis
566 2039 738 2103 dinoscere
766 2060 889 2125 passos
920 2059 985 2103 non
1015 2049 1082 2112 est,
1119 2057 1224 2123 eoque
1254 2034 1408 2100 fallaciae
1442 2056 1569 2123 genere

337 2159 442 2214 tectus
465 2148 500 2211 in
521 2145 568 2210 M.
590 2144 682 2209 Bruti
705 2156 814 2209 castra
836 2146 995 2232 peruenit.
1049 2142 1138 2225 Quid
1160 2142 1216 2207 illa
1238 2142 1442 2206 necessitate
1465 2143 1589 2206 mise-1³

336 2256 417 2329 rius,
440 2275 526 2340 quae
547 2253 776 2338 magistratum
798 2250 910 2338 populi
925 2252 1068 2317 Romani
1084 2248 1210 2313 abiecto
1228 2246 1364 2312 honoris
1389 2260 1566 2333 praetexto

338 2361 545 2447 alienigenae
572 2357 741 2445 religionis
770 2356 982 2422 obscuratum
1009 2354 1196 2441 insignibus
1226 2374 1283 2440 per
1312 2353 1431 2417 urbem
1469 2354 1564 2419 iussit

336 2465 513 2531 incederet
558 2472 578 2541 †
609 2462 734 2529 Omnes
757 2473 814 2528 aut
841 2462 876 2527 hi
903 2483 985 2527 suae
1013 2462 1099 2525 uitae
1127 2469 1184 2524 aut
1210 2459 1257 2524 illi
1285 2458 1416 2525 alienae
1447 2460 1563 2523 mortis

338 2571 458 2656 cupidi,
478 2573 538 2657 'qui
561 2570 639 2637 talia
661 2570 715 2634 uel
729 2570 794 2657 ipsi
809 2569 1034 2633 sustinuerunt
1055 2565 1108 2630 uel
1125 2566 1208 2631 alios
1225 2566 1349 2653 perpeti
1365 2584 1560 2656 coegerunt

840 2699 1052 2714 -ι--Ι-

337 2763 363 2819 ³.
382 2765 517 2816 sirenuum
536 2764 703 2833 Riiamore]
719 2771 781 2837 post
800 2767 882 2818 scorti
899 2762 928 2819 F.
953 2779 1046 2815 amare
1064 2779 1109 2832 pr.
1132 2761 1164 2816 A.
1182 2761 1196 2830 ΙΙ
1212 2765 1401 2827 depersoniem
1423 2763 1491 2816 Pur.
1509 2765 1524 2832 Η
1536 2763 1556 2817 b

338 2835 426 2902 alteri]
446 2838 525 2888 altius
543 2835 575 2889 F.
587 2834 600 2902 ΙΙ
612 2834 638 2890 ii.
656 2838 682 2887 in
701 2843 813 2890 sitorum
830 2833 984 2890 ACDEF.
999 2833 1050 2904 111.
1070 2837 1137 2886 Num
1152 2832 1238 2885 'Torr-
1249 2834 1263 2901 ΙΙ
1274 2832 1299 2886 8.
1320 2849 1456 2886 reuocare
1475 2839 1556 2903 coegit

336 2905 369 2962 Γ.
381 2908 394 2976 ΙΙ
408 2905 449 2961 10.
467 2910 702 2972 excussioremque
713 2906 801 2962 ΔΒΕ
807 2904 833 2958 F
837 2905 869 2959 Γ.
888 2910 1140 2972 excursatoremque
1161 2903 1189 2958 C.
1202 2905 1216 2974 ΙΙ
1227 2904 1348 2970 reddidit]
1368 2898 1499 2971 Sequitur
1515 2907 1556 2956 ior

335 2979 393 3031 loeo
410 2977 474 3030 sorti
491 2977 588 3047 capitis
603 2977 694 3030 titulus
710 2982 756 3031 Di}
775 2977 924 3029 asrvrm
944 2975 972 3027 is
990 2975 1052 3029 Por.
1069 2976 1086 3098 ip
1101 2975 1143 3029 11.
1164 2977 1190 3040 s.
1208 2975 1226 3030 8
1249 2989 1298 3029 ors.
1316 2974 1347 3027 Γ.
1364 2973 1378 3041 ΙΙ
1397 2979 1554 3040 ueniamque

335 3046 395 3118 1¹¹.ss
412 3047 453 3102 12.
471 3051 586 3100 uolutius
603 3046 633 3101 F.
652 3051 760 3101 Volsius
778 3048 841 3100 Pur.
852 3047 866 3115 ΙΙ
877 3049 960 3098 isiaco
978 3045 1065 3114 11111
1089 3085 1094 3098 .
1114 3049 1283 3098 ccctrrrenies
1301 3043 1361 3098 DF
1366 3043 1447 3100 Torr.
1470 3064 1553 3098 occur·

337 3123 405 3172 renti
423 3125 482 3172 atria
500 3135 529 3170 re
548 3133 613 3170 uera
629 3118 665 3172 E.
677 3118 691 3185 Η
704 3118 746 3173 iii.
765 3121 871 3170 obiecto
884 3132 930 3186 pr.
950 3117 980 3170 Δ.
992 3117 1005 3184 ΙΙ
1017 3121 1153 3183 praeiesio
1171 3115 1200 3172 F.
1228 3113 1288 3168 th.
1307 3113 1344 3168 od
1359 3113 1392 3168 11
1395 3153 1403 3176 ,
1433 3116 1483 3178 to.
1502 3119 1553 3170 tuit

347 3190 361 3260 ΙΙ
374 3189 415 3245 18.
434 3192 521 3242 omnis
541 3187 570 3242 C.
581 3188 595 3258 ΙΙ
606 3193 695 3242 scriem
713 3194 740 3242 hi
758 3189 793 3244 E.
811 3191 849 3241 bii
868 3195 957 3240 autem
973 3187 1007 3242 F.

408 3365 433 3419 1.
452 3367 492 3419 01.
510 3367 577 3420 Piui.
596 3369 661 3420 Feb.
679 3364 723 3422 20.
742 3367 817 3420 Auci.
836 3371 870 3419 de
889 3369 936 3419 uir.
955 3369 992 3419 iil.
1010 3363 1053 3418 13.
1073 3367 1191 3417 Eandem
1210 3366 1336 3416 astutiam
1349 3365 1446 3417 Liuius
1461 3367 1551 3424 xxiii.

339 3435 372 3492 15
391 3456 409 3489 a
425 3439 556 3489 Marcello
581 3440 725 3490 adhibitam
749 3454 812 3491 esse
836 3440 928 3489 scribit
951 3439 978 3489 in
1002 3439 1032 3490 L.
1057 3439 1177 3487 Baniium
1202 3437 1346 3494 Nolanum,
1370 3437 1505 3489 sociorum
1523 3455 1551 3490 er

335 3512 497 3574 tempestate
519 3526 603 3576 prope
626 3513 819 3562 nobilissimum
846 3511 977 3574 equitem.
1003 3510 1177 3572 rticmpiainc
1207 3509 1361 3558 deiectionis
1392 3515 1551 3572 suspectum.

336 3580 391 3630 Sed
408 3581 496 3630 simile
513 3584 575 3643 quid
594 3584 628 3632 de
646 3582 729 3631 Fabio
748 3584 774 3632 et
791 3582 927 3645 praefecto
946 3581 1072 3644 praesidii
1091 3581 1249 3630 Bruttiorum
1272 3581 1364 3629 narmi
1382 3577 1494 3636 xxiiii.
1517 3577 1550 3632 ii.

336 3654 402 3701 Cum
421 3651 528 3701 Valerio
553 3654 720 3702 consentiunt
743 3653 902 3702 Plutarchus
926 3655 953 3702 et
975 3653 1067 3700 auctor
1089 3651 1147 3700 libri
1171 3651 1204 3700 dc
1230 3650 1293 3698 uiris
1317 3650 1481 3709 illustribus,
1505 3651 1551 3700 nisi

335 3723 406 3783 quod
425 3722 469 3772 iiie
493 3737 541 3785 pro
561 3723 664 3772 Nolano
687 3723 775 3786 pedite
798 3723 919 3774 Marsum
943 3723 1074 3787 quendam
1100 3721 1200 3784 posuit,
1224 3719 1268 3770 hic
1287 3720 1400 3768 Marium
1414 3718 1550 3776 Statilium.

336 3791 380 3855 qui
398 3792 551 3854 praefectus
569 3795 628 3842 erat
645 3793 821 3844 Lucanorum.
849 3794 889 3846 Cf.
908 3793 965 3844 Liu.
984 3792 1076 3850 xxti,
1094 3787 1138 3850 42,
1158 3787 1184 3841 1.

407 3868 581 3918 recurrerem)
598 3864 687 3912 Codex
706 3864 870 3928 archetypus
888 3860 1118 3928 amarumque.
1137 3862 1208 3924 qood
1227 3861 1342 3912 correrii
1359 3861 1453 3915 Aldus.
1489 3864 1551 3912 Con

336 3930 406 3980 eninr
424 3934 576 3982 aberratum
595 3937 671 3983 esset
687 3933 714 3982 in
733 3932 914 3991 amdam.
936 3934 1050 3991 librarii,
1075 3935 1103 3982 ut
1121 3933 1289 3984 conecterent
1307 3934 1359 3982 duo
1383 3947 1453 3997 quea
1471 3947 1550 3984 senso

336 4000 482 4050 cohaerere
501 4006 630 4072 putabant
647 4005 787 4063 adieciiua,
806 4006 929 4069 copulam
947 4005 1113 4056 addiderunt

405 4065 432 4120 8.
450 4071 489 4122 Gi.
509 4073 575 4138 App.
593 4077 644 4127 clu.
663 4075 719 4133 1111,
737 4070 780 4128 11.

406 4143 423 4206 †
442 4139 538 4194 Omnes
555 4150 602 4196 aut
617 4143 646 4195 lu‘
662 4160 726 4197 suae
741 4144 823 4206 udae)
845 4145 983 4197 Sententia
1006 4147 1074 4196 iraee
1093 4159 1145 4195 non
1164 4145 1275 4212 frigida,
1298 4144 1326 4193 ui
1344 4145 1382 4193 ait
1400 4143 1550 4204 Turranius.

336 4214 387 4264 sed
399 4215 479 4278 piune
497 4214 601 4266 insulsa
619 4220 700 4282 alque
718 4219 871 4280 ineptaest.
908 4219 974 4280 Quid
989 4219 1057 4267 enim
1072 4217 1123 4266 sibi
1137 4216 1192 4266 uuit
1205 4217 1277 4274 iilud,
1296 4215 1366 4277 qood
1379 4215 1550 4280 bipropriam
1594 4225 1595 4242 *

337 4285 465 4345 salutem,
487 4286 524 4336 iiii
543 4288 653 4338 aliorum
678 4290 790 4338 eaedem
813 4289 908 4352 cupide
931 4289 1100 4350 quaestutsse
1123 4289 1256 4344 dicuntur.
1282 4287 1325 4351 qui
1349 4286 1414 4336 talia
1437 4290 1476 4339 uei
1499 4290 1549 4354 ipsi

336 4358 458 4408 iecerunt
476 4359 519 4408 uoi
538 4359 607 4408 aiios
627 4359 716 4409 iacere
734 4360 898 4427 coegerunt?
926 4359 966 4410 An
985 4373 1036 4409 non
1056 4359 1117 4422 ipsa
1133 4371 1178 4408 res
1198 4358 1266 4406 salis
1284 4371 1417 4422 superque
1435 4359 1549 4412 declarat

334 4430 387 4478 iros
406 4429 477 4478 uitae
494 4443 571 4488 suae,
588 4430 650 4480 illos
669 4431 774 4482 alienae
792 4431 884 4480 mortis
904 4427 1014 4493 cupidos
1034 4428 1139 4478 iuissci
1167 4429 1219 4478 Aoi
1235 4428 1301 4478 nibil
1314 4429 1401 4479 iudico
1422 4431 1547 4494 equidem,

336 4501 383 4548 aui
401 4501 559 4563 exprobauit
577 4504 670 4550 auctor
687 4503 764 4552 alieri
781 4502 851 4564 parti
869 4501 976 4550 nimiam
994 4500 1159 4562 patientiam.
1182 4499 1258 4550 alieri
1276 4495 1383 4550 nimiam
1403 4500 1547 4554 saeuitiam.

335 4567 430 4629 itaque
447 4573 589 4634 probarem
612 4573 681 4638 quod
700 4572 853 4624 Perizonius
878 4585 912 4620 ex
931 4572 1030 4620 ‘uetere
1053 4569 1152 4620 codice'
1175 4567 1278 4620 Schoiii
1302 4569 1410 4628 asciuit,
1434 4566 1548 4623 ottae

336 4641 384 4687 ast
399 4637 428 4688 ii
444 4654 508 4692 suae
525 4641 596 4693 sitae
606 4645 674 4700 eie..
692 4644 744 4693 nisi
755 4641 913 4691 insolentius
926 4641 952 4690 in
965 4640 1016 4689 irae
1028 4641 1211 4694 interiectione
1224 4641 1363 4692 uocaiiuus
1376 4653 1545 4706 personarum

337 4705 458 4758 adbiberi
475 4711 616 4772 uideretur,
635 4725 705 4773 quas
723 4712 837 4774 scriptor
860 4723 894 4760 ne
913 4709 1055 4772 alloquitur
1078 4712 1185 4773 quidem
1207 4712 1299 4777 ipsasr
1324 4725 1359 4765 ex
1381 4725 1432 4776 quo
1449 4725 1545 4780 geom
