3409 5400
1404 527 1446 596 15

306 685 465 754 Eiusdem
488 691 620 777 generis
645 689 793 775 exempla
815 687 899 754 haec
924 699 1008 762 sunt,
1039 686 1065 764 I,
1093 692 1126 767 1,
1156 701 1218 755 ext.
1249 692 1281 765 2,
1313 691 1445 755 desum·

216 809 307 884 ptum
331 818 349 861 e
374 797 441 863 Cic.
465 781 618 862 in'V'err.
642 796 711 873 IIII,
735 798 851 864 411-
873 796 899 874 I,
924 799 955 872 5,
979 799 999 862 3
1023 799 1098 864 etl
1126 820 1144 861 e
1174 797 1241 863 Cic.
1266 799 1306 862 de
1331 797 1396 863 diu.
1419 796 1445 873 Ι,

217 905 330 970 40.-
352 904 376 980 Ι,
400 909 432 980 6,
457 907 478 971 4
502 925 519 967 e
544 905 612 970 Oic.
637 905 676 971 de
701 905 766 969 diu.
790 904 815 980 Ι,
840 906 894 970 33.
917 943 963 954 -
993 905 1018 981 Ι,
1042 907 1073 981 8,
1099 907 1117 970 1
1142 927 1160 968 e
1185 906 1251 970 Cic.
1275 905 1317 969 de
1339 905 1380 970 N.
1403 902 1445 969 D.

192 1011 256 1086 ll.
281 1013 314 1078 2.
337 1011 479 1090 -1111‚
506 1015 541 1088 1,
566 1015 586 1078 3
616 1033 633 1076 e
658 1013 726 1077 Cic.
750 1013 791 1077 de
814 1035 907 1100 prou.
932 1033 1024 1078 cons.
1054 1013 1086 1077 8.
1115 1049 1160 1060 -
1186 1011 1262 1088 1111,
1288 1015 1331 1089 1.
1358 1015 1400 1078 10
1428 1033 1447 1075 3

219 1119 287 1184 Cic.
311 1141 370 1208 pro
395 1121 520 1186 Cluent.
545 1121 599 1186 48.
622 1153 668 1168 —-
695 1119 758 1194 vl,
783 1121 813 1196 2,
846 1134 907 1187 ext.
933 1124 952 1187 3
976 1145 995 1186 e
1018 1123 1086 1187 cic.
1110 1119 1206 1185 Tusc.
1234 1118 1259 1197 Ι,
1282 1122 1325 1188 43
1349 1132 1381 1185 et
1402 1118 1447 1203 V,

217 1229 271 1293 tu.
294 1265 340 1276 -
362 1227 419 1304 VI,
444 1231 475 1304 3,
500 1229 519 1294 5
543 1249 561 1292 e
586 1229 654 1294 Olc.
686 1229 721 1293 in
743 1225 839 1294 Verr.
868 1227 911 1306 V,
936 1232 966 1296 3.
995 1269 1041 1281 -
1063 1229 1140 1306 vn,
1170 1231 1201 1304 2,
1225 1231 1246 1295 4
1271 1251 1289 1292 e
1314 1231 1380 1295 Cic.
1406 1230 1446 1293 de

218 1334 275 1400 off.
299 1333 354 1411 III,
381 1338 432 1403 19.
456 1373 502 1385 -
523 1334 581 1411 ΙΧ,
607 1337 659 1411 13,
685 1347 745 1399 ext.
770 1337 791 1401 4
815 1359 832 1399 e
858 1338 925 1402 Cic.
951 1337 1047 1404 Tusc.
1079 1336 1123 1413 V,
1152 1338 1196 1403 20
1219 1336 1349 1427 aliaque
1372 1359 1446 1425 per·

218 1443 329 1508 multe.

306 1553 413 1642 Atque
436 1554 520 1621 haec
545 1556 676 1643 quidem
701 1555 904 1619 eCiccronis
922 1555 1124 1619 erationibus
1149 1565 1179 1618 et
1201 1552 1447 1642 philosophiam

218 1662 456 1728 continentibus
479 1663 570 1728 libris
595 1664 768 1750 desumpta
791 1675 876 1726 sunt.
923 1663 992 1727 Sed
1014 1662 1185 1726 rhetoricis
1208 1683 1336 1750 quoque
1360 1666 1447 1726 eius·

219 1771 292 1835 dem
317 1770 471 1857 operibus
496 1781 527 1834 et
555 1770 702 1857 epistolis
734 1771 931 1855 saepissime
960 1768 1114 1834 Valerius
1145 1772 1191 1834 ita
1219 1792 1300 1835 usus
1330 1782 1381 1835 est
1413 1781 1448 1833 ut

217 1891 348 1965 propter
372 1898 570 1943 consensum
588 1900 662 1943 cum
679 1899 789 1943 rerum
804 1877 995 1943 traditarum
1011 1888 1078 1942 tum
1101 1879 1248 1964 ipsorum
1272 1878 1446 1943 uerborum
1524 1884 1529 1895 '

220 1989 296 2073 quin
320 1985 407 2050 hanc
436 1987 648 2071 praepruam
678 1996 710 2049 et
737 1986 870 2050 unicam
898 1985 962 2049 illis
990 1984 1073 2050 Iocis
1103 1999 1234 2052 secutus
1264 1987 1306 2051 sit
1335 1997 1447 2050 aucto-

218 2096 345 2159 ritatem
365 2092 505 2158 dubitari
521 2104 672 2179 nequeat.
718 2091 763 2157 Vt
779 2113 796 2154 e
810 2114 935 2181 magno
953 2093 1173 2180 exemplorum
1189 2115 1323 2159 numero
1339 2115 1448 2180 pauca

221 2201 375 2274 afferam,
407 2202 615 2266 conferantur
642 2197 719 2264 Val.
746 2197 833 2274 VIII,
859 2202 889 2273 1,
914 2200 1018 2265 absol.
1043 2201 1062 2265 3
1087 2223 1162 2266 cum
1187 2202 1254 2266 (lic.
1277 2201 1367 2266 Brut.
1392 2202 1447 2267 23.

218 2306 293 2372 Val.
323 2305 411 2382 Vlll,
446 2309 481 2383 7,
512 2319 573 2372 ext.
605 2309 623 2372 1
656 2329 730 2373 curn
760 2308 827 2372 Oia.
860 2307 900 2370 de
931 2319 1011 2373 orat.
1042 2306 1074 2382 Ι,
1099 2308 1153 2372 01.
1184 2305 1260 2373 Val.
1281 2305 1369 2383 VIII,
1396 2309 1447 2381 10,

223 2418 239 2481 1
264 2437 337 2480 cum
363 2415 430 2480 Cic.
454 2414 495 2478 de
519 2425 601 2480 orat.
616 2413 671 2488 ΙΙΙ,
696 2416 749 2480 60.
774 2413 850 2480 Val.
867 2413 955 2489 Vni,
982 2415 1033 2489 11,
1058 2425 1120 2478 ext.
1145 2415 1255 2479 licum
1273 2414 1341 2478 cic.
1365 2424 1448 2479 orat.

220 2523 275 2588 22.
302 2521 379 2587 VaI.
403 2520 460 2596 VI,
484 2523 515 2596 2,
540 2523 560 2589 0
585 2545 659 2588 cum
684 2524 751 2588 Cic.
776 2522 820 2588 ad
843 2522 908 2587 Att.
931 2520 971 2596 ΙΙ,
998 2522 1049 2588 13.

310 2628 378 2696 Iam
399 2651 490 2705 uero,
514 2651 586 2694 erun
610 2626 781 2697 Valerium
810 2631 927 2694 totiens
957 2650 997 2693 ex
1019 2627 1117 2693 huius
1148 2630 1317 2717 scriptoris
1348 2630 1446 2694 etiam

219 2760 304 2803 nuuc
323 2737 550 2825 superstitibus
568 2741 710 2825 scriptis,
735 2760 871 2827 quorum
884 2758 986 2803 unum
1001 2749 1124 2802 tantum
1141 2740 1291 2824 apposito
1314 2740 1447 2803 nomino

219 2847 337 2921 citauit,
361 2846 478 2911 librum
504 2868 600 2934 quem
624 2846 664 2909 de
688 2856 853 2911 senectute
877 2848 1061 2932 composuit
1089 2843 1195 2926 (vm,
1227 2846 1279 2921 13,
1303 2856 1364 2910 ext.
1390 2845 1445 2926 1.),

218 2966 317 3020 totum
329 2955 473 3041 pendere
487 2955 799 3028 animaduertamus,
823 2974 890 3017 non
904 2954 1012 3018 rarius
1028 2974 1101 3017 eum
1115 2954 1157 3017 iis
1173 2952 1337 3040 operibus,
1362 2972 1446 3041 quae

217 3063 336 3126 iniuria
360 3073 543 3148 temporum
566 3062 660 3127 nobis
685 3062 883 3135 interierunt,
908 3059 1024 3125 eodem
1039 3061 1139 3125 modo
1159 3082 1257 3126 usum
1279 3080 1355 3125 esse
1377 3080 1446 3125 me-

217 3172 279 3234 rito
303 3169 493 3254 suspiceris.
539 3167 577 3235 In
601 3190 664 3257 quo
690 3188 810 3257 genere
834 3167 969 3255 singula
990 3170 1144 3255 persequi
1174 3167 1307 3255 longius
1338 3190 1401 3232 nos
1425 3190 1448 3233 a

217 3278 386 3365 proposito
411 3276 595 3353 abduceret,
620 3288 733 3364 estque
757 3286 788 3338 et
811 3274 960 3349 difficile,
989 3296 1064 3340 cum
1093 3294 1159 3339 uno
1183 3274 1350 3341 dumtaxat
1371 3274 1444 3340 Ioco

219 3384 423 3471 deperditum
438 3384 606 3449 Ciceronis
629 3383 793 3456 uolumen,
817 3382 999 3450 orationem
1021 3404 1080 3469 pro
1101 3380 1142 3463 Q.
1160 3382 1265 3446 Gallio
1288 3382 1445 3455 habitam,
1545 3392 1548 3395 ’

219 3492 525 3556 commemorauerit
542 3488 641 3573 (VIII,
657 3492 708 3565 10,
725 3491 770 3570 3.)
779 3488 811 3571 ¹),
836 3502 876 3564 et,
893 3491 972 3577 quia
984 3490 1177 3554 coniecturis
1196 3490 1363 3553 subtracta
1373 3490 1445 3552 fun·

219 3598 365 3663 dementi
388 3599 490 3663 altera
511 3608 603 3686 parte
634 3620 749 3685 parum
781 3600 883 3663 firmis
911 3596 1115 3662 innitendum
1143 3607 1209 3673 est,
1237 3616 1305 3660 non
1330 3596 1447 3682 magni

219 3718 306 3770 certe
331 3705 548 3772 emolumenti.

308 3812 441 3877 Praeter
464 3812 510 3878 M.
535 3810 688 3889 Tullium,
718 3824 753 3877 ut
776 3810 1017 3898 praediximus,
1040 3809 1230 3898 primarium
1254 3810 1371 3877 ducem
1394 3832 1445 3875 se·

218 3921 327 4007 quitur
351 3918 385 3984 T.
408 3920 549 3995 Liuium,
574 3922 665 3985 cuius
678 3920 840 4008 uestigiis,
865 3919 1016 4006 quamuis
1041 3931 1072 3983 et
1094 3917 1180 3983 hunc
1197 3919 1301 3984 semel
1322 3930 1447 3984 tantum

216 4028 412 4093 nominatim
435 4040 550 4093 testem
574 4030 722 4093 citauerit
753 4026 795 4109 (I,
819 4028 840 4093 8
865 4038 927 4091 ext.
952 4028 1013 4108 0.),
1045 4028 1241 4112 saepissime
1263 4026 1337 4113 plus
1360 4028 1445 4091 iusto

215 4136 340 4199 insistit
362 4136 537 4223 uerbIsque
559 4136 767 4201 inhaerescit.
820 4134 998 4221 Apponam
1021 4134 1168 4220 insignIa
1199 4134 1323 4222 aliquot
1345 4134 1445 4199 docu-

214 4254 339 4308 menta.
389 4242 472 4307 Mire
501 4264 636 4329 prorsus
666 4244 712 4307 ita
739 4244 821 4307 inter
851 4263 888 4307 se
912 4243 1119 4307 consentiunt
1147 4240 1233 4305 Liuii
1256 4239 1445 4329 Valeriique

215 4348 367 4415 eiusdem
391 4351 438 4414 rei
461 4350 734 4426 narratiunculae,
759 4370 843 4438 quae
867 4350 1020 4439 leguntur

283 4617 309 4684 ¹)
327 4618 362 4671 At
381 4635 415 4672 ne
432 4621 484 4671 hoc
504 4621 609 4687 quidem
627 4622 686 4673 loco
706 4622 794 4688 ipsam
811 4621 886 4673 illam
899 4622 1046 4673 orationem
1066 4620 1187 4673 adhibuit
1203 4620 1254 4673 sed
1272 4636 1340 4688 quac
1359 4634 1394 4673 ex
1412 4635 1446 4673 ea

212 4690 300 4745 refert
318 4693 371 4742 Cic.
389 4694 462 4745 Brut.
481 4688 524 4754 30,
542 4690 604 4745 277.
