3409 5400
580 556 663 622 LIB.
685 556 760 635 1111,
784 558 822 621 G.
846 556 879 632 5,
901 564 931 633 s.
954 558 1065 623 2-4.
1355 556 1423 626 1353

203 717 288 783 Nam
318 728 351 783 ut
380 719 463 781 uidit
485 718 643 781 'omnibus
675 738 711 781 se
740 716 896 781 centuriis
926 718 1078 803 Scipioni
1106 716 1275 793 anteferri‚
1304 720 1424 803 templo
1440 716 1453 726 ”

204 824 385 899 descendit,
409 825 603 910 abiectaque
615 822 758 888 candide
780 836 860 911 toga
877 824 1087 909 conpetitoris
1105 826 1156 888 sui
1172 824 1426 911 suffragatorem

204 952 304 1021 agere
338 933 460 1016 coepit,
494 942 530 993 ut
560 928 686 995 scilicet
711 940 898 1015 praeturam
926 930 1044 996 melius
1072 930 1220 996 Africani
1247 932 1426 995 memoriae

204 1038 400 1103 concederet
427 1058 526 1123 quam
549 1036 613 1102 s'ibi
636 1038 828 1102 uindicaret.
874 1036 944 1100 Nec
966 1039 1146 1102 maximum
1169 1038 1244 1103 esse
1267 1058 1427 1103 uerecun-

181 1145 280 1209 odias
303 1143 456 1229 pretiuml
475 1144 607 1228 'Scipio
631 1153 707 1207 tunc
730 1142 893 1209 honorem
917 1142 1056 1229 adeptus
1081 1156 1145 1220 est,
1170 1145 1230 1209 sed
1254 1146 1310 1226 [si]
1334 1144 1426 1208 Cice·

204 1252 273 1315 rein
295 1253 405 1337 magis
431 1250 588 1336 gratulati
606 1260 691 1317 sunt.

294 1356 343 1419 Ac
372 1377 412 1419 ne
441 1358 590 1441 protinus
620 1358 760 1420 comitiis
793 1356 966 1432 abeamus
1001 1356 1207 1421 consulatum
1243 1370 1358 1443 petens
1388 1356 1426 1424 L.
1438 1354 1470 1421 4.

206 1463 361 1537 Crassus,
385 1484 459 1527 cum
483 1464 628 1527 omnium
651 1461 901 1527 candidatorum
923 1484 1016 1527 more
1032 1464 1277 1527 circumferam
1292 1463 1430 1550 supplex

205 1569 325 1655 populo
353 1570 400 1634 ire
431 1580 614 1656 cogeretur,
647 1590 827 1655 numquam
856 1570 975 1633 adduci
1004 1571 1107 1657 potuit
1133 1580 1167 1631 ut
1193 1569 1228 1633 id
1256 1570 1428 1655 praesente

169 1675 248 1756 rot).
271 1675 446 1751 Scaeuola,
470 1676 670 1761 grauissimo
688 1686 719 1738 et
734 1677 981 1761 sapientissimo
1003 1678 1087 1751 uiro,
1111 1697 1228 1740 socero
1245 1698 1318 1753 suo,
1341 1677 1429 1740 facc-

205 1792 264 1846 ret.
302 1781 416 1868 ltaque
445 1781 587 1868 rogabat
616 1804 690 1845 eum
720 1791 756 1843 ut
785 1804 806 1846 a
833 1804 881 1857 se,
912 1783 992 1846 dum
1017 1784 1149 1868 ineptae
1176 1784 1223 1847 rei
1246 1784 1430 1856 inseruiret,

204 1887 398 1964 discederet,
420 1890 579 1953 maiorem
602 1888 837 1953 uerecundiam
860 1888 1030 1975 dignitatis
1053 1890 1124 1953 eius
1149 1889 1245 1977 quam
1267 1888 1430 1959 candidae

205 2005 304 2081 togae
327 2016 409 2061 suae
431 2006 617 2081 respectum
641 2014 758 2082 agens.

709 2144 924 2160 ψ

211 2222 234 2279 l.
253 2238 369 2288 namque
387 2224 424 2280 Ε.
445 2223 458 2295 ll
477 2223 503 2279 2.
523 2226 680 2287 adiectaque
705 2221 727 2275 C
748 2230 774 2275 et
791 2239 838 2292 pr.
862 2223 894 2276 Α.
911 2224 925 2292 ΙΙ
942 2227 1115 2291 conpetitoris
1142 2227 1185 2277 sui
1211 2224 1429 2293 suffragatorem]

208 2299 398 2360 competinrem
415 2295 447 2350 Γ.
464 2295 478 2364 ΙΙ
494 2296 719 2415 suffragatoremp
734 2293 797 2347 add.
815 2311 846 2347 se
867 2311 938 2350 cerr.
955 2295 988 2348 Α.
1010 2300 1094 2349 suffra
1114 2300 1235 2349 anienem
1252 2295 1290 2349 D.
1306 2297 1319 2365 Η
1336 2291 1362 2349 3.
1381 2298 1432 2347 sci·

208 2366 280 2433 licet]
301 2368 428 2431 scipionis
447 2366 482 2421 E.
494 2365 507 2433 ΙΙ
519 2363 544 2420 i.
564 2368 619 2417 Nec
638 2394 671 2403 —
691 2362 740 2431 (Ζ)
759 2368 888 2434 gratulati
906 2370 967 2417 sunt
985 2383 1034 2422 nm.
1052 2312 1192 2438 ΠῆΝοο]
1212 2364 1274 2418 aad.
1292 2383 1346 2419 uon
1363 2364 1395 2418 F.
1407 2366 1421 2435 ΙΙ

208 2438 353 2488 maximum
372 2440 446 2505 esse]
466 2440 601 2489 minimum
620 2438 663 2487 est
681 2450 751 2488 cerr.
769 2434 801 2497 Α,
823 2434 900 2490 anr.
912 2437 926 2503 Η
937 2434 963 2490 5.
975 2440 1106 2502 praetium
1120 2437 1152 2490 A.
1164 2439 1177 2507 Η
1189 2442 1238 2489 sed
1256 2452 1306 2489 nm.
1324 2434 1431 2489 Fibra.

222 2509 234 2573 ΙΙ
249 2510 272 2557 si
295 2523 346 2559 nm.
363 2507 571 2631 DEFTW‘J}

208 2579 384 2647 magistratus
403 2582 450 2631 lati
467 2584 530 2631 sunt
578 2577 631 2632 OD
638 2576 701 2631 EF.
713 2576 726 2645 11
739 2573 764 2631 i.
785 2578 823 2629 de
835 2607 870 2617 -
883 2582 1014 2631 abeuuius
1032 2596 1081 2631 om.
1097 2580 1128 2633 Γ.
1140 2581 1154 2650 ΙΙ
1166 2598 1200 2632 m.
1213 2583 1308 2645 petens
1321 2594 1431 2631 crassus

207 2646 236 2697 ia
254 2662 352 2701 susara
368 2648 405 2703 D.
424 2654 520 2716 potens
539 2652 556 2702 l.
575 2664 691 2720 gressus
709 2646 738 2702 F.
749 2648 764 2717 ΙΙ
779 2646 818 2704 ll.
838 2652 951 2703 sentiret
968 2648 998 2703 1¹⁸.
1021 2654 1169 2705 desereiret
1189 2651 1252 2706 Per.
1274 2648 1351 2705 'l'nra
1362 2649 1376 2718 ΙΙ
1389 2648 1430 2703 12.

208 2721 324 2772 disceret
336 2736 383 2790 pr.
401 2721 433 2776 A.
447 2721 459 2794 ΙΙ
476 2719 516 2776 13.
535 2723 659 2788 respectu
678 2735 748 2774 corr.
765 2720 798 2773 A.

593 2506 722 2575 Cicereio]
748 2508 838 2559 citerio
862 2507 898 2561 Ε.
924 2511 1027 2562 ciceron
1045 2506 1075 2560 F.
1093 2507 1156 2563 aad.
1177 2513 1267 2561 tamen
1287 2507 1366 2561 Terr-
1379 2505 1392 2578 ΙΙ
1405 2506 1431 2560 ii.

280 2931 335 2986 Nec
353 2935 491 2988 munierum
512 2951 569 2988 aare
590 2933 765 2988 uerecundiae
785 2935 930 3004 pretiumlt
957 2936 1031 2987 llaec
1049 2940 1133 2988 uerba
1152 2941 1179 2988 et
1198 2952 1267 3003 quae
1285 2940 1431 3004 sequuntur

209 3005 237 3053 in
255 3005 332 3056 ironis
357 3010 428 3060 certe
452 3009 587 3058 codicibus
613 3023 665 3058 non
689 3009 758 3058 adeo
783 3011 907 3073 corrupta
929 3009 994 3058 mihi
1017 3023 1081 3060 csse
1106 3009 1226 3059 uidentur
1249 3025 1331 3071 quam
1348 3011 1430 3076 uulgo

209 3075 311 3125 credita
329 3081 398 3128 sunt.
436 3079 538 3129 Vulnus
557 3080 627 3129 enim
646 3081 761 3129 omnium
782 3080 862 3148 longe
879 3080 1083 3148 grauissimum,
1107 3081 1162 3130 iam
1180 3082 1329 3145 archetypo
1347 3080 1432 3129 codici

209 3146 320 3204 illatum,
339 3151 501 3200 recentiores
520 3149 621 3200 librarii
639 3153 665 3200 et
683 3155 756 3200 recte
775 3157 919 3201 senserunt
936 3154 964 3200 ct
972 3151 1145 3214 probabiliter
1162 3153 1299 3208 sanarunt,
1317 3165 1366 3214 pro
1378 3163 1432 3200 ma·

207 3213 337 3280 pistacias
359 3216 408 3268 leti
431 3225 492 3270 suat
509 3220 657 3271 scribentes
676 3219 760 3286 mapis
779 3219 909 3286 pratuluti
930 3226 1002 3280 mat,
1028 3224 1099 3284 quod
1123 3223 1150 3270 in
1173 3222 1286 3288 uulgata
1307 3221 1433 3283 exempla

209 3287 384 3337 introductum
405 3291 439 3338 ab
463 3289 695 3353 A1d0.tamquam
717 3293 895 3341 certissimam
915 3293 1092 3342 coniecturam
1112 3293 1216 3342 retinui.
1251 3291 1354 3341 Deinde
1376 3305 1432 3338 ma·

209 3358 336 3408 niisslum
356 3360 399 3407 est
416 3360 442 3408 in
461 3361 514 3420 his,
534 3376 602 3426 quae
620 3361 758 3427 huerrsque
782 3364 930 3412 edebantur
949 3360 1068 3413 &careia
1090 3365 1190 3414 tamen,
1215 3363 1242 3410 in
1264 3361 1343 3409 bonis
1362 3359 1433 3408 codi-

210 3429 286 3477 cibus
304 3429 430 3496 leguntur
447 3427 495 3480 sed
511 3429 536 3481 si
562 3429 696 3485 Cicereio,
722 3433 931 3482 condicionalem
948 3432 1121 3495 particulam,
1140 3446 1210 3495 quac
1227 3431 1258 3478 ut
1273 3431 1362 3479 locum
1379 3444 1434 3478 uon

210 3500 300 3555 habet,
320 3499 356 3548 ita
366 3499 491 3556 facillime
510 3515 543 3552 ex
561 3502 710 3566 insequenti
729 3503 837 3566 syllaba
849 3503 926 3552 nasci
940 3503 1032 3566 potuit,
1049 3503 1114 3552 item
1129 3503 1202 3550 recte
1214 3517 1232 3550 a
1242 3501 1433 3549 recentioribus

210 3570 325 3618 librariis
347 3570 463 3620 deletam
486 3585 557 3622 erse.
603 3573 728 3637 Reliqua,
757 3574 783 3622 in
808 3573 904 3636 quibus
928 3573 1095 3638 grammatici
1119 3585 1179 3619 cum
1202 3570 1352 3620 correctore
1374 3571 1435 3620 libri

210 3641 355 3692 Beruenats
379 3643 448 3691 aden
473 3645 507 3691 ab
533 3643 642 3708 antiqua
666 3643 798 3704 scriptura
817 3643 1001 3691 discesserunt
1023 3644 1051 3692 ut
1068 3641 1130 3690 huie
1147 3654 1183 3689 ne
1206 3640 1305 3690 alatilia
1327 3642 1434 3704 quidem

211 3715 388 3772 remanerent,
407 3713 506 3762 intacta
525 3713 587 3762 milri
607 3713 780 3777 relinquenda
799 3725 863 3762 csse
881 3713 1012 3765 uidentur.
1054 3713 1120 3773 Quid
1140 3712 1223 3770 enim,
1244 3712 1268 3760 si
1286 3714 1370 3761 uerba
1386 3726 1435 3762 aec

210 3780 350 3832 maalmam
368 3797 424 3834 esse
441 3779 616 3834 uerecundiae
631 3781 759 3850 pretium,
784 3785 867 3850 uulgo
892 3782 1031 3832 arbitraris
1050 3784 1193 3832 admodum
1216 3785 1320 3832 munta
1342 3785 1369 3832 in
1386 3797 1435 3834 aec

210 3851 343 3903 minimum
361 3857 401 3905 est
417 3851 592 3905 uerecundiae
606 3851 731 3921 pretium.
751 3869 785 3903 ce
803 3854 972 3903 exclamandi
989 3855 1080 3921 figura
1095 3855 1188 3918 posita
1205 3856 1344 3918 putemus,
1364 3871 1434 3920 quae

211 3925 365 3990 plerumque
384 3928 539 3976 accersatiuo
559 3941 618 3976 cum
636 3927 773 3982 inlinitum,
799 3924 891 3974 addita
907 3925 1088 3991 interrogandi
1107 3925 1237 3988 particula
1256 3939 1304 3979 ae.
1328 3928 1375 3975 sed
1395 3928 1433 3975 in·

211 3997 314 4044 ierdum
334 3998 413 4046 ctiam
433 3999 492 4046 sinc
509 3995 557 4046 illa
580 3997 711 4059 particula
736 3993 908 4060 exprimitur?
935 3995 980 4044 Sic
1004 3997 1056 4047 Cle.
1088 4009 1149 4059 epp.
1173 3996 1262 4054 xiiii,
1290 3994 1317 4055 i,
1342 3994 1371 4054 i.
1397 3995 1434 4047 Te
1530 3991 1534 4002 ’

211 4063 264 4115 istu
274 4065 381 4120 uirtutis,
394 4062 462 4132 fide,
479 4063 622 4134 probitate,
643 4066 802 4117 humanitate
810 4065 838 4116 ia
850 4071 939 4116 tantur
957 4080 1096 4116 aerumans
1109 4071 1223 4132 propter
1238 4083 1279 4117 me
1291 4065 1434 4118 incidisse!

211 4138 245 4186 id.
264 4137 290 4185 in
309 4137 384 4186 Verr.
404 4139 439 4195 V,
465 4135 500 4188 44
527 4135 602 4188 lttam
620 4137 779 4190 clementiam
791 4135 1061 4205 mansuetudinemque
1071 4137 1156 4188 aosbu'
1167 4136 1274 4206 imperii
1290 4138 1319 4188 ia
1336 4143 1434 4189 tastum

211 4203 391 4258 crudelitatem
409 4206 670 4277 inhumanitatemque
688 4225 742 4260 esse
760 4213 931 4260 coauasnm!
959 4211 997 4260 Cf.
1016 4212 1121 4273 Zumpt.
1140 4214 1190 4262 nrt.
1211 4211 1236 4272 §-
1256 4207 1317 4261 1113.
1342 4211 1434 4259 Mada.

213 4279 237 4340 5.
263 4273 323 4329 aits.
353 4279 408 4329 Nos
432 4281 581 4331 diceremus
610 4283 670 4330 ‘und
696 4282 774 4331 sollte
799 4283 840 4331 die
865 4283 1021 4350 belohuung
1050 4282 1098 4331 der
1121 4280 1341 4330 bescheidcnheit
1362 4280 1434 4328 nicht

212 4349 276 4398 selrr
294 4361 375 4416 grass
395 4352 475 4401 sein't
504 4353 545 4402 lta
563 4353 634 4402 enim
654 4353 704 4404 hoc
724 4351 782 4402 loco
796 4351 912 4418 pretium
931 4355 1028 4402 dictum
1046 4358 1097 4410 cst,
1117 4354 1146 4401 ut
1158 4353 1228 4401 idem
1245 4352 1337 4399 rraleat
1355 4351 1434 4412 atque

210 4421 372 4483 praemium,
397 4424 431 4470 de
455 4439 507 4488 quo
531 4423 682 4490 significatu
707 4424 740 4473 cf.
760 4425 912 4474 Boetticher
933 4423 986 4475 lex.
1005 4424 1070 4475 'lac
1089 4439 1115 4473 u.
1130 4420 1253 4490 pretium.
1293 4420 1435 4469 Rhetorice

209 4493 291 4558 iffl'tur
309 4493 518 4557 circumscripsit
536 4495 659 4546 Valerius
678 4496 747 4544 hauc
766 4496 939 4552 sententiam.
964 4497 1173 4543 consentancum
1193 4493 1277 4541 inisse
1290 4492 1435 4540 maximum

208 4563 357 4626 praemium
377 4567 555 4615 uerecundiae
574 4568 632 4616 eius
650 4565 738 4624 tribui,
757 4567 870 4630 ideoque
882 4568 1035 4628 praeturam
1051 4564 1167 4627 Scipioni
1181 4565 1271 4612 datam
1282 4575 1355 4618 esse,
1375 4562 1435 4624 ipso

210 4636 328 4684 ttinerelo
351 4637 535 4706 suffragante,
561 4639 611 4686 sed
630 4639 748 4688 Cicereio
767 4651 862 4688 omnes
880 4637 969 4704 magis
988 4637 1069 4685 etiam
1089 4635 1239 4702 gratulatos
1265 4645 1329 4684 csse
1353 4647 1436 4694 quam

208 4707 334 4769 praetori.

280 4773 306 4832 4.
326 4777 365 4831 01.
385 4777 438 4834 cic.
457 4782 491 4833 de
510 4795 549 4834 er.
567 4779 589 4843 Ι,
606 4777 651 4842 ui,
673 4775 730 4835 112.
1272 4779 1283 4798 ⁸

1172 4864 1215 4932 23
