3409 5400
567 554 648 623 LIB.
673 554 732 633 vi,
757 557 794 623 Ο.
817 558 849 634 2,
873 566 902 634 s.
927 558 957 627 8.
984 561 1014 628 9.
1342 564 1406 631 tri

181 716 292 803 equite
308 714 460 780 Romano
486 716 686 783 trucidatum.
733 716 812 783 Vidi
829 719 945 784 eodem
961 719 1075 785 babitu
1091 731 1123 785 et
1145 725 1296 809 quiritatu
1312 745 1407 810 prae·

182 825 301 888 terium
324 824 430 886 'uirum
446 821 653 907 Perpennam
678 826 849 891 saeuitiam
876 840 962 891 tuam
987 840 1204 904 execrantem,
1227 851 1408 917 omnesque

72 936 77 945 '
182 954 245 995 eos
270 952 336 994 una
360 950 440 992 uoce
464 929 685 1018 indignantes,
710 932 797 1019 quod
819 933 998 1000 indemnati
1022 936 1084 999 sub
1112 948 1141 999 te
1165 934 1408 1001 adulescentulo

182 1039 338 1101 carnifice
376 1036 595 1102 occidissent'.
658 1038 808 1104 Obducta
842 1041 908 1105 iam
941 1044 1077 1107 uetustis
1106 1044 1313 1109 cicatricibus
1341 1042 1408 1107 bel·
1486 1033 1491 1045 ’

72 1151 77 1191 f
152 1145 291 1210 ⁵lorum
316 1143 459 1208 ciuilium
485 1146 677 1211 uastissima
700 1146 837 1212 uulnera
854 1150 1045 1234 municipali
1062 1150 1196 1227 homini,
1220 1152 1409 1214 seruitutem

184 1261 358 1337 paternam
383 1250 550 1325 redolenti,
578 1252 756 1318 effrenatae
786 1256 992 1329 temeritatis,
1023 1255 1235 1321 intolerabilis
1265 1257 1408 1343 spiritus,

184 1360 307 1444 inpune
332 1379 487 1421 reuocare
512 1358 611 1423 licuit.
657 1358 771 1447 ltaque
800 1382 839 1423 eo
870 1374 1015 1447 tempore
1043 1373 1074 1425 ct
1102 1364 1315 1429 fortissimum
1339 1376 1410 1427 erat

185 1466 247 1531 Cn.
272 1464 430 1551 Pompeio
460 1465 657 1533 maledicere
686 1480 718 1530 et
746 1469 953 1534 tutissimum.
1005 1468 1073 1533 Sed
1105 1492 1170 1534 aon
1200 1473 1319 1557 patitur
1346 1492 1408 1537 nos

183 1572 249 1638 lroc
277 1572 426 1659 longiore
459 1572 602 1659 querella
632 1576 788 1661 prosequi
817 1594 980 1662 personae
1010 1576 1213 1662 insequentis
1242 1578 1408 1665 aliquante

72 1694 75 1725 ²
148 1695 178 1739 ¹⁰
189 1702 266 1746 sors
290 1678 452 1745 humilior.

276 1785 429 1873 Diphilus
459 1787 653 1874 tragoedus,
687 1809 760 1853 cum
790 1788 1036 1875 Apollinaribus
1066 1789 1153 1855 ludis
1188 1791 1272 1855 inter
1299 1792 1450 1858 aetumll.

189 1895 234 1962 ad
263 1917 338 1960 eum
369 1915 502 1959 uersum
535 1895 697 1971 uenisset,
731 1897 764 1959 in
800 1918 864 1981 quo
899 1894 983 1960 haee
1020 1896 1181 1961 sententia
1217 1898 1410 1973 continetur,

194 2073 215 2128 Ι.
235 2073 373 2195 quiritatu]
391 2075 557 2136 quaerimonia
574 2071 611 2128 D.
627 2072 678 2139 112.
699 2090 843 2140 perennem
864 2073 894 2128 1¹.
919 2077 1081 2141 Perpernam
1107 2075 1169 2130 Par.
1190 2074 1267 2131 Tere.
1297 2074 1356 2130 Vici.
1375 2074 1412 2128 ad

193 2144 270 2201 Vffl,
293 2142 627 2215 13..113.inacmnau1
654 2144 716 2199 add.
742 2152 769 2197 et
792 2149 851 2198 sine
871 2162 956 2198 cansa
975 2144 1002 2199 F.
1023 2146 1035 2212 ΙΙ
1050 2146 1075 2199 l.
1094 2148 1219 2212 uetustis]
1242 2150 1320 2199 uictis
1339 2146 1397 2219 1³.ss

190 2215 219 2268 9.
237 2219 385 2269 temeritato
404 2230 474 2269 corr.
492 2212 524 2269 A.
536 2216 549 2283 ΙΙ
561 2218 742 2268 intolerabiles
760 2214 821 2269 DI*
838 2222 864 2269 et
877 2232 922 2285 pr.
940 2215 971 2269 A.
995 2214 1055 2270 vid.
1074 2215 1112 2268 ad
1127 2215 1179 2271 ΙΙΙ.
1200 2216 1227 2271 8.
1248 2224 1298 2271 ert.
1317 2217 1342 2271 t.
1357 2221 1371 2283 ti
1385 2220 1411 2273 i.

192 2288 236 2356 eo]
257 2292 351 2340 eodem
370 2285 402 2340 F.
420 2286 433 2353 ΙΙ
451 2286 476 2340 8.
497 2289 603 2351 pompei
622 2284 644 2337 A
663 2293 688 2338 et
724 2303 745 2342 r.
766 2286 797 2339 Γ.
814 2287 828 2355 ΙΙ
844 2288 897 2339 Sed
918 2316 952 2326 —-
971 2285 1038 2353 (10.)
1058 2290 1247 2341 humiliorem.
1266 2287 1296 2341 Γ.
1309 2290 1346 2357 ΙΙ.
1362 2306 1411 2341 nos

192 2361 243 2409 boc
261 2358 293 2414 A,
312 2374 362 2410 nos
382 2361 450 2409 baec
469 2356 503 2411 Ε.
522 2358 572 2409 boe
592 2373 642 2409 nos
661 2304 771 2425 ΚΕΗ.
791 2360 923 2424 deiphilus
942 2356 977 2411 Ε.

193 2523 336 2589 pugnaret.
372 2522 465 2583 ltaque
487 2536 546 2569 eum
565 2518 719 2570 Perizonius
744 2522 838 2571 eadem
863 2522 896 2569 de
919 2532 1004 2569 eausa
1027 2524 1074 2569 arrt
1094 2520 1236 2569 delendum
1260 2523 1413 2572 censuisset

195 2606 227 2643 ue
250 2590 327 2658 nesus
346 2593 392 2641 arri
412 2593 555 2661 legendam
575 2604 640 2641 esse
663 2596 755 2642 centra
778 2606 851 2641 omae
867 2589 919 2656 saa
943 2604 975 2640 ec
998 2588 1053 2643 ius.
1079 2592 1191 2640 aiterum
1218 2592 1267 2641 boc
1291 2594 1413 2655 probauit

195 2664 349 2717 'sorreniua
386 2664 487 2727 idstqae
506 2676 573 2714 sane
586 2663 653 2713 mira
665 2664 785 2714 iunctura
798 2657 926 2714 aduersas
942 2676 1016 2713 ornae
1032 2661 1107 2730 ursas
1124 2658 1292 2714 trucidatum.
1330 2664 1414 2715 i'cide

193 2738 286 2786 tamen
306 2737 396 2785 dubito
418 2738 452 2785 de
477 2736 604 2784 mutanda
627 2737 770 2799 scripturn,
796 2748 874 2799 qaam
899 2737 1081 2784 excusandam
1105 2738 1131 2783 ct
1156 2735 1193 2783 itu
1216 2737 1413 2786 concedendum

197 2809 321 2880 existimo
345 2809 446 2856 erectori
470 2807 657 2874 neglegentius
689 2807 822 2857 scribenti.
868 2807 923 2871 Fas
947 2809 1027 2872 atque
1049 2807 1128 2855 netas
1152 2810 1179 2855 et
1202 2806 1299 2855 similia
1321 2809 1412 2863 merita,

197 2893 265 2943 qaae
284 2880 351 2928 inter
370 2893 401 2928 se
420 2883 600 2942 opponuntur,
620 2880 645 2927 in
665 2879 831 2946 designando
851 2877 912 2926 liciti
937 2880 1017 2943 atque
1043 2877 1123 2926 illiciti
1149 2879 1230 2926 mixto
1249 2878 1413 2941 cortinaeque

196 2950 347 3000 discrimine
371 2952 440 3000 adeo
466 2951 616 3014 frequenter
634 2949 837 3006 adhibebantur,
857 2950 887 2996 ot
910 2948 936 2997 in
958 2949 1128 3012 prouerbium
1153 2949 1281 3011 paulatim
1300 2952 1412 3001 abirent.

197 3021 247 3084 (Cf.
266 3021 362 3072 Donat.
383 3023 416 3071 ad
433 3021 495 3073 Ter.
511 3021 591 3070 narie.
609 3019 629 3078 1,
649 3014 674 3077 3,
693 3017 719 3078 9,
740 3021 783 3068 nbi
802 3021 835 3068 ad
855 3023 952 3084 poetae
972 3023 1069 3078 uerba,
1093 3035 1163 3085 quae
1188 3021 1258 3070 male
1282 3022 1321 3070 sie
1340 3023 1413 3088 legit,

196 3105 244 3159 que
267 3089 326 3142 iare
348 3105 448 3159 quaque
473 3089 589 3145 iniuria,
622 3092 759 3140 adnotauit
789 3091 871 3148 brice,
902 3088 1073 3141 Prouerbt'ale
1095 3087 1144 3140 hae
1166 3095 1218 3144 est.
1244 3089 1333 3157 qualia
1355 3096 1415 3142 suat

189 3163 240 3228 ses
258 3167 283 3213 et
299 3163 394 3225 nesus.)
435 3162 527 3224 ltaque
553 3163 651 3210 iactum
676 3165 717 3211 esi
737 3167 764 3211 ut
788 3163 929 3212 coniuncta
950 3166 1155 3228 usurparentur,
1179 3164 1221 3212 uel
1240 3165 1283 3212 nbi
1303 3165 1413 3214 alterius

199 3234 269 3285 notio
288 3235 325 3282 ita
344 3234 527 3297 praeuaiebat,
546 3235 575 3281 nt
593 3234 703 3282 alterius
723 3233 830 3298 propria
848 3234 890 3283 uis
909 3234 966 3283 iere
984 3249 1036 3283 non
1055 3235 1206 3285 sentiretur.
1248 3234 1277 3283 ln
1296 3236 1347 3284 hoe
1367 3249 1414 3302 ge·

197 3319 260 3355 nere
279 3305 322 3354 est
339 3306 407 3370 quod
427 3303 536 3352 'i'aeitue
556 3305 705 3368 composuit
721 3305 748 3353 in
767 3303 816 3354 XV
836 3320 898 3356 aaa.
915 3300 964 3363 37,
989 3301 1049 3371 lpse
1064 3318 1115 3371 per
1132 3302 1295 3370 licitumque
1311 3303 1415 3355 inlicita

190 3371 317 3442 foedatus
334 3373 401 3424 aiiii
415 3371 512 3439 fiapitir'
529 3371 679 3442 reliquerat,
699 3375 742 3424 ubi
761 3375 839 3437 plura
858 3381 1053 3442 congesserunt
1073 3374 1241 3438 interpretes.
1277 3375 1315 3425 Gi.
1333 3377 1415 3424 ctiam

198 3447 279 3498 Orell.
299 3446 332 3494 ad
353 3447 416 3496 ller.
436 3446 513 3508 epod.
532 3439 558 3502 5,
577 3443 620 3497 87.
658 3445 713 3495 Nee
735 3445 815 3494 multe
835 3447 911 3495 aliter
938 3445 1003 3495 'irre
1026 3445 1049 3493 ll
1074 3446 1138 3496 nist.
1162 3438 1197 3492 56
1219 3441 1345 3511 Dirpmi
1363 3457 1416 3512 pet·

198 3513 341 3584 municipia
359 3513 518 3566 ricciarius
540 3511 674 3566 Vitelliani
697 3512 827 3581 spoliare,
853 3529 964 3581 rapere.
990 3512 1020 3564 ai
1044 3518 1070 3563 et
1091 3510 1193 3580 stapris
1211 3511 1337 3579 polluere.
1384 3513 1415 3567 la

199 3586 332 3654 omnesne
349 3585 475 3653 aesosque
492 3583 568 3636 ouidi
586 3590 632 3636 aut
648 3583 753 3637 uenales
769 3597 820 3635 aaa
837 3599 930 3637 suero,
957 3598 1007 3633 aea
1026 3583 1144 3652 prosuae
1166 3579 1337 3638 abstinebant.
1372 3587 1415 3637 ln·

199 3661 327 3710 solentius
346 3660 398 3709 hoc
416 3673 489 3714 esse,
509 3659 542 3706 de
561 3671 614 3719 quo
632 3658 747 3725 agimus,
766 3671 818 3704 non
839 3656 1009 3723 negauerim:
1034 3657 1137 3705 aideiur
1154 3658 1245 3704 tamen
1263 3657 1290 3705 in
1308 3658 1415 3708 solitum

199 3733 259 3782 iilud
287 3731 389 3780 dicendi
412 3743 499 3798 genus
530 3729 656 3778 incidisse
682 3729 805 3777 Valerius
830 3741 917 3792 neque
944 3725 1169 3776 animaduertisse
1193 3730 1357 3792 quantopere
1380 3731 1415 3779 ab

198 3804 275 3853 huius
294 3803 344 3852 loci
362 3802 496 3851 sententia
513 3801 537 3848 id
558 3801 673 3850 alienum
691 3800 735 3848 sit.

263 3871 428 3942 praetoriam
445 3869 532 3996 uiget
549 3870 721 3938 Perpennam)
740 3871 778 3919 Gi.
798 3868 865 3920 Piut.
885 3868 976 3934 Pomp.
994 3865 1038 3923 29.
1057 3871 1092 3920 id.
1111 3869 1210 3922 Sertor.
1221 3865 1265 3921 21.
1285 3869 1351 3936 App.
1365 3874 1414 3926 cio.

199 3947 217 4005 l,
239 3942 296 3998 ll5.
323 3947 402 3996 Oros.
421 3944 454 4002 V,
510 3981 517 3998 .
994 3963 1010 3989 4

268 4015 359 4084 ltaque
376 4029 406 4065 ee
424 4019 538 4082 tempore
556 4019 582 4064 et
594 4011 772 4080 fortissimum
791 4018 860 4068 erati
886 4014 956 4063 Mira
979 4015 1048 4063 haec
1072 4015 1206 4065 conclusio
1230 4016 1281 4066 est.
1323 4016 1416 4080 Neque

199 4089 266 4138 enim
285 4103 339 4151 qna
358 4087 391 4137 dc
410 4101 495 4136 causa
512 4087 558 4136 illa
577 4088 610 4136 dc
629 4090 748 4149 tempore
766 4085 967 4150 praedicentur,
990 4087 1059 4151 qnod
1082 4100 1116 4136 ae
1134 4087 1292 4138 describitur
1309 4090 1415 4151 quidem

200 4163 244 4210 unt
262 4159 385 4210 delinitur
403 4159 562 4214 accinctius,
582 4159 703 4219 equidem
723 4158 856 4224 intellego.
893 4156 1034 4220 Temporis
1048 4159 1117 4207 banc
1129 4161 1219 4208 notam
1234 4159 1303 4208 radici
1322 4176 1415 4223 parum

200 4233 269 4283 certe
288 4231 421 4282 intererat.
458 4230 555 4280 Nescio
574 4230 655 4297 igitur
666 4244 701 4278 aa
715 4229 837 4279 Valerios
857 4229 1031 4278 usitatissimo
1050 4230 1152 4279 dicendi
1163 4245 1264 4298 genere
1277 4232 1416 4293 scripserit

200 4300 288 4369 ltaque
304 4298 393 4353 eodm
411 4305 524 4368 tempore
547 4305 572 4351 et
586 4297 765 4366 fortissimum
783 4301 843 4350 eret
859 4299 910 4352 etc.
946 4298 1060 4366 Syllaba
1078 4302 1204 4365 suppleta
1221 4317 1269 4351 car
1287 4301 1415 4351 exciderit

200 4375 367 4424 manifestum
386 4375 437 4426 est.

268 4442 295 4498 9.
313 4446 351 4498 Gi.
370 4445 423 4496 Cic.
442 4446 475 4494 ad
496 4443 547 4496 Aa.
565 4444 597 4502 il,
619 4439 660 4496 itt.

202 4515 1243 4654 itdutd‘ii'n,inliditituriiiiii,0
1257 4514 1418 4650 :iiiii

647 4623 656 4640 ι
1142 4626 1148 4640 .
1303 4609 1309 4635 Ι

202 4661 353 4712 Torrenius.
390 4659 424 4710 At
442 4659 552 4709 mutatio
571 4673 656 4724 neque
674 4659 832 4708 necessaria
850 4660 905 4716 esi,
930 4673 990 4708 com
1015 4675 1067 4709 non
1089 4659 1178 4722 ipsum
1201 4659 1274 4709 iilum
1297 4672 1416 4718 uersam,

203 4735 247 4784 sed
268 4731 428 4785 sententium
446 4731 584 4782 dumtaxat
603 4732 661 4780 eius
680 4730 823 4781 reddiderit
841 4729 979 4788 Valerius,
1002 4743 1087 4796 neque
1105 4729 1267 4793 probabilia,
1290 4732 1416 4795 quoniam

106 4839 109 4847 ι
202 4807 304 4858 tertiam
322 4817 468 4872 persenam
486 4817 555 4854 nunc
572 4801 676 4853 Paridis
695 4815 800 4866 quoque
819 4801 1005 4868 compendium
1023 4801 1169 4856 confirmat.
