3409 5400
364 488 428 555 lte
833 484 893 551 DE
916 482 1109 553 SOMNIIS.

363 648 535 715 Medorum
557 646 840 713 excellentissimo.
865 668 906 711 ne
929 648 964 713 in
987 646 1232 713 eiussamiliem
1248 646 1522 735 regnideeustrans·

361 757 507 829 ferretur,
531 755 592 820 sed
606 754 784 820 Persarum
801 754 954 821 modicae
965 756 1114 819 fortunae
1129 755 1200 818 taire
1217 753 1408 829 conlocando,
1425 764 1524 819 natum-

363 884 425 949 que
453 862 574 948 Cyrum
601 863 720 947 exponi
750 862 911 939 iubendo,
947 863 1024 949 quie
1057 860 1203 926 similiter
1234 861 1344 948 quiade
1369 862 1527 948 temporibus

363 970 607 1034 existimauerat
641 968 777 1056 genitali
804 980 897 1055 parte
926 969 1112 1035 Mandanes
1143 978 1256 1033 natam
1283 969 1371 1033 uitem
1394 989 1425 1033 eo
1446 990 1531 1055 usque

362 1078 524 1151 creuisse,
559 1076 664 1139 donec
693 1088 828 1142 cunctas
858 1076 1091 1143 dominationis
1120 1097 1203 1143 suae
1232 1086 1339 1162 partes
1362 1077 1547 1141 inumbraretr

362 1184 548 1249 Frustretus
560 1193 612 1247 est
634 1184 722 1247 enim
738 1185 864 1270 seipse
889 1186 1016 1271 nepotis
1032 1183 1230 1253 felicitatem,
1255 1183 1424 1250 caelestium
1436 1182 1535 1249 iudicio

363 1290 570 1365 destinatam,
593 1288 747 1355 humanis
771 1291 918 1356 consiliis
942 1291 1090 1376 inpedire
1113 1289 1276 1355 conando.

320 1397 353 1463 6.
450 1396 538 1463 Intra
560 1399 724 1483 priuatum
747 1412 856 1463 autem
879 1397 1025 1463 habitum
1048 1398 1209 1485 Dionysio
1233 1400 1427 1485 Syracusano
1451 1398 1542 1463 adbuc

362 1528 401 1569 se
424 1507 626 1579 continente,
656 1504 811 1571 Himerae
840 1506 1004 1593 quaedam
1034 1527 1101 1569 non
1132 1505 1264 1569 obscuri
1298 1506 1416 1593 generis
1440 1506 1547 1570 femine

362 1614 445 1677 inter
468 1614 608 1699 quietem
631 1613 785 1699 opinione
801 1635 865 1678 sua
885 1612 1010 1678 caelum
1028 1610 1229 1689 conscendit,
1253 1624 1346 1699 atque
1360 1610 1468 1677 ibidem
1482 1612 1547 1675 deo·

360 1740 433 1785 rum
456 1722 602 1783 omnium
624 1714 768 1785 lustratis
792 1719 927 1785 sedibus
952 1719 1181 1787 animaduertit
1211 1718 1440 1804 praeualentem
1459 1721 1547 1784 uirrur

363 1826 440 1891 flaui
463 1824 593 1900 coloris,
616 1826 808 1913 lentiginosi
823 1829 903 1902 oris,
926 1828 1041 1893 ferreis
1059 1831 1184 1894 catenis
1208 1830 1359 1906 uinctum,
1379 1827 1459 1893 louis
1481 1826 1547 1891 solit

362 1932 565 2019 pedibusque
588 1932 781 2008 subiectum,
804 1934 1070 2023 interrogatoque
1094 1936 1226 2012 iuuene,
1259 1960 1322 2023 quo
1350 1932 1547 2002 considerand

362 2040 446 2124 caeli
469 2038 552 2105 duce
575 2040 682 2105 fuerat
702 2063 776 2114 usa,
800 2042 953 2127 quisnam
977 2056 1077 2119 esset,
1099 2044 1202 2109 audiit
1223 2043 1312 2108 illum
1328 2043 1452 2109 Siciliae
1474 2050 1547 2125 atqu

361 2146 475 2212 Italiae
511 2147 616 2211 dirum
647 2168 722 2213 esse
752 2148 866 2223 fetum,
898 2148 1104 2237 solutumque
1135 2149 1277 2215 uinculis
1306 2150 1411 2216 multis
1439 2148 1547 2213 urbibu

362 2254 458 2319 exitio
489 2255 647 2319 futurum:
681 2254 770 2340 quod
798 2256 964 2322 somnitun
992 2268 1122 2343 postero
1156 2258 1208 2321 die
1239 2278 1390 2322 sermone
1420 2254 1547 2342 urrlgeui

361 2360 543 2448 Postquam
565 2361 683 2426 deinde
705 2361 904 2449 Dionysium
930 2364 1064 2429 inimice
1086 2365 1328 2451 Syracusarum
1355 2363 1493 2429 libertati
1523 2385 1547 2426 ci

361 2468 549 2555 pitibusque
571 2470 750 2534 insontium
771 2470 894 2534 infesta
915 2472 1046 2537 fortuna
1074 2471 1209 2537 caelesti
1238 2470 1389 2537 custodia
1409 2470 1547 2535 liberate

361 2574 451 2639 uelut
471 2575 594 2643 fulmen
617 2575 750 2662 aliquod
773 2578 839 2640 otio
864 2600 902 2641 ac
933 2578 1155 2665 tranquillitati
1177 2580 1303 2645 iniecit.
1331 2577 1547 2642 Himeraeoru

361 2683 494 2748 moenia
520 2684 603 2747 inter
631 2682 772 2749 effusam
796 2682 839 2748 ad
869 2684 1012 2750 officium
1041 2695 1073 2749 et
1099 2686 1322 2773 spectaculum
1355 2687 1429 2750 eius
1461 2684 1547 2748 turbe

360 2790 534 2854 intrantem
556 2800 591 2854 ut
614 2791 757 2876 aspexit,
780 2790 867 2855 hunc
892 2813 984 2867 esse,
1009 2815 1105 2880 quern
1128 2795 1163 2858 in
1187 2795 1294 2881 quiete
1317 2793 1468 2867 uiderat,
1499 2813 1544 2854 uo

361 2897 467 2962 serata
489 2909 547 2964 est.
594 2899 632 2963 ld
654 2901 823 2987 cognitum
840 2911 977 2985 tyranno
1002 2923 1112 2966 curam
1130 2901 1292 2966 tollendae
1315 2901 1469 2966 mulieris
1494 2900 1547 2962 der

303 3007 351 3068 ’7.
451 3005 591 3072 Tutioris
621 3011 730 3074 somni
755 3018 861 3072 mater
891 3009 1039 3074 eiusdem
1066 3009 1215 3096 Dionysi.
1273 3008 1372 3089 Quae
1409 3031 1489 3072 cum
1524 3029 1547 3068 or

361 3125 554 3200 conceptum
569 3125 661 3179 utero
677 3114 822 3191 heberet,
844 3138 961 3201 parere
976 3118 1051 3182 uisa
1065 3127 1116 3180 est
1131 3117 1348 3202 Satyriscum,
1374 3114 1547 3179 consultor

364 3326 387 3380 1.
405 3345 439 3381 ne
458 3357 492 3368 -—
510 3331 700 3383 transferretur
722 3347 771 3384 om.
790 3331 825 3384 E.
843 3325 900 3400 112.
925 3333 1066 3384 collocauit
1089 3330 1120 3386 Γ.
1137 3332 1150 3401 ΙΙ
1167 3327 1193 3384 3.
1217 3333 1334 3386 iubendo
1359 3360 1397 3368 -
1420 3327 1475 3394 (4.)
1501 3329 1547 3378 net

361 3402 440 3451 iussit
457 3405 525 3467 quod
546 3403 641 3468 quietis
659 3403 824 3467 temporibus
842 3406 927 3468 primo
947 3407 1050 3454 uiderat
1063 3405 1210 3455 erinacius
1228 3418 1323 3455 omnes
1342 3403 1490 3453 asiaticas
1512 3416 1547 3468 gu

361 3473 509 3524 inundasse
527 3476 623 3524 deinde
642 3490 660 3524 a
675 3474 787 3542 genitali
805 3477 882 3539 parte
900 3478 958 3526 cius
977 3479 1069 3528 natam
1087 3471 1119 3528 Γ.
1140 3472 1152 3544 ll
1173 3469 1198 3528 4.
1217 3475 1326 3526 enat-am
1350 3471 1440 3524 Torr.
1460 3471 1476 3537 ΙΙ
1497 3468 1527 3524 b.

362 3546 462 3596 stratus
481 3547 525 3596 est
542 3545 623 3612 enim]
646 3546 701 3596 Sed
721 3547 864 3597 frustratus
889 3549 931 3596 est
949 3543 1088 3613 ΓΤονν.ΙΙ
1106 3543 1131 3599 8.
1152 3547 1176 3610 s.
1196 3541 1222 3598 t.
1241 3561 1289 3598 om.
1309 3541 1344 3596 Γ.
1365 3543 1381 3611 ΙΙ
1400 3545 1485 3596 luter
1506 3541 1542 3594 A.

361 3616 465 3668 himera
482 3614 613 3669 DEPar.
633 3622 658 3667 et
675 3631 745 3668 corn
763 3614 819 3669 Ac,
844 3615 917 3668 Viae.
926 3615 994 3668 Bell.
1011 3631 1080 3685 spec.
1099 3613 1234 3677 duellii,
1254 3611 1418 3668 radiaret.
1440 3613 1547 3665 incerti

362 3681 389 3735 C.
409 3689 535 3738 Himerae
557 3687 670 3739 coniecit
692 3686 765 3756 rapt.
795 3685 855 3739 Vid.
875 3685 911 3740 ad
928 3685 981 3744 ΙΙΙ.
1002 3686 1028 3742 8.
1050 3693 1099 3740 eet.
1118 3685 1143 3741 4.
1165 3685 1177 3759 ΙΙ
1200 3683 1240 3740 td
1259 3689 1445 3756 interrogato
1470 3701 1527 3754 pr.

365 3752 405 3810 ll.
424 3760 525 3809 audiuit
542 3757 612 3810 DE.
626 3755 639 3830 Η
657 3758 695 3810 ll.
716 3761 911 3827 capitibusque]
932 3776 984 3826 quc
996 3776 1045 3812 om.
1057 3757 1091 3812 Β.
1103 3758 1116 3826 ΙΙ
1132 3757 1171 3813 ill.
1186 3761 1288 3812 himera
1306 3774 1415 3809 eornm
1432 3755 1471 3809 A.
1494 3759 1547 3806 hin

362 3840 423 3879 eum
440 3826 474 3882 Β.
494 3831 675 3881 himeraeum
695 3829 788 3885 CDE.
801 3827 870 3898 1120.
889 3833 976 3882 ell'usa
994 3829 1051 3898 Α.ΙΙ
1064 3831 1100 3897 et]
1121 3827 1183 3882 edd.
1203 3833 1238 3880 ad
1259 3823 1440 3896 Ten-1123.
1469 3829 1502 3891 s.
1530 3825 1547 3877 l

361 3893 393 3950 Γ.
409 3900 423 3967 ΙΙ
440 3901 571 3965 eiusdem]
591 3904 649 3952 cius
667 3902 738 3952 idem
751 3918 797 3970 pr.
816 3901 847 3954 Α.
867 3905 925 3954 cius
944 3905 959 3956 i.
978 3900 1043 3954 BE.
1063 3901 1165 3952 incerte
1180 3917 1223 3968 pr.
1243 3897 1270 3952 C.
1288 3899 1301 3968 Η
1315 3916 1352 3950 eo
1376 3898 1416 3952 A.
1435 3897 1450 3969 ΙΙ
1476 3895 1531 3950 24.

362 3973 519 4036 conceptum
536 3968 573 4022 D.
585 3969 599 4039 ΙΙ
611 3975 671 4023 uisa
690 3975 733 4024 est
749 3988 847 4039 parere
864 3972 900 4026 Ε.

361 4172 422 4220 aliis
439 4170 515 4220 libris
526 4167 621 4236 sessus
637 4170 713 4237 tegit,
733 4172 881 4236 adiecitque
893 4171 1137 4235 interpretationem
1155 4169 1264 4238 impleat
1281 4173 1306 4220 et
1327 4163 1497 4220 inundare
1512 4165 1547 4231 st

361 4242 416 4292 Sed
440 4257 500 4291 cum
523 4241 666 4305 praeterea
688 4241 789 4292 dullum
813 4244 998 4292 intransitiuae
1022 4244 1135 4292 notionis
1164 4242 1317 4306 exemplum
1346 4240 1527 4294 nouerim.

360 4311 440 4364 aare
457 4314 606 4363 accusetiui
622 4314 714 4362 notam
732 4314 866 4364 excidisse
885 4315 1041 4364 crediderim
1054 4315 1275 4377 scribendumque
1294 4325 1371 4362 esse
1396 4307 1547 4362 urinam.

360 4386 449 4436 Verst.
467 4385 523 4434 iam
541 4399 557 4435 e
576 4386 652 4435 codd.
669 4385 820 4435 Brandenb.
839 4401 952 4450 cumque
972 4387 1056 4436 secuti
1068 4386 1238 4436 Hclt'reebtus
1258 4385 1285 4433 et
1297 4383 1426 4432 Hasius
1453 4395 1547 4444 recep

360 4457 459 4507 Parum
477 4457 655 4506 uerisimiliter
673 4455 816 4506 Turranius
835 4459 948 4508 coniecit
970 4455 1049 4508 atina
1067 4483 1102 4494 —
1120 4453 1269 4506 temeratae.

431 4523 458 4578 o.
477 4529 514 4577 cti
534 4527 660 4578 Timaeus
679 4543 723 4590 ap.
742 4528 827 4578 schot.
846 4529 873 4578 in
892 4528 991 4579 dasch.
1011 4530 1044 4579 de
1063 4529 1125 4578 lais.
1148 4529 1207 4595 leg.
1229 4527 1255 4576 in
1274 4524 1398 4576 Reiskii
1424 4526 1521 4573 orat..

360 4598 456 4662 111,p.
476 4593 524 4648 751
550 4601 578 4647 ct
595 4614 639 4661 ap.
658 4598 754 4647 Muret-
772 4613 843 4648 nsrr.
862 4600 932 4649 lectt
945 4601 1029 4658 Xllll,
1051 4595 1092 4650 15.
1111 4598 1242 4649 lleraclid.
1262 4597 1345 4646 Pont.
1372 4611 1436 4660 ap.
1464 4594 1547 4644 Tert

362 4669 442 4719 anim.
463 4663 498 4717 tu
515 4685 543 4732 p.
561 4663 615 4720 eto
632 4669 731 4735 Rigalt.
750 4668 827 4719 Pbot.
845 4671 898 4720 tex.
917 4687 943 4736 p.
964 4665 1023 4730 102,
1042 4666 1086 4721 20.
1104 4671 1228 4721 Mainake
1247 4669 1320 4720 anal.
1345 4664 1457 4718 Alex.
1484 4683 1524 4731 p.

434 4736 459 4790 l·
478 4739 517 4790 Cf.
536 4742 589 4792 Cic·
608 4740 641 4790 (le
660 4736 877 4801 diu.1,2⁰.³9.
