3409 5400
457 528 540 599 LlB.
563 529 622 609 vl,
646 530 683 597 (1.
707 530 739 608 9,
760 540 791 609 9.
816 531 868 599 14.
893 564 938 580 -
958 530 1029 600 Ext.
1053 541 1083 610 ς.
1108 534 1139 599 1.
1350 532 1415 605 522

191 693 252 779 qui
285 690 507 757 Teutonorum
541 682 811 779 Cimbrorumque
845 692 1007 759 exercitus
1042 690 1176 769 deleuit,
1209 694 1302 759 errius
1336 692 1417 765 blus

190 810 332 885 tropaea
362 800 398 865 in
424 798 505 862 urbe
534 808 736 883 spectantur,
770 798 863 865 cuius
892 809 1018 885 septem
1047 798 1083 864 in
1108 798 1202 865 fastis
1226 800 1419 869 consulatus

83 915 85 954 t
192 902 359 991 leguntur,
383 906 435 969 cui
457 915 532 991 post
555 905 685 969 cxihum
708 905 878 971 consulem
908 907 1012 971 creari
1034 906 1282 995 proscriptoque
1304 908 1416 973 facere

83 1023 85 1064 t
192 1012 469 1097 proscriptionem
503 1013 649 1099 contigit.
708 1012 795 1093 Quid
827 1012 925 1077 huius
955 1012 1147 1078 condicione
1176 1014 1416 1081 inconstantius

168 1127 254 1184 aaut
279 1116 489 1184 mutabilius?
529 1114 635 1196 Quem
664 1119 695 1182 si
721 1118 805 1181 inter
832 1120 974 1184 miseros
1003 1120 1173 1206 posueris,
1199 1120 1417 1199 miserrimus,

191 1225 279 1289 inter
291 1224 409 1307 felices
430 1222 641 1287 felicissimus
664 1225 874 1309 repperietur.

83 1352 86 1391 ι
286 1331 389 1395 Gaius
413 1341 522 1394 autem
546 1329 682 1405 Caesar,
706 1331 799 1396 cuius
821 1333 958 1397 uirtutes
983 1331 1106 1397 aditum
1134 1332 1197 1398 sibi
1223 1332 1257 1397 in
1287 1328 1416 1401 caelum
1426 1327 1478 1398 15.

83 1458 85 1499 l
195 1447 392 1511 struxerunt,
413 1436 497 1501 inter
520 1436 646 1522 primae
673 1435 826 1501 iuuentae
853 1438 948 1503 initia
974 1438 1122 1523 priuatus
1144 1436 1263 1505 Asiam
1289 1450 1417 1525 petens,

195 1566 219 1608 a
240 1543 412 1607 maritimis
440 1541 664 1628 praedonibus
693 1543 781 1607 circa
807 1543 950 1609 insulam
973 1543 1235 1609 Pharmacusam
1264 1556 1418 1632 exceptus

83 1703 84 1716 ,
158 1648 437 1736 roquinquaginta
459 1668 497 1712 se
520 1646 650 1712 talentis
680 1648 825 1715 redemit.
883 1649 995 1715 Paroa
1020 1652 1119 1737 igitur
1148 1671 1278 1717 summa
1304 1648 1419 1717 claris·

197 1756 319 1821 simum
351 1754 466 1819 mundi
495 1753 587 1819 sidus
625 1754 659 1818 in
697 1755 834 1839 piratico
878 1776 1079 1841 myoparone
1117 1755 1255 1843 rependi
1287 1756 1420 1824 fortuna

198 1861 312 1926 uoluit.
362 1859 451 1941 Quid
480 1871 530 1925 cst
559 1880 640 1946 ergo
670 1860 758 1947 quod
789 1860 929 1947 amplius
959 1862 999 1925 de
1031 1883 1072 1927 ca
1100 1883 1291 1949 queramur,
1319 1864 1349 1929 si
1376 1884 1419 1929 ns

198 1966 406 2033 consortibus
430 1966 564 2053 quidem
587 1966 767 2031 diuinitatis
790 1989 872 2031 suae
895 1966 1024 2053 parcit?
1047 1967 1118 2033 Sed
1140 1970 1281 2035 caeleste
1297 1990 1419 2037 numen

199 2095 237 2139 sc
261 2074 303 2139 ab
325 2073 445 2139 iniuria
467 2073 657 2139 uindicauit.
704 2070 866 2137 Continuo
890 2075 978 2140 enim
1000 2084 1115 2161 captos
1137 2076 1324 2162 praedones
1346 2096 1419 2143 cru·

162 2181 292 2247 ttcibus
315 2180 436 2246 adfixit.

287 2285 430 2351 Adtento
458 2283 567 2349 studio
594 2292 710 2349 nostra
737 2284 1085 2363 commemorauimus3
1111 2286 1303 2351 remissiore
1332 2280 1499 2352 nouella.
1522 2280 1553 2349 1.

200 2395 311 2459 animo
334 2391 443 2457 aliena
468 2400 648 2456 narrentur.
703 2388 855 2456 Perditae
882 2389 1029 2455 luxuriae
1057 2390 1196 2457 Athenis
1225 2389 1420 2458 adulescens

198 2500 347 2574 Polemo,
370 2518 477 2583 neque
500 2495 673 2561 inlecebris
697 2498 768 2562 cius
792 2496 1032 2573 tantummodo,
1061 2496 1122 2561 sed
1150 2495 1247 2563 etiam
1274 2498 1351 2585 ipsa
1369 2499 1422 2565 in·

199 2606 303 2671 samia
326 2602 492 2690 gaudens,
523 2623 598 2666 cum
629 2624 646 2665 e
675 2602 828 2666 conuiuio
857 2624 924 2667 non
950 2613 1027 2689 post
1056 2622 1212 2669 occasum
1235 2604 1332 2681 solis,
1361 2603 1423 2671 sed

162 2726 276 2800 aopost
298 2724 403 2776 ortum
427 2711 624 2776 surrexisset
646 2709 845 2796 domumque
867 2709 999 2774 rediens
1013 2707 1211 2776 Xenocratis
1233 2708 1424 2798 philosophi

200 2831 366 2908 patentem
385 2819 519 2882 ianuam
539 2815 690 2889 uidisset,
712 2816 790 2879 uino
813 2816 942 2902 grauis,
965 2817 1142 2904 unguentis
1158 2814 1331 2894 delibutus,
1351 2838 1422 2884 ser·
1469 2839 1472 2846 ’

203 2929 243 2991 tis
278 2927 384 3012 capite
422 2923 589 2998 redimito,
627 2921 796 3008 perlucida
834 2931 927 2986 ueste
964 2924 1100 2990 amictus
1142 2922 1295 2990 resartam
1329 2924 1424 2992 turba

203 3033 370 3098 doctorum
397 3029 569 3096 hominum
596 3026 746 3094 scholam
774 3027 846 3093 eius
872 3027 1012 3096 intrauit.
1062 3028 1134 3095 Nec
1161 3040 1332 3097 contentus
1354 3043 1423 3100 tam

205 3191 229 3244 1.
246 3194 433 3242 lcolhonorum
450 3188 483 3242 A.
501 3189 713 3239 theutonicorum
730 3185 759 3239 F.
776 3187 790 3255 ΙΙ
806 3183 833 3238 2.
850 3189 946 3252 tropea
963 3184 1020 3310 AF
1032 3191 1125 3240 urbem
1148 3185 1208 3312 ΑἸΗ
1226 3191 1310 3241 fascis
1322 3187 1359 3242 D.
1370 3189 1384 3258 ΙΙ
1395 3185 1422 3242 4.

205 3264 334 3329 confingit
350 3260 382 3312 F.
401 3259 416 3327 ΙΙ
437 3261 629 3310 condictionem
649 3257 680 3310 F.
701 3258 714 3326 ΙΙ
735 3256 759 3312 5.
778 3259 956 3325 miserrimus]
982 3257 1044 3310 od.
1063 3261 1087 3310 si
1105 3255 1166 3313 DF
1206 3275 1260 3313 arr.
1281 3258 1294 3326 ΙΙ
1315 3257 1341 3313 ll,
1364 3261 1422 3312 feu.

206 3333 263 3399 ces}
287 3347 336 3383 om.
364 3329 393 3382 C.
417 3334 442 3381 et
459 3344 505 3397 pr.
529 3326 561 3383 A.
592 3329 763 3378 felicissimos
786 3326 818 3381 F.
841 3327 855 3396 ll
880 3329 1062 3394 felicissimus]
1091 3331 1262 3382 felicissimos
1287 3328 1310 3383 0
1333 3335 1358 3381 et
1376 3345 1423 3398 pr.

204 3403 235 3456 A.
247 3402 260 3468 ΙΙ
273 3403 451 3465 repperiretur
463 3413 509 3467 pr.
528 3397 559 3449 A.
577 3399 737 3462 reperiretur
756 3413 826 3448 corr.
843 3394 877 3448 A.
891 3395 903 3468 ll
926 3397 951 3449 7.
970 3399 995 3462 s.
1011 3394 1052 3450 15.
1064 3415 1113 3452 om.
1127 3404 1160 3452 Γ.
1172 3399 1186 3468 ΙΙ
1206 3399 1232 3453 8.
1243 3401 1424 3451 instruxerunt

208 3472 298 3527 CDF·
310 3477 335 3522 et
347 3484 393 3538 pr.
411 3469 444 3521 A.
465 3467 507 3534 Cs-
529 3466 560 3525 V.
579 3467 606 3525 4.
628 3466 677 3536 1.ΙΙ
696 3465 722 3520 lt.
741 3470 939 3532 pharnacusarn
959 3481 1028 3519 corr.
1046 3468 1078 3521 A.
1099 3469 1113 3536 11
1136 3467 1176 3523 10.
1199 3469 1366 3520 carissimum
1415 3503 1425 3521 .

204 3543 261 3611 Α.ΙΙ
275 3541 317 3594 11.
335 3544 441 3592 fortuna
459 3542 568 3604 rependi
588 3537 618 3589 F.
641 3538 644 3605 Ι
667 3535 707 3591 12.
727 3542 769 3588 est
787 3553 836 3590 om.
853 3535 888 3590 Ε.
900 3539 914 3606 Η
932 3553 1073 3603 queramus
1095 3539 1161 3661 (21ss
1185 3538 1231 3607 ne]
1250 3553 1303 3590 non
1320 3483 1416 3608 DFFli

209 3612 248 3667 14.
278 3615 428 3679 praedones
457 3615 551 3674 captos
579 3607 611 3661 F.
638 3607 643 3674 l
666 3604 707 3658 17.
734 3607 867 3672 luxuriae]
897 3612 962 3675 port
996 3611 1102 3660 athenis
1155 3648 1162 3662 .
1204 3611 1324 3661 luxoriae
1341 3607 1373 3664 A.
1398 3615 1411 3679 ll

207 3687 366 3736 adolescens
385 3682 490 3732 athenis
509 3677 538 3730 F.
550 3679 563 3747 ΙΙ
576 3677 618 3730 18.
638 3678 745 3741 polenia
764 3675 798 3729 Ε.
810 3676 824 3743 ΙΙ
838 3672 879 3730 tlt.
898 3694 957 3729 cum
976 3693 1025 3731 om.
1039 3693 1085 3745 pr.
1102 3677 1133 3732 A.
1146 3677 1159 3748 ΙΙ
1170 3695 1224 3732 non
1242 3678 1315 3746 post]
1334 3679 1363 3731 in
1380 3695 1425 3733 ra.

206 3751 398 3820 arantino.
418 3749 535 3816 rediens]
555 3753 681 3814 repetens
700 3745 732 3800 F.
749 3744 763 3812 ΙΙ
780 3744 823 3799 21.
842 3748 950 3798 ianuam
968 3753 1103 3812 patentem
1122 3749 1157 3804 Ε.
1175 3749 1188 3818 ll
1206 3753 1333 3820 ungentis
1351 3748 1415 3820 1111

207 3823 248 3879 22.
268 3826 395 3877 romedlto
409 3837 456 3891 pr.
474 3820 681 3888 A.llperluclda
697 3815 725 3871 E
746 3815 824 3872 Forr.
840 3816 852 3890 ΙΙ
866 3819 1004 3887 refertam]
1024 3817 1086 3872 add.
1104 3825 1159 3874 tem
1176 3818 1206 3876 F.
1223 3822 1237 3892 ΙΙ
1253 3823 1359 3874 turbem
1377 3836 1424 3890 pr,

207 3896 230 3949 A
248 3901 273 3949 ct
287 3911 333 3964 pr.
351 3893 386 3948 Ε.
401 3889 471 3962 1123.
490 3895 625 3944 doctorem
643 3887 676 3942 A.

276 4035 448 4089 miserrimus.
457 4033 526 4086 inter
536 4029 817 4097 selicesseiicieeimas)
828 4031 922 4082 Dcteui
933 4031 1140 4084 condicionalem
1149 4033 1305 4100 perticulam
1314 4032 1349 4090 ri,
1363 4036 1427 4088 sule

208 4108 378 4175 intersclicer
390 4109 517 4157 insertum
528 4106 555 4153 ln
564 4105 700 4154 corticibus
709 4103 827 4153 familiae
836 4108 863 4152 x‘
874 4106 900 4153 ct
909 4103 934 4151 ln
946 4104 1062 4170 uolgatis
1073 4105 1239 4165 editionibus,
1252 4108 1299 4156 sed
1310 4106 1427 4158 alienam

209 4184 241 4230 ab
255 4182 402 4244 archetypo
415 4177 546 4240 exemplo.
582 4174 672 4224 Sentio
685 4189 745 4224 cam
757 4174 883 4224 facillime
895 4175 1018 4224 excidero
1030 4176 1150 4238 putuisse
1162 4177 1345 4240 interpositam
1359 4179 1427 4228 inter

210 4253 310 4302 litteras
327 4265 341 4301 a
358 4256 387 4300 ct
404 4248 427 4306 ic
448 4247 554 4297 omnino
576 4245 760 4295 necessariam
778 4259 842 4295 esse
860 4260 913 4295 non
931 4245 1123 4304 concesserim,
1143 4262 1202 4297 cum
1220 4249 1277 4298 fleri
1295 4249 1383 4313 possit
1399 4249 1429 4297 nt

210 4328 300 4372 auctor
314 4336 408 4384 parum
421 4321 528 4381 quidum
545 4318 672 4366 concinne
689 4317 799 4366 deserta
811 4315 985 4366 condicionali
1004 4317 1091 4383 ligure
1109 4319 1263 4382 simpliciter
1274 4318 1427 4380 pronuntia·

211 4393 276 4442 aerlt
288 4393 402 4441 Marium
414 4393 483 4440 inter
495 4389 587 4439 felices
601 4387 784 4436 felicissimum
793 4389 925 4449 repertum
938 4387 977 4436 iri.
1000 4387 1139 4438 interierat
1145 4389 1233 4438 autern
1246 4388 1272 4436 ln
1279 4389 1429 4452 archetypo

211 4463 298 4513 codice
308 4460 407 4526 felices
418 4456 667 4524 antesclr'cirsimcs.
694 4456 911 4521 supplementum
923 4459 1035 4508 locunoe
1047 4459 1101 4508 iam
1111 4473 1129 4507 a
1138 4460 1287 4508 correctore
1297 4458 1356 4508 llbrl
1365 4461 1428 4510 Bcr·

209 4536 300 4584 nensis
316 4537 389 4582 recte
401 4533 536 4582 inuentum
548 4532 599 4586 cst,
612 4543 692 4591 quem
703 4528 824 4591 plerique
836 4529 921 4578 secuti
933 4531 994 4578 sunt
1006 4530 1180 4579 recentiorum
1195 4528 1369 4583 librariorum.

279 4601 321 4655 15.
341 4605 381 4654 Gt.
399 4603 468 4654 Plut.
487 4604 566 4653 Caes.
587 4597 598 4650 1
620 4602 649 4650 ct
666 4595 692 4649 2.
711 4597 785 4649 Soet.
804 4602 882 4649 caes.
900 4594 926 4650 4.
948 4599 1027 4662 (Veli.
1047 4599 1079 4657 11,
1097 4595 1153 4662 tl.)

277 4675 336 4726 Eat.
356 4672 380 4725 1.
408 4674 448 4724 Cf.
466 4673 530 4725 Hor.
548 4672 587 4731 11,
606 4674 660 4721 sut.
678 4662 705 4728 3,
722 4665 785 4721 254.
807 4669 886 4738 Diog.
905 4669 995 4720 Laert.
1013 4669 1075 4728 llll,
1095 4664 1137 4722 16.
1160 4667 1235 4724 Suid.
1253 4685 1279 4724 u.
1296 4670 1429 4746 Πολέμωι

211 4742 394 4818 Φιλοστράτου.
411 4744 527 4814 August.
537 4758 599 4809 epp.
618 4740 774 4794 occulens.
795 4735 901 4795 131111.
921 4741 1003 4794 contr.
1021 4741 1114 4794 lulian.
1132 4739 1154 4805 1,
1175 4737 1216 4796 12.

1213 4827 1257 4898 34
