3409 5400
1465 527 1485 592 5

253 686 390 761 sulibu's,
415 709 433 749 o
458 707 597 774 quorum
613 687 699 752 serie
715 687 813 754 simul
833 685 997 752 constabit
1017 687 1132 754 decem
1156 698 1188 752 et
1212 690 1353 776 amplius
1379 713 1484 759 annos

251 793 443 882 plerumque
474 795 704 860 intercessisse
736 796 820 861 inter
851 793 1057 862 consulatum
1089 807 1120 859 et
1150 799 1340 884 prouinciae
1367 823 1484 887 procu·

251 903 426 968 rationem.

343 1011 498 1076 Proximo
531 1013 618 1078 enim
649 1033 713 1101 quo
744 1011 819 1100 lege
850 1015 1051 1101 pennissum
1082 1027 1152 1081 erat
1182 1036 1270 1081 anno
1298 1013 1484 1082 773120111-

253 1122 366 1210 peitrm
389 1117 480 1184 nulla
502 1141 576 1186 sors
594 1123 739 1209 contigit,
764 1123 825 1188 sed
840 1123 1030 1189 morabatur
1048 1123 1187 1199 Romae,
1211 1123 1374 1210 siquidem
1396 1122 1485 1187 idem

253 1233 285 1296 is
310 1239 360 1293 est
383 1227 460 1292 Sex.
484 1227 682 1316 Pompeius,
714 1229 801 1318 quod
832 1251 899 1295 non
931 1231 1059 1309 dubito,
1092 1234 1147 1320 qui
1179 1233 1238 1296 Gn.
1261 1231 1420 1297 Pisonem
1443 1232 1484 1295 de

253 1343 366 1408 occiso
380 1339 577 1404 Germanico
601 1351 790 1425 suspectum
812 1341 953 1426 ideoque
970 1341 1089 1403 ueneni
1113 1352 1144 1403 et
1165 1341 1348 1405 maiestatis
1372 1350 1483 1424 postu·

252 1451 354 1514 latum
377 1459 535 1535 patronus
568 1446 609 1511 ab
635 1468 674 1511 eo
697 1449 815 1534 petitus
840 1447 1017 1512 defendere
1046 1447 1214 1512 abnuerat.
1269 1448 1420 1511 Ceterum
1444 1470 1483 1511 eo

253 1569 400 1643 tempore
424 1555 628 1642 prouinciam
659 1555 776 1621 Asiam
800 1555 1052 1620 administrasse
1083 1557 1211 1620 uidetur
1235 1555 1271 1619 0.
1294 1553 1406 1620 Iunius
1430 1556 1483 1619 Si·

254 1665 370 1738 lanus,
395 1683 463 1727 eoa.
489 1672 565 1726 ante
589 1663 704 1727 decem
729 1685 835 1728 annos
861 1663 972 1743 (763),
1004 1664 1055 1726 cui
1087 1669 1162 1750 post
1191 1663 1360 1727 biennium
1391 1663 1483 1742 (775)

256 1771 511 1859 repetundarum
534 1793 556 1835 a
578 1771 678 1836 sociis
704 1782 860 1836 accusato
885 1771 1105 1860 damnatoque
1129 1793 1217 1859 aqua
1239 1783 1271 1834 et
1292 1771 1362 1856 igni
1384 1769 1483 1833 inter-

254 1879 376 1944 dictum
400 1887 433 1942 ct
454 1877 612 1964 relegatio
636 1879 671 1942 in
693 1879 835 1943 insulam
861 1877 1023 1966 Cythnum
1050 1880 1119 1944 miti
1142 1877 1299 1966 principis
1323 1878 1485 1942 sententia

255 2009 420 2053 concessa
443 1997 502 2061 est,
525 1995 561 2049 ut
583 1997 695 2050 narrat
718 1985 795 2052 Tac.
819 1983 865 2051 lll
888 2007 965 2051 ann.
989 1986 1147 2053 66-66,
1192 1985 1272 2051 Item
1299 1984 1486 2070 insequenti

256 2117 343 2160 anno
369 2095 432 2159 774
457 2093 584 2158 Romae
610 2105 679 2158 crat
693 2095 770 2158 Sex.
783 2091 971 2181 Pompeius,
993 2117 1097 2182 eoque
1116 2093 1280 2158 obnitente
1292 2090 1482 2178 M'Lepidus

256 2205 289 2267 in
313 2202 431 2266 Asiam
460 2201 585 2265 missus
614 2213 664 2265 est
696 2212 770 2266 ante
802 2203 997 2266 ‹leceunium
1028 2203 1120 2281 (764)
1151 2200 1324 2266 consulatu
1352 2201 1483 2264 functus

254 2320 334 2374 teste
359 2309 477 2372 eodem
501 2307 612 2374 Tacito
636 2307 683 2374 lll
706 2331 782 2374 ann.
807 2310 891 2392 32¹).
940 2310 1036 2375 Anno
1069 2307 1187 2371 deinde
1219 2307 1282 2372 775
1307 2309 1380 2372 Ser.
1405 2307 1484 2369 Cor·

255 2417 360 2481 nelius
391 2415 549 2479 Lentulus
580 2414 822 2503 Maluginensis
861 2440 931 2481 cos
963 2439 1039 2482 ann.
1072 2417 1136 2481 763
1175 2439 1249 2481 eam
1278 2412 1484 2500 prouinciam

255 2525 355 2610 petiit.
401 2522 512 2603 Quam
534 2543 602 2586 non
626 2523 763 2610 adeptus
788 2535 856 2599 est,
888 2526 966 2611 quia
989 2525 1155 2589 flaminem
1176 2522 1306 2587 Dialem
1333 2545 1355 2585 a
1377 2519 1482 2584 sacris

258 2628 426 2693 discedere
448 2630 545 2694 nefas
565 2629 747 2717 putabatur,
771 2633 913 2720 ideoque
929 2654 1003 2696 sors
1020 2633 1054 2695 iu
1066 2632 1249 2719 proximum
1274 2629 1315 2694 ab
1341 2651 1379 2692 eo
1403 2648 1482 2691 eon·

254 2736 397 2802 sulacem
420 2738 609 2815 translata²i
632 2741 822 2828 missusque
843 2743 956 2805 nescio
979 2750 1086 2805 utrum
1097 2740 1136 2805 L.
1148 2740 1287 2805 Cassius
1299 2737 1482 2825 Longinus,

254 2868 322 2911 cos.
347 2846 506 2911 suffectus
531 2871 561 2911 a.
588 2848 669 2923 764,
704 2871 748 2913 an
779 2848 815 2913 T.
846 2847 994 2912 Statilius
1018 2847 1163 2921 Taurus,
1196 2868 1265 2910 eos.
1297 2845 1482 2909 ordinarius

255 2954 403 3019 eiusdem
435 2956 531 3029 anni,
566 2966 597 3019 et
627 2955 760 3042 quidem
789 2966 825 3020 ut
854 2967 984 3044 regeret
1014 2956 1131 3021 Asiam
1161 2976 1221 3040 per
1251 2976 1373 3019 annum
1406 2950 1481 3015 776.

254 3061 417 3149 Namque,
441 3066 475 3128 ni
499 3064 612 3127 omnia
633 3084 687 3127 me
707 3062 830 3139 fallunt,
855 3086 922 3127 non
945 3066 980 3129 in
996 3085 1071 3128 cum
1087 3083 1220 3136 aunum,
1243 3062 1279 3127 in
1301 3061 1394 3124 euius
1418 3060 1481 3121 fine

254 3168 315 3235 hac
341 3170 382 3233 de
394 3192 430 3233 re
443 3170 584 3257 loquitur
596 3168 738 3243 Tacitus
764 3172 855 3253 (775)
880 3170 1114 3258 proconsulare
1133 3170 1305 3256 imperium
1323 3166 1483 3232 ambierat

255 3274 508 3364 Maluginensis,
531 3298 637 3363 neque
661 3279 749 3342 enim
773 3288 901 3365 tempus
933 3290 1003 3343 erat
1026 3280 1124 3344 etiam
1155 3289 1223 3342 tum
1254 3276 1345 3341 adire
1375 3273 1481 3359 magi·

255 3394 390 3449 stratum
413 3384 513 3459 illruu,
537 3384 654 3450 sedin
678 3387 862 3472 proximum
885 3386 1088 3473 praedictum
1112 3382 1219 3465 776³).
1265 3381 1436 3447 Successit
1450 3402 1481 3443 a.

258 3491 320 3553 777
346 3492 383 3556 G.
400 3491 556 3557 Fonteius
576 3492 701 3578 Capito,
726 3516 794 3558 cos.
812 3516 843 3558 a.
861 3494 935 3569 765,
961 3495 1017 3581 qui
1038 3492 1142 3557 redux
1165 3514 1183 3554 e
1202 3490 1375 3577 prouincia
1396 3486 1480 3551 fictis

255 3618 312 3681 per
336 3596 471 3663 Vibium
494 3600 656 3665 Serenum
687 3601 877 3665 criminibus
905 3602 940 3666 in
961 3600 1118 3664 iudicium
1140 3609 1277 3661 uocatus
1302 3592 1481 3659 absoluitur

255 3726 285 3767 a.
310 3705 385 3769 778.
410 3704 500 3785 (Tac.
525 3728 601 3771 ann.
625 3704 695 3781 llll,
719 3708 786 3787 36).
832 3704 927 3771 Hunc
955 3706 1028 3794 quis
1053 3706 1217 3790 exceperit
1239 3714 1325 3766 certe
1348 3700 1482 3787 quidem

255 3831 321 3875 non
345 3822 483 3886 constat,
508 3812 569 3877 sed
592 3814 679 3899 optio
701 3825 823 3879 tantmn
840 3813 935 3878 datur
953 3814 1037 3877 inter
1050 3812 1086 3877 0.
1099 3810 1273 3876 Visellium
1285 3808 1481 3881 Varronem,

255 3940 285 3981 a.
313 3920 375 3985 765
400 3922 575 3985 suffectum
599 3920 766 4007 Capitoni,
799 3931 831 3984 et
851 3920 890 3985 L.
914 3920 1096 3987 Munatium
1118 3918 1280 3985 Plancum
1310 3939 1379 3982 eos.
1405 3914 1480 3979 766.

254 4024 341 4099 Nam
366 4026 402 4091 Ο.
420 4028 533 4101 Silius,
556 4026 694 4093 Munatii
717 4026 857 4115 collega,
880 4052 911 4093 a.
933 4030 997 4092 777
1021 4050 1042 4093 a
1061 4026 1197 4093 consule
1209 4026 1360 4091 Varrone
1385 4042 1481 4088 accu-

264 4160 471 4177 Ἦ

319 4224 344 4289 ι)
368 4227 424 4277 lloo
447 4228 507 4278 loco
532 4226 650 4278 Manium
675 4226 846 4277 scribendum
871 4240 935 4277 esse
959 4240 1123 4290 praenomen
1146 4222 1255 4287 Lepidi.
1279 4238 1334 4273 non
1351 4222 1480 4278 Marcum,

253 4298 377 4361 quamuis
395 4299 421 4347 in
440 4300 536 4349 eodem
553 4301 651 4348 mendo
671 4298 837 4349 consentiant
849 4298 935 4348 Taciti
953 4299 1010 4348 eod.
1029 4298 1100 4348 Med.
1121 4298 1149 4346 et
1166 4296 1229 4344 lasti
1241 4295 1390 4357 Capitolini.
1410 4293 1481 4341 recte

252 4368 366 4418 eoniaou
382 4370 509 4433 Ryoltlus.
547 4370 693 4420 Confirmat
716 4370 929 4421 emendationem
954 4369 1013 4417 eius
1037 4370 1116 4419 inser.
1143 4383 1186 4430 ap.
1206 4366 1302 4416 Murut.
1326 4382 1355 4429 p,
1375 4359 1434 4415 669.
1453 4358 1480 4418 4·

251 4442 279 4489 et
298 4454 364 4503 prae
382 4442 479 4491 ceteris
505 4442 598 4491 tabula
622 4442 807 4491 Narbonensis
832 4458 875 4505 ap.
901 4440 973 4491 Grut.
998 4455 1025 4502 p.
1050 4436 1110 4490 229.
1142 4439 1181 4488 Ct'.
1201 4438 1371 4506 griechische
1391 4450 1414 4482 u.
1434 4432 1478 4481 lat

249 4510 382 4564 inschritt.
401 4526 535 4579 gesamn.
553 4526 578 4563 v.
597 4512 713 4571 Richter,
732 4510 897 4580 herausgeg.
916 4526 940 4562 v.
959 4511 1082 4562 Franeke
1100 4526 1125 4575 p.
1144 4506 1205 4561 286.

317 4580 344 4645 ²)
364 4584 401 4634 ct.
422 4582 486 4634 Tae.
505 4598 566 4637 ann.
585 4584 629 4644 lll,
649 4581 691 4635 71.
1104 4592 1109 4599 “

317 4650 344 4717 ³)
362 4654 439 4703 Anno
458 4670 537 4720 quern
553 4656 784 4719 praetermisimus
804 4650 857 4707 775
868 4653 961 4705 Asiam
978 4655 1105 4703 inbutam
1117 4653 1287 4716 suspicamur
1304 4648 1350 4697 aut
1366 4648 1397 4699 L.
1418 4648 1480 4713 (M.)

250 4724 354 4783 Silano,
373 4738 428 4775 cos.
448 4726 508 4777 sun
529 4741 563 4777 ex
582 4728 612 4779 K.
631 4728 704 4778 Iuliis
729 4744 753 4779 a.
777 4722 838 4787 763,
863 4729 911 4778 aut
928 4729 955 4778 c.
974 4726 1078 4776 Velleio
1102 4723 1203 4781 Tutori,
1229 4722 1274 4787 qui
1292 4719 1386 4770 eodem
1408 4736 1479 4771 anno

249 4796 306 4861 ipsi
323 4796 506 4863 Maluginensi
523 4799 582 4849 erat
600 4798 736 4851 suffectus.
