3409 5400
1401 593 1443 660 19

213 759 330 833 putare
343 750 454 835 possis
466 759 597 836 propter
612 747 779 816 Plutarchi
790 750 902 827 uerba,
921 772 1039 817 reuera
1051 751 1296 838 comprehendit
1306 791 1352 803 -
1361 759 1443 820 non'·

212 855 304 921 nulla
335 855 375 920 de
403 855 584 924 honoribus
613 869 689 944 post
723 870 861 924 mortem
892 859 1047 925 Marcello
1083 859 1204 926 habitis
1244 883 1262 924 e
1291 861 1442 930 Cornelio
1530 939 1535 957 Ι

211 963 341 1052 Nepote
365 966 537 1030 asciuisse.
583 965 700 1032 Possis
718 968 882 1054 suspicari
898 990 917 1031 e
934 968 1068 1033 Catonis
1086 970 1228 1034 censorii
1243 971 1320 1046 uita,
1345 993 1444 1058 quam

210 1073 374 1161 singulari
402 1072 511 1139 libello
543 1075 728 1162 amplexum
763 1097 799 1140 se
831 1097 906 1141 esse
940 1077 1012 1163 ipse
1044 1088 1179 1143 testatur
1208 1078 1378 1144 Cornelius
1408 1081 1444 1146 in

209 1181 363 1246 breuiore
386 1181 443 1247 illa
466 1183 601 1250 Catonis
624 1185 693 1248 uita
716 1183 823 1250 adhue
848 1185 1021 1270 superstite
1046 1209 1074 1250 e.
1100 1187 1134 1261 3,
1167 1184 1301 1252 fluxisse
1332 1186 1388 1263 111,
1411 1187 1443 1263 2,

213 1289 256 1354 16
281 1290 371 1378 quod
393 1291 589 1359 fortitudinis
614 1294 781 1379 specimen
806 1293 923 1358 Catoni
945 1293 1028 1368 filio,
1058 1315 1125 1358 non
1148 1295 1213 1380 ipsi
1236 1297 1322 1382 patri
1343 1297 1442 1362 tribu·

211 1398 335 1464 endum
359 1411 437 1474 erat„
461 1400 525 1464 nisi
549 1398 612 1465 hoc
636 1402 743 1487 potius
768 1424 789 1466 a
803 1399 962 1488 Pompeio
985 1400 1094 1489 Trogo
1118 1405 1260 1488 accepit,
1282 1403 1336 1468 uel
1359 1425 1442 1492 quae

210 1505 267 1580 Ill,
292 1508 323 1580 7,
350 1507 368 1569 7
397 1507 437 1570 de
462 1508 580 1573 fiducia
603 1509 752 1574 eiusdem
774 1507 919 1574 hominis
944 1509 1158 1586 disseruntur,
1186 1511 1354 1577 inimicum
1382 1531 1441 1598 pro

209 1615 319 1680 iudice
351 1616 415 1680 sibi
445 1615 613 1703 eligentiS,
646 1628 677 1680 ct
705 1617 771 1682 alia
814 1617 976 1706 quaedam
1022 1617 1152 1681 similia.
1225 1617 1293 1681 Sed
1331 1619 1443 1683 omnia

208 1722 294 1788 haec
319 1724 404 1788 adeo
428 1721 509 1789 nihil
531 1723 653 1788 habent
669 1724 847 1814 singulare,
872 1737 906 1790 ut
921 1726 1074 1812 equidem
1089 1726 1260 1790 certiorem
1274 1727 1441 1814 utriusque

211 1833 381 1918 scriptoris
406 1833 597 1900 affinitatem
619 1832 696 1897 inde
718 1845 865 1918 repetere
888 1833 1000 1898 nolim.

301 1937 376 2006 Non
399 1943 518 2006 mirum
541 1951 601 2014 est,
625 1940 656 2004 sl
678 1941 712 2004 in
735 1939 798 2006 bac
816 1942 1007 2029 quaestione
1024 1943 1141 2038 totiens
1164 1941 1199 2005 in
1214 1941 1347 2030 ancipiti
1368 1959 1441 2007 uer·

211 2067 336 2122 samur,
361 2069 434 2113 cum
454 2069 496 2112 ne
520 2067 632 2116 eurum
657 2049 789 2135 quidem
813 2051 1017 2136 scriptorum,
1040 2071 1122 2138 quos
1142 2052 1274 2115 nomine
1291 2051 1441 2137 apposito

211 2153 367 2220 Valerius
392 2167 490 2221 testes
515 2157 637 2230 citauit.
665 2157 739 2242 ipsa
769 2177 871 2243 opera
902 2178 980 2236 num
1009 2158 1167 2222 euoluerit
1197 2159 1278 2223 satis
1308 2157 1441 2245 liqueat.

155 2249 160 2262 ¹
211 2263 307 2326 Certe
320 2285 386 2328 non
402 2263 522 2328 euoluit
536 2263 582 2328 M.
600 2265 735 2329 Catonis
753 2263 919 2352 Origines,
944 2287 1082 2352 quarum
1097 2266 1442 2331 commemorationem

210 2369 300 2446 vlit,
326 2373 355 2446 1,
380 2372 485 2438 absol.
517 2371 537 2436 2
566 2395 634 2437 una
665 2394 739 2436 curn
768 2373 884 2435 ceteris
908 2372 1006 2436 rebus
1036 2373 1082 2436 ibi
1106 2373 1277 2445 enarratis
1307 2371 1440 2437 retentIs

210 2480 309 2544 etiam
337 2479 458 2553 uerbis,
487 2501 505 2542 e
531 2479 699 2544 Ciceronis
723 2477 823 2543 Bruto
856 2482 904 2556 (c.
929 2479 992 2556 23)
1021 2490 1187 2544 mutuatus
1217 2490 1277 2543 est.
1334 2479 1440 2567 Atque

209 2589 310 2652 etiam
334 2608 408 2650 cum
431 2607 471 2652 ex
494 2589 610 2653 ilsdem
637 2587 771 2651 Catonis
797 2583 989 2673 Originibus
1021 2587 1136 2651 Cicero
1165 2578 1334 2652 hausisset
1357 2607 1442 2674 quae

210 2696 251 2760 de
286 2695 485 2761 carminibus
517 2697 600 2761 inter
635 2695 749 2783 opulas
784 2695 825 2761 ad
860 2692 1074 2759 celebrandas
1107 2695 1269 2761 clarorum
1298 2696 1444 2760 uirorum

208 2802 325 2867 laudes
350 2805 489 2869 cantatis
513 2803 619 2869 retulit
643 2803 738 2869 Tusc.
763 2802 787 2878 l,
812 2804 849 2879 23
873 2800 943 2876 llll,
967 2802 1005 2877 23
1028 2801 1118 2866 Brut.
1144 2804 1203 2876 19,
1228 2798 1384 2868 Valerius
1408 2803 1444 2867 in

210 2930 324 2975 eorum
347 2913 658 2978 commemoratione
683 2912 789 2977 solum
814 2910 1007 2975 Ciceronem
1039 2922 1170 2974 secutus
1202 2920 1262 2974 est.
1314 2909 1394 2975 Item
1417 2908 1442 2985 Ι,

211 3020 241 3093 7,
267 3018 286 3082 6
309 3016 348 3081 L.
375 3018 520 3083 Caelium
543 3018 758 3106 Antipatrum.
784 3017 1009 3083 Gracchorum
1032 3018 1212 3104 aequalem,
1238 3020 1294 3106 qui
1317 3029 1442 3103 septem

208 3122 301 3189 libris
326 3128 463 3191 secundi
485 3124 602 3192 Punici
631 3126 705 3191 belli
736 3125 908 3190 historiam
932 3124 1121 3211 complearis
1146 3137 1210 3199 est,
1240 3146 1441 3213 quamquam

208 3236 320 3319 ipsum
344 3234 467 3299 adiisse
491 3236 594 3301 uideri
617 3236 698 3310 uult,
729 3234 862 3299 nonnisi
890 3253 908 3294 e
933 3234 1101 3297 Ciceronis
1124 3231 1139 3296 I
1167 3232 1207 3295 de
1237 3233 1438 3299 diuinatione

210 3344 253 3417 (c.
277 3342 335 3421 26)
359 3344 460 3412 nouit»
508 3342 601 3424 Quae
630 3344 670 3406 de
702 3340 834 3407 Aemssii
856 3340 973 3427 Lepidi
1006 3353 1037 3403 et
1059 3340 1163 3405 Fuluii
1185 3340 1296 3406 Flacci
1322 3362 1438 3407 recon-

209 3434 381 3513 ciliatione
393 3462 506 3517 narrat
529 3451 710 3537 traditaque
735 3450 780 3513 ait
803 3472 824 3513 a
846 3449 1011 3513 ueteribus
1036 3448 1202 3512 annalium
1225 3449 1437 3533 scriptoribus

207 3552 292 3632 (lili,
317 3557 354 3631 2,
386 3557 418 3637 1)
442 3580 509 3622 non
533 3580 573 3621 cx
595 3556 647 3621 his
672 3558 754 3643 ipsis
778 3558 870 3642 petiit
900 3556 959 3619 sed
991 3576 1009 3616 e
1034 3554 1201 3618 Ciceronis
1225 3556 1373 3619 oratione
1397 3554 1438 3617 de

206 3684 302 3749 pron.
330 3686 422 3729 cons.
447 3688 475 3730 c.
501 3667 538 3737 9,
575 3666 631 3729 ubi
659 3664 838 3728 ‘annalium
869 3663 994 3726 litterae
1017 3662 1202 3747 summique
1223 3672 1341 3749 poetae
1363 3658 1437 3727 uox'

207 3772 280 3835 eius
304 3773 351 3835 rei
376 3772 572 3838 documenta
587 3772 775 3837 afferuntur.
821 3770 921 3835 Plura
943 3790 982 3833 ex
1006 3767 1123 3833 eodem
1146 3788 1266 3856 genere
1290 3767 1439 3856 exempla

204 3876 453 3945 recensebimus
478 3881 573 3953 infra,
597 3878 717 3943 ubido
741 3880 878 3945 Graecis
903 3874 1090 3941 auctoribus
1115 3876 1327 3942 disseremus.
1382 3873 1384 3877 ’

299 3984 393 4067 Quae
417 3988 560 4053 munita
583 3990 657 4062 sint,
680 3989 748 4053 iam
770 3986 888 4061 licebit,
912 3988 1038 4073 opinor,
1067 3984 1277 4050 subdubitare
1301 3985 1342 4048 de
1364 3984 1437 4051 fon·

204 4094 294 4159 tibus
318 4118 340 4159 a
355 4090 488 4160 Valerio
514 4097 777 4164 commemoratis
792 4097 1075 4181 coniecturamque
1090 4094 1199 4158 facero
1215 4114 1256 4157 ex
1270 4091 1334 4167 his,
1354 4113 1437 4180 quos

203 4201 308 4267 modo
334 4203 572 4277 recensuimus,
608 4202 649 4266 de
678 4202 751 4266 aliis
778 4202 1013 4290 antiquioribus
1047 4200 1269 4286 scriptoribus,
1301 4220 1439 4286 quorum

205 4330 306 4373 curas
332 4309 373 4373 ab
402 4310 476 4396 ipso
507 4319 722 4396 pertractatas
748 4330 823 4377 esso
853 4331 921 4374 non
951 4328 1088 4394 possum
1117 4306 1199 4372 mihi
1228 4308 1439 4393 persuadere,

205 4415 293 4481 adeo
317 4426 405 4479 utet
429 4417 465 4480 C.
491 4416 632 4482 Gracchi
663 4420 845 4485 orationem
873 4419 907 4481 in
937 4415 1102 4480 Plautium
1133 4416 1288 4501 scriptam
1313 4412 1382 4494 (IX,
1405 4413 1438 4485 b,

204 4534 269 4586 ext.
294 4523 328 4601 4)
367 4534 398 4586 et
423 4522 469 4587 M.
493 4524 612 4589 Scauri
642 4524 682 4589 de
704 4526 774 4589 uita
797 4548 859 4591 sua
880 4524 999 4589 librum
1027 4520 1114 4603 (ΗΠ,
1145 4522 1182 4595 4,
1213 4522 1267 4600 ll)
1303 4522 1339 4584 in
1373 4517 1437 4581 hoe

203 4650 307 4715 opere
330 4650 399 4695 non
422 4631 493 4695 sine
517 4630 722 4721 improbitate
755 4632 899 4719 quadam
921 4643 1090 4717 tamquam
1117 4648 1135 4689 e
1167 4628 1301 4715 propria
1322 4625 1437 4711 cogni·

201 4740 294 4803 tione
333 4734 502 4805 laudabam
544 4738 742 4813 existimem,
789 4760 864 4805 cum
906 4737 1124 4803 recentiorum
1167 4752 1251 4820 quae
1294 4752 1438 4797 comme-

201 4856 376 4912 morantur
410 4846 534 4933 scripta
571 4846 661 4912 nulla
702 4847 768 4913 alia
806 4848 1002 4933 interposita
1044 4840 1235 4909 auctoritate
1281 4838 1325 4905 ab
1365 4840 1440 4923 ipso

1175 4946 1225 5009 2·
