3409 5400
521 494 604 563 LIB.
627 493 654 571 l,
678 494 715 559 Ο.
737 496 770 572 8,
793 494 866 561 aa.
889 500 919 573 t.
942 498 1050 565 4-8.
1333 500 1397 571 lut

163 658 355 731 uomicam,
379 678 464 743 qnae
487 678 509 719 a
529 656 619 721 nullo
640 656 844 723 medicorum
867 659 979 723 sanari
1007 669 1166 745 potuerat,
1190 663 1235 726 ita
1257 664 1343 748 rupit
1363 673 1399 727 ut

162 763 343 829 hominem
364 764 523 849 pestifero
545 762 634 828 malo
649 762 812 829 liberaret.

260 871 380 957 Aeque
403 870 455 935 dis
477 870 707 935 inmortalibus
731 880 886 957 acceptus
910 872 1109 948 Simonides,
1133 874 1224 938 cuius
1247 874 1338 939 salus
1355 876 1396 940 ab
1409 878 1439 940 7.

166 979 346 1043 inminenti
357 985 379 1053 †
390 978 501 1041 officio
513 976 663 1050 defensa,
678 979 794 1042 ruinae
807 998 937 1065 quoque
961 978 1127 1044 subtracta
1143 991 1202 1043 est.
1239 980 1399 1047 annanti

143 1087 262 1149 senim
289 1083 378 1169 apud
409 1082 556 1172 Scopam
579 1084 771 1159 Crannone,
794 1084 883 1170 quod
907 1087 1012 1150 estin
1036 1085 1209 1151 Thessalia
1232 1088 1397 1173 oppidum,

167 1192 358 1255 nuntiatum
381 1202 433 1255 est
454 1190 540 1255 duos
562 1193 701 1255 iuuenes
725 1190 768 1254 ad
789 1192 924 1255 ianuam
947 1193 1096 1267 uenisse,
1120 1214 1321 1281 magnopere
1344 1217 1397 1259 ro·

169 1309 294 1385 gantas
326 1308 361 1361 ut
392 1298 436 1361 acl
465 1318 524 1362 eos
552 1298 706 1361 continno
729 1297 883 1383 prodiret.
929 1298 983 1363 Ad
1006 1320 1091 1385 quos
1114 1320 1271 1387 egressus
1295 1303 1398 1365 nemi·

169 1426 250 1467 nem
272 1405 420 1489 repperit
446 1404 503 1468 ibi.
550 1404 702 1467 Ceterum
725 1426 765 1468 eo
789 1415 955 1469 momento
980 1409 1134 1492 temporis
1158 1408 1340 1481 triclinium,
1363 1408 1398 1473 in

172 1532 238 1595 quo
262 1511 395 1595 Scopas
419 1508 622 1594 epulabatur,
646 1511 841 1597 conlapsum
866 1522 897 1575 et
919 1513 1028 1595 ipsum
1053 1524 1085 1575 et
1107 1534 1222 1578 omnes
1238 1512 1397 1578 conuiuas

141 1617 352 1702 roppressit.
398 1614 487 1695 Quid
513 1614 578 1681 hac
606 1617 758 1682 felicitate
780 1616 991 1706 locupletius,
1015 1640 1113 1705 quam
1136 1640 1197 1683 nec
1220 1639 1312 1683 mare
1336 1641 1397 1683 nec

171 1734 260 1787 terra
283 1725 440 1787 saeuiens
464 1727 655 1813 extinguere
678 1723 796 1789 ualuitl

249 1828 327 1893 Non
338 1830 462 1895 inuitus
474 1829 550 1896 hnic
563 1832 721 1896 subnecto
734 1828 934 1917 Daphniten,
952 1852 994 1897 ne
1007 1836 1080 1920 quis
1093 1834 1223 1920 ignoret
1240 1842 1398 1918 quantum
1408 1832 1439 1897 8.

172 1938 357 2001 interfuerit
383 1939 546 2003 cecinisse
573 1939 709 2003 deorum
737 1937 855 2002 laudes
880 1949 912 2001 et
934 1960 1055 2003 numen
1078 1940 1289 2003 obtrectasse.
1336 1938 1397 2003 llic

177 2092 200 2147 l.
217 2099 303 2160 potuit
319 2094 358 2147 D.
375 2098 482 2161 poterat
498 2097 561 2151 Por.
581 2096 593 2164 ΙΙ
613 2094 639 2149 3.
662 2097 755 2165 Aeque
779 2127 814 2136 -
838 2094 887 2162 (5.)
913 2098 994 2164 enim]
1019 2098 1146 2149 Simonidi
1169 2101 1274 2151 cenanti
1292 2096 1323 2151 Γ.
1341 2096 1354 2163 ΙΙ
1372 2096 1397 2151 l.

175 2168 274 2234 effluo]
295 2170 382 2218 exicio
406 2168 494 2219 officio
515 2166 549 2220 Β.
574 2171 655 2219 exitio
682 2166 857 2221 CDETorr.
875 2164 931 2235 115.
956 2170 1100 2233 scropham
1118 2167 1153 2220 E.
1174 2170 1186 2236 ΙΙ
1205 2172 1344 2220 Crannone
1363 2198 1397 2207 -

175 2238 313 2304 oppidum]
333 2240 360 2287 iu
378 2240 476 2303 oppido
493 2241 643 2290 thessaliae
660 2238 693 2290 Γ.
705 2240 719 2307 ΙΙ
736 2241 762 2289 ot
779 2254 916 2289 crannona
933 2237 965 2289 A.
984 2240 1012 2290 in
1029 2254 1166 2291 crannona
1183 2238 1278 2291 BCD.
1297 2241 1324 2289 in
1342 2256 1399 2289 cra·

175 2323 246 2359 nona
262 2306 298 2359 Ε.
317 2324 469 2359 crannonae
487 2308 550 2361 Par.
569 2312 596 2360 in
614 2312 735 2360 cranone
757 2308 834 2360 Torr.
854 2309 866 2379 ΙΙ
887 2311 994 2373 opidum
1016 2310 1042 2359 in
1060 2311 1161 2360 iexalia
1178 2309 1212 2361 Ε.
1225 2308 1238 2376 ΙΙ
1255 2306 1279 2360 b.
1298 2324 1398 2377 magno

177 2394 257 2442 opere
275 2380 306 2429 Ε.
322 2377 336 2447 ΙΙ
348 2375 374 2431 t.
394 2382 526 2443 scrophas
547 2378 582 2432 Ε.
597 2380 610 2445 11
630 2382 807 2444 epulabantur
820 2396 866 2448 pr.
884 2377 916 2429 A.
932 2378 945 2447 11
965 2376 1006 2431 10.
1025 2382 1092 2439 Quid
1110 2406 1145 2417 ·-
1164 2378 1230 2443 (ll.)
1251 2380 1332 2428 ualuit
1350 2394 1398 2429 ent.

177 2447 208 2501 Γ.
218 2450 232 2515 ΙΙ
245 2447 287 2501 13.
305 2450 366 2500 Non
384 2478 420 2487 -
438 2447 506 2519 (13.)
525 2450 586 2519 llic]
605 2452 772 2515 Daphanites
791 2448 822 2503 Γ.
837 2451 850 2519 ΙΙ
870 2451 931 2501 huic
949 2465 998 2501 em.
1017 2449 1052 2503 Ε.
1065 2449 1079 2517 ΙΙ
1092 2452 1254 2515 daphanileu
1271 2448 1333 2501 AC.
1352 2451 1398 2499 da·

177 2523 312 2583 phauitem
330 2518 356 2572 Β
374 2524 400 2571 et
417 2534 487 2573 corr.
504 2520 541 2574 D.
560 2524 723 2587 daphantem
736 2537 783 2589 pr.
800 2518 838 2572 D.
858 2522 1035 2585 daphaniccm
1052 2518 1087 2573 Ε.
1106 2520 1258 2585 Daphidam
1279 2518 1355 2571 lbra

178 2678 226 2714 nee
242 2664 316 2715 mdc
334 2664 361 2714 in
379 2663 569 2715 recentioribus
587 2664 662 2716 libris
681 2667 709 2716 et
726 2665 753 2716 in
772 2664 891 2734 uulgatis
911 2664 1041 2728 exemplis
1054 2662 1205 2729 suppletum
1224 2664 1267 2714 est
1318 2658 1399 2714 idom.
1446 2659 1451 2667 '

178 2734 305 2799 Equidem
324 2735 464 2784 Paridensi
482 2737 639 2799 compendio
658 2738 777 2786 atducor
793 2739 822 2785 ut
840 2737 948 2786 credam
968 2735 1102 2785 Valerium
1121 2735 1264 2799 scripsisse
1305 2731 1399 2784 beram

178 2801 267 2856 lenoni
284 2820 317 2855 es
340 2803 457 2855 Mnicis
479 2803 586 2872 quidam
610 2804 685 2857 esitii
708 2805 766 2857 eius
787 2803 899 2873 cupidus
922 2803 1025 2860 inam.
1052 2807 1096 2856 uel
1118 2803 1193 2856 esitii
1216 2803 1271 2856 eius
1289 2801 1400 2872 cupidus

178 2873 298 2926 ἑιίιιιω
315 2871 422 2941 Mum
439 2873 542 2930 intals'h
569 2878 693 2928 librarios
711 2892 776 2929 uero
795 2877 1030 2940 apraepositione
1048 2891 1079 2928 ee
1103 2880 1150 2926 aut
1173 2875 1202 2926 in
1226 2877 1262 2926 ud
1286 2879 1399 2927 eandem

178 2947 205 2996 in
222 2947 274 2996 elio
293 2948 425 2996 uocabulo
444 2949 602 2998 aberrantes
620 2949 777 3012 interposita
794 2948 929 2998 omisisse.

248 3015 274 3066 i.
291 3017 332 3066 ct.
350 3019 404 3067 Cic.
423 3020 458 3068 de
475 3034 514 3068 or.
531 3019 565 3075 11,
582 3014 627 3076 86.
645 3014 708 3069 352.
735 3019 851 3071 Phaedr.
871 3018 925 3068 iub.
946 3019 1002 3076 llll,
1021 3013 1065 3068 24.
1093 3018 1180 3077 Quint.
1198 3019 1245 3075 xl,
1264 3013 1291 3074 2.
1314 3014 1354 3068 ll.

248 3083 281 3136 ab
299 3085 436 3138 meante
452 3092 470 3152 †
488 3087 587 3154 officio)
622 3090 745 3154 Plerique
764 3091 840 3138 codd.
860 3091 887 3139 et
905 3089 965 3139 edd.
986 3084 1019 3138 ab
1038 3086 1173 3139 inminenti
1191 3086 1270 3138 esitio
1288 3088 1397 3138 habeut.

177 3157 211 3208 At
229 3172 362 3222 quaenam
381 3160 449 3209 haec
468 3165 511 3210 est
529 3161 661 3223 oppositio
679 3160 854 3210 inSimouide
874 3162 983 3210 deorum
1002 3174 1053 3224 ope
1072 3175 1125 3210 non
1144 3161 1231 3210 solcum
1256 3161 1291 3208 ab
1314 3159 1398 3208 immi·

177 3231 249 3280 nenti
267 3230 346 3279 exitio
360 3245 452 3280 uerum
466 3233 493 3281 et
504 3232 558 3292 iam
571 3229 591 3279 a’
600 3231 662 3280 tecti
674 3231 751 3280 ruina
764 3231 885 3289 defenso,
904 3229 1040 3295 tamquam
1053 3231 1130 3280 ruins
1141 3245 1195 3280 non
1207 3231 1234 3278 et
1250 3231 1313 3292 ipsa
1326 3229 1399 3278 mini·

178 3301 235 3349 lata
244 3304 319 3350 essct
328 3301 455 3351 exitium?
472 3302 566 3366 ltaque
578 3300 689 3364 Lipsius
702 3301 844 3369 legendum
858 3315 922 3352 esse
935 3303 1038 3352 censuit
1049 3299 1127 3351 esitio
1137 3297 1245 3365 defensa
1258 3297 1400 3365 ruinaeque

177 3367 313 3419 subtracta
330 3375 376 3424 est.
412 3371 515 3422 Vereor
540 3373 568 3421 ut
591 3373 678 3428 reciet
705 3387 766 3422 num
785 3373 920 3423 Valerium
945 3375 1053 3436 praeter
1072 3372 1185 3438 collapsi
1210 3369 1313 3420 triclinii
1331 3369 1399 3433 peri·

179 3441 265 3489 culum
291 3441 372 3492 etiam
397 3444 431 3493 de
454 3443 597 3510 nauhagio
621 3444 718 3492 somnii
742 3445 841 3492 monitu
861 3443 960 3493 crritato
979 3442 1130 3510 cogitasse,
1151 3443 1184 3491 de
1203 3457 1254 3506 quo
1273 3440 1401 3490 retulerat

179 3525 262 3574 snpra
278 3528 301 3562 c.
321 3509 347 3569 l.
366 3515 423 3562 ext·
437 3509 463 3569 3,
483 3514 621 3563 declarant
639 3515 723 3564 rrerba
740 3513 767 3564 in
786 3515 837 3562 lino
857 3513 935 3562 huius
955 3513 980 3576 s.
1006 3527 1083 3578 quom
1106 3525 1154 3561 nee
1172 3525 1244 3560 mare
1261 3524 1309 3560 uec
1327 3515 1400 3560 terro

178 3580 298 3632 maias
317 3581 466 3649 estinyaere
483 3581 575 3635 soluit.
612 3585 705 3645 Neque
718 3599 782 3634 uero
795 3583 877 3634 etiam
888 3585 915 3632 in
932 3583 1046 3648 simplici
1064 3583 1136 3632 exitii
1149 3582 1400 3632 commemoratione

179 3668 225 3717 per
243 3667 275 3703 se
293 3653 358 3702 illud
375 3655 546 3723 intellegitur,
570 3656 638 3720 quod
657 3671 676 3702 a
693 3655 760 3704 mari
778 3655 946 3710 imminebat,
973 3669 1032 3702 cum
1056 3653 1210 3718 primarium
1228 3654 1398 3710 momentum,

178 3725 203 3772 in
221 3740 273 3788 que
292 3725 383 3786 posita
400 3727 443 3776 est
454 3727 597 3790 oppositio,
615 3727 706 3775 tacere
718 3739 771 3774 non
783 3725 894 3775 licuerit
931 3723 1010 3788 Atqui
1029 3723 1101 3773 exitii
1119 3723 1278 3772 uocabulum
1296 3738 1330 3773 no
1343 3723 1401 3772 erat

180 3797 283 3859 quidem
302 3795 330 3843 in
349 3798 512 3860 archetypo,
541 3798 589 3846 sed
609 3797 679 3862 quod
696 3809 747 3844 noa
773 3811 833 3844 cum
857 3795 945 3844 mendi
970 3795 1034 3844 nota
1052 3795 1190 3852 edidimus,
1210 3790 1307 3860 ojjics'o.
1344 3791 1400 3842 Sub

180 3882 228 3930 quo
247 3866 311 3930 quid
322 3865 418 3916 lateret
430 3883 490 3916 enm
503 3868 645 3916 enucleare
655 3855 846 3932 nequiulssem}
865 3867 1038 3930 relinquenda
1053 3865 1112 3914 erat
1124 3865 1295 3932 ambiguitas.
1331 3865 1400 3914 Num

180 3937 247 4001 quod
266 3937 344 3987 unice
363 3931 455 4000 aptuin
473 3939 538 3987 mihi
555 3938 704 3996 uidebatur,
725 3935 877 4003 naasropt'o,
901 3953 919 3986 a
937 3937 1083 3986 litterarum
1101 3937 1273 3986 similitudine
1291 3935 1399 3985 nimium

247 4074 396 4135 Cimone)
418 4078 553 4129 Reuoeaut
566 4081 634 4130 baec
646 4081 731 4129 uerba
742 4081 778 4129 ad
795 4082 886 4130 notam
902 4077 1004 4130 &cendi
1019 4093 1142 4129 normam
1157 4079 1246 4129 deleta
1260 4080 1399 4142 praeposi·

177 4151 248 4198 b'one
259 4146 289 4198 n'n
299 4151 361 4199 ante
372 4150 445 4198 urbis
458 4165 563 4208 nomon,
583 4164 669 4215 neque
681 4151 820 4200 Paridcnsl
833 4151 989 4215 compendio
1003 4150 1160 4199 confirmata
1172 4164 1257 4216 neque
1268 4149 1399 4200 Bemensl

178 4221 277 4276 cadiae,
298 4223 343 4285 qni
359 4235 409 4284 pro
427 4235 463 4270 ea
480 4222 589 4271 exhriret
605 4222 729 4284 copulam
755 4225 794 4275 et.
820 4223 1005 4286 interpositam
1029 4221 1057 4270 ut
1081 4222 1303 4288 coniungerentur
1321 4235 1398 4268 necu-

177 4293 257 4341 satiui
271 4290 386 4357 &epm
403 4293 431 4341 ct
443 4289 592 4343 Crannona.
628 4292 658 4341 ln
675 4291 736 4355 ipso
754 4294 861 4342 nomine
880 4293 994 4356 optimos
1014 4305 1133 4357 quosque
1153 4307 1213 4342 eum
1226 4292 1325 4342 Valerii
1342 4295 1399 4338 tum

177 4363 291 4413 sliomm
310 4363 468 4425 scriptorum
486 4364 594 4413 codices
612 4365 723 4413 secutus
742 4364 875 4426 duplicant
892 4365 1007 4413 litteram
1025 4377 1050 4414 a.

246 4428 620 4493 scrutatusque.
649 4433 738 4486 Strab.
756 4435 846 4492 XIIIl,
871 4429 914 4486 33.
938 4451 964 4498 p.
983 4429 1034 4484 647
1054 4435 1130 4490 Cas,
1155 4433 1198 4498 qui
1216 4433 1347 4488 montem,
1372 4430 1400 4480 in

177 4521 228 4570 qno
245 4505 383 4554 metatus
400 4505 437 4552 sit
452 4505 645 4571 grammaticus
660 4505 792 4569 Daphitae
812 4501 930 4576 Θώρακα
947 4505 1074 4569 appellat.
1103 4504 1175 4553 Suid.
1194 4503 1221 4552 et
1234 4501 1353 4567 Hesych.
1372 4516 1398 4552 u.

176 4580 196 4626 Ι
232 4575 307 4633 &aa

195 4593 235 4645 ⁶¹!
246 4644 412 4714 Daphniten)
447 4647 567 4698 Ciceroni
584 4650 612 4698 et
629 4647 754 4698 Straboni
772 4649 897 4713 sophista
914 4649 959 4698 ille
977 4647 1123 4712 Daphitae,
1143 4643 1242 4695 Saldae
1259 4643 1400 4708 Daphidas

177 4721 298 4772 amatur.
334 4717 460 4770 Valerius
482 4720 568 4768 nuum
587 4719 660 4769 sind
676 4732 774 4771 nomen
797 4719 918 4786 posuerit
941 4733 976 4770 su
1001 4719 1092 4768 uetere
1110 4715 1207 4768 mendo
1226 4717 1253 4768 h.
1273 4717 1290 4766 1.
1309 4715 1399 4767 sitin·
