3409 5400
582 526 664 592 LIB.
688 524 746 603 Vl,
771 525 807 591 Ο.
830 526 864 601 4,
886 533 918 602 8.
941 526 973 591 3.
996 528 1027 592 4.
1355 526 1421 595 495

199 690 341 777 amplius
365 689 406 753 do
428 713 467 755 se
491 688 701 754 Ptolemaeus
725 696 930 773 quereretur,
960 708 999 749 ae
1024 699 1089 751 tum
1119 688 1251 752 demum
1274 686 1421 772 Popilius

199 818 334 861 manum
369 798 439 861 oiirs
474 808 641 881 tamquam
678 794 759 857 socii
794 791 1019 877 adprehendit.
1078 794 1187 877 Quam
1222 796 1338 877 (efficax
1373 804 1424 855 est

200 904 300 967 animi
333 904 560 989 sermonisque
592 901 724 963 abscisa
756 900 919 985 grauius!
953 900 1078 965 lindum
1110 912 1276 965 momento
1306 899 1423 983 Syriae

199 1030 339 1097 regnum
364 1010 483 1083 torruit,
508 1008 648 1095 Aegypti
674 1008 758 1071 texit.

76 1170 78 1205 :
175 1134 189 1175 u
290 1090 396 1180 Publii
419 1129 526 1179 autem
543 1114 653 1179 Rutilii
677 1114 786 1179 uerba
804 1116 895 1199 prius
920 1137 963 1179 au
986 1115 1073 1183 tacta
1097 1116 1269 1181 aestimem
1293 1110 1464 1184 nesei034.

202 1245 279 1311 nam
302 1224 448 1309 utrisque
472 1244 576 1307 aeque
601 1220 793 1295 admirabile
817 1222 906 1285 inest
927 1221 1035 1289 rolmr.
1083 1225 1164 1285 tium
1193 1220 1290 1285 aurici
1313 1219 1423 1283 euius-

202 1313 443 1393 dam‘ininstae
466 1328 631 1415 rogatiani
646 1328 813 1391 resisteret
836 1341 934 1414 atque
956 1333 987 1394 is
1011 1353 1068 1415 per
1092 1352 1254 1394 summam
1271 1326 1423 1411 indigna·
1450 1364 1453 1369 -

201 1437 322 1499 tionem
347 1436 484 1499 dixisset
515 1434 612 1515 ‘Quid
643 1455 724 1519 ergo
754 1435 884 1520 [inquit]
908 1434 987 1499 mibi
1011 1459 1095 1521 opus
1120 1451 1170 1499 est
1193 1435 1335 1499 amicitia
1359 1446 1423 1504 tua,
1461 1510 1472 1526 .

202 1543 232 1605 si
256 1542 343 1628 quod
366 1564 449 1629 rogo
485 1564 550 1605 non
578 1538 696 1603 taeis'?
731 1540 902 1625 respondit
929 1540 1042 1606 ‘immo
1073 1543 1148 1627 qaid
1182 1541 1260 1606 milri
1289 1551 1358 1612 tua,
1393 1538 1424 1601 si

163 1668 192 1711 ιο
203 1660 333 1734 propter
356 1660 386 1712 te
409 1648 532 1735 aliquid
556 1646 727 1711 inhoneste
752 1647 897 1712 tacturus
925 1647 1037 1713 sruu'?
1071 1648 1153 1711 llaie
1181 1649 1256 1712 uoci
1283 1666 1423 1709 eonsen-

203 1768 300 1819 tanea
328 1754 384 1821 illa
414 1776 529 1840 opera,
559 1753 646 1840 quod
675 1754 783 1839 magis
812 1754 964 1820 ordinum
994 1756 1203 1820 dissensione
1232 1774 1330 1840 quam
1359 1752 1425 1815 ulle

202 1862 300 1947 eulpa
322 1884 386 1925 sua
407 1884 482 1925 reus
507 1862 612 1927 faetus
637 1880 697 1923 nec
722 1859 903 1930 obsoletam
928 1874 1054 1927 uestem
1078 1862 1181 1926 imluit
1196 1884 1258 1925 aee
1280 1858 1426 1945 insignia

203 1968 367 2035 senatoris
384 1968 536 2055 deposuit
551 1991 610 2033 neo
627 1970 794 2055 supplices
811 1971 853 2035 ad
876 1990 986 2056 genua
1000 1970 1143 2034 italicum
1159 1991 1277 2033 manus
1294 1964 1426 2029 tetendit

76 2146 78 2155 ,
204 2097 265 2139 nee
289 2075 368 2139 dixit
396 2077 568 2161 quicquam
594 2076 769 2161 splendore
800 2078 1046 2163 praeteritorum
1073 2098 1235 2141 armorum
1258 2072 1425 2145 homiliae,

76 2166 79 2187 ⁵
166 2201 194 2245 to
205 2182 377 2268 effecitque
402 2194 435 2244 ut
457 2181 635 2267 pericolum
659 2202 724 2245 uon
748 2182 1014 2267 impedimentum
1039 2184 1208 2269 gratuitatis
1230 2184 1302 2247 cius
1326 2191 1426 2255 osset,

207 2338 231 2394 l.
251 2344 400 2405 ptolomeus
420 2336 541 2394 ΛΟΜ.
559 2342 710 2392 tholomeus
729 2338 763 2394 Ε.
784 2343 956 2406 ptholomeus
974 2340 1001 2395 Γ.
1013 2340 1027 2409 ΙΙ
1039 2347 1182 2405 quaeretur
1196 2357 1240 2411 pr.
1259 2338 1290 2394 A.
1310 2353 1424 2401 conque·

207 2417 310 2463 rorotur
328 2411 363 2467 ii.
376 2410 389 2479 ΙΙ
401 2429 434 2462 oe
452 2416 506 2465 tum
525 2440 562 2453 -
579 2410 630 2477 (⁸2.)
650 2415 824 2476 ruiprolreadit
841 2429 891 2468 om.
910 2412 941 2466 F.
955 2412 968 2479 ΙΙ
982 2416 1011 2464 at
1031 2412 1158 2478 0111111111
1176 2412 1213 2463 D.
1224 2409 1276 2480 113.
1288 2415 1316 2461 ct
1333 2413 1426 2475 syriae

206 2482 237 2535 F.
249 2482 263 2551 ΙΙ
275 2480 300 2538 5.
320 2486 468 2534 existimem
488 2482 555 2535 Dl'.
570 2482 582 2553 ΙΙ
603 2482 628 2533 ti.
648 2502 708 2533 nam
727 2512 764 2525 -
782 2486 876 2551 roburl
893 2487 936 2536 bio
954 2484 985 2538 Γ.
999 2482 1011 2555 ΙΙ
1031 2484 1056 2537 i.
1077 2487 1191 2533 iniustae
1209 2500 1257 2535 nm.
1277 2480 1305 2536 F.
1318 2483 1332 2549 ΙΙ
1343 2482 1423 2533 resis-

206 2554 285 2621 teret]
306 2560 365 2605 ante
384 2556 513 2623 rogationi
533 2552 564 2609 F.
584 2556 725 2606 desisteret
746 2552 774 2608 C.
795 2556 807 2619 ΙΙ
827 2554 852 2607 8.
873 2558 933 2622 quid
958 2572 1023 2626 ergo
1042 2557 1105 2605 mibi
1125 2556 1207 2619 inquit
1225 2569 1291 2617 opus
1311 2550 1339 2602 0.
1363 2552 1424 2615 qnid

207 2628 270 2679 mibi
290 2642 355 2695 erge
375 2626 457 2689 lnquit
481 2640 549 2690 opus
567 2624 605 2681 D.
628 2628 689 2688 quid
716 2628 796 2694 igitur
820 2642 888 2691 opus
913 2629 977 2679 mibi
996 2626 1032 2679 Ε.
1058 2628 1119 2691 qaid
1139 2627 1202 2678 milri
1221 2642 1289 2689 opus
1306 2622 1339 2677 1⁴⁸.
1362 2624 1425 2685 qaid

207 2700 271 2749 mibi
290 2715 356 2765 ergo
376 2713 443 2762 ripas
462 2694 487 2749 Γ
487 2738 493 2750 .
506 2692 555 2766 llll.
575 2701 598 2748 si
618 2701 686 2764 quod
706 2727 739 2736 —
760 2701 823 2749 mibi
841 2703 889 2749 tna
906 2714 954 2750 em.
975 2695 1004 2752 0.
1019 2695 1031 2764 ΙΙ
1051 2696 1093 2751 10.
1113 2697 1228 2764 propter]
1248 2713 1295 2760 pro
1313 2693 1345 2749 F.
1356 2692 1371 2762 ΙΙ
1384 2688 1425 2746 ll.

207 2785 290 2833 oporu
309 2771 354 2819 tua
372 2767 404 2822 F.
418 2769 431 2836 ΙΙ
444 2786 495 2836 qno
513 2766 579 2823 DF.
592 2770 605 2838 ΙΙ
617 2771 786 2821 11ἰεοοηείο1111
798 2769 833 2824 Ε.
847 2768 860 2836 ΙΙ
876 2767 917 2822 12.
937 2777 988 2820 sua
1005 2784 1054 2822 om.
1067 2767 1097 2821 F.
1113 2769 1125 2834 ΙΙ
1140 2771 1282 2819 obsolitam
1296 2781 1342 2836 pr.
1354 2765 1385 2818 A.
1400 2763 1412 2836 ΙΙ

210 2837 250 2894 ll.
271 2843 470 2904 proeteritorum
490 2841 632 2904 splendore
651 2838 678 2891 F.
692 2841 705 2909 Η
720 2837 759 2893 15.
779 2842 848 2907 eius]
867 2847 931 2892 tunc
948 2839 980 2895 F.
992 2841 1006 2910 ΙΙ
1018 2843 1112 2892 essent
1128 2837 1157 2891 F.

268 2980 304 3035 ⁴4.
322 2980 406 3034 umbe
420 2981 498 3050 prior
515 2997 550 3033 en
566 2981 647 3048 saeta
675 2981 816 3045 aestimem)
838 2984 855 3034 i.
880 2999 904 3036 e.
926 2985 1000 3048 prius
1018 2985 1141 3033 iudicium
1164 2997 1321 3048 propanam.
1357 2981 1426 3032 Nom

210 3055 341 3114 Valerius,
364 3069 421 3104 enm
441 3069 494 3104 non
513 3055 668 3118 simpliciter
686 3057 804 3120 exponat
828 3056 900 3105 iacto
918 3060 945 3106 et
963 3057 1033 3106 dieta
1051 3056 1249 3112 memorabilia,
1272 3055 1321 3104 sed
1341 3055 1379 3102 ita
1398 3054 1427 3101 ut

209 3127 324 3193 singulis
342 3126 454 3189 pretium
474 3139 551 3176 111111111
571 3129 672 3175 statuat
690 3141 792 3192 easque
810 3129 953 3191 penderet,
976 3128 1064 3177 Rutilii
1083 3130 1110 3176 et
1127 3128 1265 3194 egregium
1285 3126 1381 3174 dictum
1400 3125 1428 3173 et

210 3198 376 3261 praeclarum
395 3197 495 3246 frictum
513 3197 653 3251 relaturus,
676 3199 886 3248 incertasntrios
905 3200 1099 3250 commendatio
1117 3211 1291 3261 praecurrere
1308 3197 1427 3250 deberet,

211 3269 299 3318 dicere
318 3266 423 3328 poterat
441 3268 545 3316 ireseire
563 3281 594 3316 se
613 3270 698 3318 utrum
718 3271 791 3332 prins
810 3273 896 3321 uerba
913 3285 948 3320 an
967 3270 1039 3319 tuctu
1050 3271 1109 3319 eius
1121 3271 1289 3321 aestimaret:
1309 3267 1428 3328 utrisque

211 3339 280 3388 enirn
300 3338 368 3386 idern
388 3338 500 3400 pretinm
518 3350 591 3386 esse.
628 3337 796 3402 Quapropter
816 3355 870 3390 non
887 3342 1044 3391 necessaria
1062 3341 1191 3389 Perizonti
1209 3339 1362 3386 coniectare
1377 3349 1428 3397 pro

206 3407 294 3475 prius.
315 3409 383 3472 qued
403 3409 483 3470 plane
501 3408 629 3456 inorrloum
644 3410 667 3456 ei
681 3411 791 3467 uidetur,
811 3412 980 3462 scribendum
992 3423 1056 3460 esse
1064 3407 1160 3475 piaris.
1197 3407 1322 3458 Probsuit
1336 3408 1428 3454 umen

211 3479 340 3530 l'erizonii
357 3478 568 3528 emendationem
587 3477 738 3529 Torrenius

283 3545 366 3606 ‘Quid
383 3562 445 3613 erpo
464 3545 570 3614 [inquit]
590 3546 654 3597 mibi
671 3563 736 3614 epau
761 3553 809 3604 coti
833 3549 956 3599 Abundat
979 3551 1108 3600 interdurn
1131 3549 1192 3613 post
1217 3547 1320 3596 dicendi
1343 3547 1429 3596 uerbo

212 3620 376 3672 interiectum
395 3620 506 3669 dicentis
524 3621 636 3670 crationi
655 3617 751 3684 inquit,
774 3621 798 3668 si
816 3622 863 3669 eut
881 3633 1027 3682 pronomen
1044 3619 1281 3670 demonstratiuum
1302 3615 1370 3677 (boe,
1389 3614 1428 3678 id)

212 3697 258 3744 arn
275 3691 407 3757 particule
427 3691 546 3741 eiusdem
565 3690 680 3740 notionis
697 3687 757 3746 (sic,
777 3686 827 3746 ite)
849 3690 930 3753 priori
949 3693 1031 3741 rrerbo
1057 3691 1181 3747 edicitur,
1206 3703 1291 3755 eoquo
1317 3689 1429 3738 soluitur

212 3765 294 3814 ortior
316 3763 361 3813 ille
384 3776 469 3812 riexns
493 3763 562 3812 iuter
586 3759 690 3810 dicendi
709 3761 819 3810 uerbum
843 3762 871 3810 ct
893 3761 981 3824 ipsam
999 3762 1060 3812 inde
1083 3761 1203 3824 pendeas
1222 3761 1333 3818 dietum,
1356 3761 1427 3822 qrrod

212 3851 260 3900 per
277 3831 363 3901 inquit
380 3833 522 3891 inducitur,
547 3837 575 3881 nt
597 3833 666 3895 apud
694 3833 770 3882 Corn.
796 3831 863 3896 Nep.
887 3831 975 3884 itanu.
997 3830 1029 3890 2,
1053 3847 1112 3882 cum
1129 3829 1210 3882 multa
1227 3859 1262 3870 -
1280 3845 1428 3882 meten·

212 3911 311 3964 resset,
333 3903 382 3955 bec
400 3901 528 3962 adiunxit,
547 3901 627 3955 Pater
647 3917 726 3960 mens,
745 3901 830 3969 inquit
846 3908 896 3955 etc.
916 3908 946 3953 ct
960 3905 987 3954 in
1005 3905 1067 3955 beli.
1081 3903 1161 3953 sme.
1181 3900 1221 3960 lti,
1239 3899 1428 3970 menumquam

212 3974 371 4044 Ιφίοιανὲω
390 3975 514 4028 Caesario
531 3973 569 4026 itu
588 3971 732 4041 oppetiere.
753 3971 825 4032 Quid
842 3979 880 4029 tu.
899 3972 993 4042 iuquit,
1012 3973 1087 4027 miter
1103 3978 1153 4026 etc.
1181 3974 1228 4038 (et.
1240 3975 1272 4027 Α.
1290 3975 1357 4026 Geli.
1369 3975 1426 4032 llll,

215 4047 238 4108 l,
259 4046 323 4115 in),
342 4050 389 4098 out
406 4049 430 4098 si
449 4048 573 4098 remotior
591 4047 617 4096 in
637 4061 669 4095 eo
689 4048 778 4096 uerbo
790 4049 833 4096 cst
850 4047 955 4096 dicendi
972 4047 1058 4105 notio,
1080 4048 1302 4112 quemadmodum
1319 4048 1346 4096 tn
1364 4048 1428 4096 rab·

213 4121 324 4180 iciendo,
344 4120 508 4184 excipiendo,
528 4121 555 4170 et
572 4118 712 4168 similibus.
748 4118 805 4168 Nee
822 4118 1000 4184 infrequentia
1015 4134 1050 4169 ex
1061 4125 1172 4184 utroque
1183 4132 1284 4187 genero
1295 4118 1428 4182 exempto.

214 4193 308 4242 nunus
327 4193 380 4242 turn
400 4191 533 4242 inumeris
544 4190 619 4247 tatio,
637 4187 764 4239 oeciemrn
783 4185 1061 4256 ‘Arpicciorperetur',
1079 4187 1183 4256 ὄψι·
1194 4192 1262 4255 quod
1278 4190 1430 4252 composuit

213 4264 305 4314 liuius
324 4264 381 4322 vll,
404 4258 444 4320 n.
463 4259 489 4314 5.
528 4261 601 4310 llaec
620 4275 683 4310 uero
703 4261 849 4310 coniunctio
868 4261 943 4310 uocis
960 4257 1046 4328 inquit
1063 4277 1121 4310 cam
1140 4262 1200 4325 ipso
1214 4261 1318 4311 dicendi
1336 4261 1427 4316 uerbo,

213 4336 344 4398 pendente
363 4348 379 4384 e
397 4334 528 4397 partiente
546 4345 617 4387 cunr,
642 4335 668 4380 et
691 4332 801 4382 mutatio
820 4333 891 4382 modi
912 4333 939 4382 111
957 4333 1000 4382 bis
1019 4333 1118 4388 uerbis.
1142 4347 1202 4381 curn
1225 4333 1337 4381 atterum
1367 4345 1429 4378 con·

214 4407 328 4455 iunctioo
353 4405 492 4462 efferetur,
521 4405 634 4455 alteram
662 4402 817 4460 indication,
851 4403 957 4454 omnino
984 4404 1158 4453 intolerabilis
1184 4406 1235 4454 est.
1275 4400 1428 4450 Perizonius

213 4491 306 4540 purum
330 4477 505 4539 probabiliter
527 4475 608 4525 scribi
638 4473 716 4524 iussit
739 4471 812 4531 Quid
828 4470 914 4540 erpo?
934 4471 999 4541 qnid
1020 4472 1084 4525 aridi
1100 4487 1167 4540 oper
1184 4478 1230 4530 ert,
1248 4472 1319 4537 qaod
1336 4473 1426 4521 1111111111

213 4549 312 4612 placuit
335 4547 473 4596 'l'orreaio.
518 4547 646 4609 liquidem
672 4545 813 4596 molestum
839 4559 933 4596 trucem
956 4546 1098 4596 delendum
1122 4557 1221 4594 censeo
1243 4547 1354 4592 auctore
1376 4543 1427 4592 Pe·

213 4621 281 4678 ride,
301 4620 345 4685 qut
364 4619 475 4668 retentis
494 4619 590 4668 ceteris
609 4615 708 4666 Valerii
729 4617 819 4666 uerbis
841 4618 894 4668 boc
922 4631 1003 4666 unum
1026 4632 1080 4666 non
1103 4616 1194 4666 hebet.
1236 4613 1343 4663 Addidit
1366 4629 1426 4664 eom

213 4692 304 4756 proeul
323 4689 403 4740 dubio
423 4690 555 4748 librarius,
574 4686 663 4738 Rutilii
680 4687 776 4736 dietum
796 4703 814 4737 a
832 4685 905 4745 Quid
922 4701 984 4754 erpo
1001 4688 1119 4750 lnoipere
1137 4688 1220 4737 rotun.

283 4759 353 4814 Huic
370 4759 432 4812 noui
448 4765 630 4822 mnemtaaea)
647 4757 686 4807 Cf.
704 4759 756 4810 Cic.
776 4760 809 4810 do
827 4775 866 4812 ar.
884 4760 906 4820 i,
923 4755 968 4819 53,
985 4753 1047 4810 229.
1065 4759 1144 4808 Oros.
1161 4757 1195 4816 V,
1215 4753 1257 4808 Π.
