3409 5400
535 539 616 610 LIB.
640 539 736 616 VIII,
759 539 796 608 G.
821 539 879 616 1³,
902 548 931 616 i.
956 539 1075 606 5-8.
1349 539 1413 607 667

285 703 461 769 Inhaerent
491 701 539 767 ilii
570 701 646 766 uoci
679 701 872 786 posterioris
906 699 1055 764 Africani
1089 705 1215 782 septem
1253 697 1288 765 Ο.
1317 697 1416 764 Marii
1426 699 1455 764 7.

184 810 389 876 consulatus
413 829 452 872 ac
475 807 540 871 duo
563 806 760 894 amplissimi
781 803 944 892 triumphi.
990 802 1043 867 Ad
1065 824 1184 889 rogum
1200 805 1288 868 enim
1310 825 1415 890 usque

186 915 321 1003 gaudio
350 913 519 987 exultauit,
553 911 658 998 quod,
695 933 769 976 cum
803 911 892 996 apud
920 909 1131 974 Numantiam
1168 909 1230 974 sub
1264 929 1303 973 eo
1333 908 1415 972 duce

188 1021 365 1106 equestria
388 1018 552 1104 stipendia
579 1028 720 1082 mereret
746 1028 779 1080 et
804 1017 888 1080 forte
916 1018 999 1080 inter
1026 1035 1162 1080 caenam
1187 1014 1319 1100 quidem
1343 1013 1415 1078 Sci·

153 1147 169 1192 a
185 1129 331 1211 pionem
345 1126 591 1210 interrogasset.
614 1125 645 1188 si
661 1123 740 1209 quid
755 1121 800 1188 illi
816 1122 1001 1196 accidisset,
1026 1141 1200 1208 quemnam
1215 1141 1269 1184 res
1285 1119 1415 1205 publica

187 1253 303 1318 aeque
325 1251 483 1316 magnum
504 1230 657 1294 habitura
680 1239 770 1293 esset
791 1230 1033 1315 imperatorem,
1054 1228 1233 1314 respiciens
1255 1247 1292 1292 ee
1315 1247 1416 1310 eupra

186 1339 307 1422 ipsum
330 1335 514 1411 cubantem,
542 1333 617 1400 ‘Vel
638 1334 751 1410 hunc',
779 1335 867 1400 dixit.
914 1334 989 1415 Quo
1017 1335 1154 1419 augurio
1177 1334 1417 1418 perfectissima

188 1443 301 1506 uirme
323 1443 502 1507 maximam
524 1443 681 1506 orientem
704 1443 854 1505 uirtutem
870 1439 1027 1504 uideritne
1043 1440 1162 1504 certius
1183 1459 1226 1502 an
1249 1437 1415 1502 efficacius
1456 1509 1460 1520 Ι

190 1547 385 1613 accenderit
411 1546 570 1632 perpendi
597 1548 652 1610 uix
678 1557 795 1632 potest.
855 1544 914 1610 Ilia
945 1545 1098 1610 nimirum
1134 1565 1240 1608 caena
1266 1541 1415 1606 militaris

149 1672 180 1717 ru
191 1652 464 1740 speciosissimae
488 1661 556 1716 tcta
577 1655 612 1717 in
638 1651 719 1716 urbe
742 1651 848 1717 Mario
879 1651 1005 1716 futuras
1035 1671 1158 1715 caenae
1185 1651 1331 1714 ominata
1354 1657 1414 1712 eet.

189 1758 379 1844 Postquam
402 1760 488 1824 enim
504 1757 654 1824 Gimbros
678 1758 720 1822 ab
744 1779 784 1822 eo
807 1757 931 1822 deletos
954 1757 1046 1821 initio
1062 1756 1167 1821 noctis
1187 1755 1318 1820 nuntius
1342 1772 1414 1838 per·

191 1865 303 1939 uenit,
330 1884 428 1930 nemo
457 1865 518 1928 fuit
545 1865 602 1950 qui
627 1885 695 1928 non
724 1863 771 1930 ilii
798 1873 964 1951 tamquam
993 1861 1043 1926 dis
1072 1859 1297 1926 inmortalibus
1327 1857 1415 1945 apud

192 1991 295 2035 eacre
316 1991 453 2035 menuae
476 1991 558 2035 suae
580 1968 740 2037 libauerit.
800 1954 806 1965 ’

286 2073 357 2141 Iam
381 2096 464 2162 qnae
486 2078 523 2140 in
538 2077 597 2141 On.
614 2074 808 2162 Pompeium
825 2084 856 2137 et
872 2073 983 2158 ampla
1005 2083 1038 2136 et
1051 2095 1138 2138 noua
1152 2081 1312 2160 congesta
1330 2079 1416 2148 sunt,
1425 2067 1456 2134 8.

156 2179 276 2245 ishinc
300 2155 501 2247 adsensione
523 2181 659 2254 fauoris,
681 2180 768 2244 Illinc
791 2180 920 2243 fremitu
943 2178 1087 2244 inuidiae
1102 2179 1277 2244 litterarum
1300 2199 1416 2244 monu-

196 2405 223 2463 ³.
243 2408 325 2476 quod]
345 2411 389 2471 qui
406 2405 463 2460 EF
481 2413 507 2459 et
523 2422 593 2461 corr.
612 2406 649 2461 D.
663 2407 716 2474 114.
733 2409 868 2474 stipendia
886 2409 1021 2472 equestria
1035 2406 1111 2460 Tm.
1123 2405 1137 2474 ΙΙ
1148 2407 1294 2458 mereretur
1311 2403 1380 2458 DE.
1390 2403 1405 2473 ΙΙ

197 2495 311 2532 coenam
328 2478 383 2539 (Δ).
410 2476 445 2530 Vt
461 2494 509 2530 aee
525 2478 589 2531 Per.
600 2476 614 2546 ΙΙ
625 2476 651 2532 5.
669 2481 714 2540 qut
729 2493 773 2546 pr.
791 2478 822 2532 Α.
837 2481 850 2548 ΙΙ
865 2494 996 2545 quennam
1008 2475 1040 2530 A.
1052 2476 1066 2544 ΙΙ
1077 2478 1102 2530 I.
1114 2477 1213 2544 ipsum]
1227 2473 1289 2528 add.
1302 2479 1415 2528 Marium

197 2549 225 2604 ii
244 2555 270 2601 ei
286 2564 357 2601 cerr.
375 2546 412 2599 D.
437 2549 575 2613 imperium
593 2551 682 2613 ipsum
700 2547 731 2600 F.
752 2549 764 2618 ΙΙ
783 2551 879 2602 dixerit
896 2546 978 2601 ΑΘΓ
980 2546 1005 2599 Γ
1004 2584 1010 2599 .
1028 2547 1040 2614 ΙΙ
1057 2547 1179 2616 augurio]
1200 2549 1289 2597 audito
1308 2544 1343 2598 E.
1360 2545 1374 2614 ΙΙ
1390 2545 1416 2599 8.

198 2635 234 2671 an
253 2635 303 2671 cer.
323 2616 411 2671 OEF.
422 2617 436 2686 ΙΙ
448 2620 580 2669 eitiestius
596 2617 628 2671 A.
650 2634 699 2672 ess.
720 2617 809 2672 GEF.
826 2621 840 2688 η
857 2615 882 2671 9.
902 2619 1027 2669 acciderit
1043 2614 1194 2670 Aconti.
1206 2617 1219 2685 ΙΙ
1231 2619 1327 2682 poterit
1342 2615 1380 2669 D.
1391 2613 1405 2682 ΙΙ

198 2686 225 2741 9.
244 2695 269 2742 et
288 2686 329 2743 iu.
348 2705 433 2741 coena
449 2688 613 2756 (ΔᾼΙΙωιίι
629 2686 722 2744 Aci).
747 2693 837 2742 tantas
855 2687 884 2741 F.
904 2687 916 2760 ΙΙ
937 2687 978 2743 ii.
998 2690 1105 2741 cimbris
1123 2692 1157 2739 ab
1177 2705 1209 2740 eo
1229 2689 1323 2740 deictis
1341 2685 1378 2740 D.
1389 2687 1403 2754 ΙΙ

201 2758 243 2813 iti
261 2762 314 2811 iilis
330 2758 389 2821 (sed
406 2774 420 2811 s
433 2764 533 2827 puncto
545 2765 672 2821 wiotan)
688 2759 720 2814 A.
731 2761 745 2828 ΙΙ
758 2755 799 2814 tt.
818 2776 885 2813 suae
905 2776 1015 2813 mensae
1033 2757 1067 2812 B.
1079 2758 1093 2826 ΙΙ
1105 2760 1258 2811 liberauerit
1268 2756 1330 2810 Ar.
1349 2760 1413 2809 iibe-

198 2832 268 2882 rauit
285 2828 313 2883 0.
329 2830 343 2899 ΙΙ
362 2827 402 2883 ti.
422 2831 448 2894 ς.
467 2826 485 2879 8
507 2846 557 2883 css.
574 2828 606 2883 Γ.
624 2831 637 2897 ΙΙ
654 2847 690 2885 m.
708 2835 860 2897 pompeium
879 2830 910 2884 F.
928 2832 942 2897 ΙΙ
957 2835 984 2881 et
1005 2832 1096 2896 ampia
1117 2846 1189 2881 noua
1207 2832 1234 2881 et
1250 2830 1332 2897 gesta
1349 2826 1377 2881 F.
1389 2826 1403 2893 ΙΙ

200 2899 243 2954 15.
259 2903 386 2953 inuidiam
399 2914 446 2967 pr.
465 2899 497 2954 A.
514 2900 529 2969 ΙΙ
543 2903 571 2953 et
587 2902 733 2953 litterarum
750 2900 778 2954 Ε
796 2908 823 2954 et
841 2916 911 2955 eurr.
929 2899 965 2953 D.

270 3110 295 3167 I.
313 3114 353 3168 Gi.
371 3115 439 3166 Piui.
456 3114 526 3165 Mar.
543 3110 570 3166 ³.

270 3180 347 3250 quod,
366 3198 425 3234 cars
442 3181 515 3251 apud
531 3182 698 3236 Nummum
720 3188 749 3237 et
771 3201 798 3248 q.
816 3186 888 3253 sqq.)
916 3185 1021 3235 Primus
1044 3186 1113 3235 haee
1136 3186 1221 3236 uerba
1244 3187 1317 3237 recte
1340 3202 1416 3239 enar·

201 3256 269 3305 rauit
285 3255 448 3312 Perizonius,
467 3254 633 3321 coniungens
651 3270 686 3305 ea
704 3257 807 3305 csueaii
823 3272 894 3307 nexu
915 3272 974 3305 cum
986 3256 1216 3319 praecedentibus.
1235 3270 1294 3307 cum
1313 3258 1416 3321 priores

202 3325 316 3374 editores
334 3338 440 3373 omnem
459 3325 618 3373 sententiam
636 3339 670 3375 eo
683 3327 851 3385 euertissent,
871 3328 940 3390 quod
957 3327 1058 3375 maiore
1071 3326 1237 3375 distinctione
1249 3328 1338 3388 posita
1356 3329 1417 3389 post

202 3391 327 3443 mimi!
341 3408 441 3444 nouum
459 3394 621 3443 enuntiatum
639 3396 794 3457 inceperunt
811 3396 902 3445 uerbis
922 3392 974 3451 Qui
992 3408 1049 3445 cese
1067 3392 1139 3461 epod
1156 3392 1332 3446 Numeriam.
1362 3394 1415 3445 Sed

202 3462 253 3531 qai.
271 3464 340 3524 quod
358 3465 385 3513 in
403 3460 466 3529 qss'a
483 3464 637 3512 mutandum
651 3468 793 3515 censuerat
805 3465 967 3519 Perizonius,
986 3480 1044 3514 cum
1059 3465 1195 3515 uirentem
1209 3465 1415 3516 coniunctionem

203 3534 355 3583 necessarie
373 3534 521 3583 desiderari
539 3536 673 3589 cerneret,
696 3534 724 3583 in
747 3535 921 3583 deterioribus
946 3535 1047 3583 tauium
1072 3534 1172 3599 siiquot
1190 3534 1265 3583 tibris
1283 3538 1338 3591 est;
1362 3550 1416 3585 me·

203 3605 280 3653 liores
299 3616 393 3653 omnes
411 3600 482 3669 quud
498 3604 632 3655 exhibent.
668 3604 778 3667 Recepit
795 3604 847 3652 troc
865 3602 1017 3661 Tenemus,
1037 3606 1084 3652 aed
1104 3618 1260 3665 operarum.
1283 3606 1310 3654 ni
1329 3604 1416 3663 tollor,

204 3688 298 3731 errore,
318 3674 362 3737 qui
380 3674 460 3723 eiiam
477 3674 505 3723 in
523 3674 619 3737 Kappii
637 3674 778 3723 editionem
796 3674 915 3729 transiit,
940 3674 1039 3723 tectum
1064 3675 1107 3723 eet
1125 3678 1153 3722 ut
1173 3688 1259 3739 neque
1277 3676 1362 3725 maior
1380 3676 1417 3725 di·

204 3744 306 3793 etinetio
315 3746 378 3806 post
389 3742 517 3795 eesitms't
527 3744 664 3794 tolleretur
678 3744 864 3793 stmaiuscuta
875 3744 962 3793 tittera
981 3741 1058 3801 Quod
1069 3744 1237 3795 scriberetur.
1274 3743 1417 3809 Sequentia

205 3828 304 3879 quoqne
322 3811 466 3879 respiciens
483 3828 512 3863 ae
529 3828 611 3881 repra
628 3812 713 3880 iprum
732 3810 866 3865 cubantem
883 3816 953 3863 idem
968 3814 1120 3863 Perizonius
1138 3814 1239 3877 primus
1252 3814 1417 3865 intellexisse

205 3884 311 3942 uidetur,
330 3898 476 3946 pronomen
494 3898 523 3933 re
542 3885 575 3933 ad
594 3884 722 3942 Marium,
743 3886 826 3935 uerba
843 3882 989 3951 respicient
1006 3888 1033 3933 et
1051 3882 1135 3950 ipram
1155 3887 1189 3933 ad
1208 3884 1357 3949 Sctptonem
1376 3900 1416 3937 re·

205 3955 290 4005 terens
308 3968 473 4019 monensque
491 3956 678 4017 imperatorem
695 3955 766 4005 inira
776 3956 891 4005 Marium
911 3955 1071 4004 accubuisse
1088 3955 1114 4003 in
1129 3956 1216 4005 medio
1235 3955 1311 4007 iectu.
1348 3956 1414 4005 Nam

205 4040 220 4073 a
237 4024 330 4091 Pighio
349 4026 376 4073 et
394 4024 500 4073 Vorstio
519 4026 616 4074 editum
635 4027 694 4075 erat
711 4024 856 4092 imperator
873 4024 958 4091 ipsum
975 4022 1119 4091 respicietur
1136 4023 1210 4091 infru
1227 4039 1256 4076 ee
1274 4022 1415 4077 cuborum

205 4096 284 4144 Vnum
303 4094 384 4161 igitur
402 4096 538 4143 dumtaxat
557 4101 608 4155 est,
627 4098 653 4145 in
672 4110 723 4160 quo
742 4099 906 4147 abonorum
926 4096 1050 4145 librorum
1073 4096 1205 4160 scriptura
1228 4096 1415 4146 discedendum

204 4166 298 4227 putaui.
335 4165 534 4214 Coniunctiuum
557 4168 627 4215 enim
650 4166 760 4230 perfecti
783 4167 912 4230 temporie
937 4163 1047 4223 dicerit,
1073 4180 1149 4231 quem
1168 4166 1205 4215 itti
1223 4168 1341 4224 tradunt,
1364 4182 1416 4231 qua

205 4236 301 4284 ratione
319 4235 461 4284 defendam
480 4239 581 4287 neseio.
616 4236 685 4285 Nem
703 4238 728 4286 si
746 4238 814 4287 haec
832 4238 938 4287 eMarii
954 4238 1087 4286 uenientia
1106 4238 1267 4299 pronuntinri
1286 4237 1416 4286 uetuisset

206 4307 305 4362 auctor.
329 4306 435 4355 omnino
454 4302 566 4356 diuinet
586 4308 737 4370 ponendum
761 4310 832 4364 erat.
857 4322 908 4357 nun
933 4305 1037 4359 dixerit.
1079 4308 1246 4370 Quapropier
1266 4306 1359 4355 retinui
1377 4307 1415 4355 in·

206 4376 341 4424 dieatiuum
359 4376 479 4438 perfecti.
498 4378 551 4426 iam
569 4378 666 4425 dudum
686 4380 822 4441 receptum
840 4393 858 4427 a
879 4379 1070 4443 grammaticis.
1111 4376 1140 4427 Si
1163 4380 1252 4427 tanuen
1277 4378 1336 4441 quie
1359 4391 1415 4425 ma·

206 4446 277 4495 luerit
293 4442 407 4502 diseat
425 4462 470 4497 me
486 4461 538 4497 nnn
556 4448 667 4497 habebit
683 4448 914 4501 contradicentem.

248 4512 431 4572 accederit)
453 4519 517 4566 Cum
536 4518 599 4566 boni
617 4518 676 4566 iibri
694 4532 799 4567 summo
817 4531 950 4569 consensu
976 4514 1105 4567 acciderit
1126 4518 1247 4572 traduni,
1271 4515 1413 4566 'I'urrenIus

206 4602 284 4653 esque
304 4588 384 4636 tacite
401 4589 463 4637 inde
482 4585 584 4637 acuerit
600 4589 656 4637 erui
675 4601 758 4651 posse
775 4589 917 4639 contendit.
955 4590 1019 4638 Mihi
1039 4588 1111 4637 curte
1129 4587 1323 4637 adcreuiatoris
1336 4587 1412 4635 Guei·

207 4659 333 4723 terbytent
350 4658 502 4708 emendatio
520 4654 684 4712 emendetit.
707 4674 726 4707 a
748 4660 843 4726 Pighio
867 4660 992 4709 ecodice
1011 4659 1163 4709 Cauchiano
1186 4662 1308 4721 recepta,
1333 4658 1411 4723 iunge

206 4728 373 4791 praeferenda
391 4730 502 4781 uidetur.
