3409 5400
275 488 340 555 356
625 484 685 553 DE
710 486 867 553 AMORE
891 484 1167 559 coniveant.

275 646 392 711 occidi.
427 644 540 732 ltaque
565 646 748 713 Corneliam
772 650 886 711 nescio
909 657 1015 711 utrum
1038 646 1216 711 feliciorem
1241 646 1387 723 dixerim,
1410 644 1498 731 quod

273 754 372 819 talem
405 755 510 817 uirum
544 753 704 831 habuerit,
744 776 786 819 an
821 755 1037 827 miseriorem,
1072 754 1161 841 quod
1195 755 1349 818 amiserit.
1396 751 1425 845 Ο
1457 766 1497 826 te,

274 859 466 925 Thessaliae
489 883 547 925 rex
569 860 718 934 Admcte,
742 859 883 925 crudelis
907 873 939 925 ct
962 860 1023 923 diri
1046 860 1124 925 faeti
1147 861 1281 924 crimine
1296 859 1359 924 snb
1373 878 1496 945 magno

273 970 380 1033 iudice
416 970 616 1042 damnatum,
652 969 706 1053 qui
742 968 893 1049 coniugis
928 978 1002 1029 tuac
1036 968 1106 1031 fata
1140 988 1199 1052 pro
1230 968 1293 1029 tuis
1320 966 1495 1051 permutari

273 1098 395 1163 passus
420 1100 467 1150 es,
491 1097 607 1161 caque,
632 1094 672 1137 nc
696 1084 727 1135 tu
745 1074 982 1158 extinguerem,
997 1073 1183 1137 uoluntario
1199 1073 1287 1136 obitu
1303 1084 1522 1156 consumptas

273 1184 379 1247 lucem
395 1183 511 1246 intueri
529 1182 670 1265 potuisti,
696 1190 727 1242 et
742 1190 827 1242 certe
844 1190 1016 1264 parentam
1034 1181 1125 1265 prius
1141 1177 1377 1264 indulgentiam
1394 1189 1494 1263 temp-

274 1278 421 1353 taucrasl

230 1386 263 1457 2.
363 1392 469 1458 Vilior
492 1392 643 1459 Graccho
666 1393 795 1477 iniquae
821 1392 970 1455 fortunae
993 1393 1136 1465 uictima,
1161 1391 1312 1478 quamuis
1340 1391 1495 1455 senatorii

272 1502 322 1563 uir
346 1501 480 1576 ordinis,
516 1502 552 1563 u.
584 1500 730 1563 Plautius
761 1499 915 1575 Numida,
944 1497 1003 1560 scd
1033 1499 1066 1561 in
1095 1497 1258 1562 consimili
1295 1517 1406 1561 amore
1436 1518 1497 1581 par

273 1607 467 1693 exemplum.
513 1607 617 1671 Morte
648 1607 735 1669 enirn
760 1607 868 1668 uxoris
893 1604 1016 1678 andita,
1047 1603 1171 1667 doloris
1199 1604 1351 1688 inpotens
1382 1615 1495 1689 pectus
1506 1625 1532 1668 re

273 1738 368 1779 suum
390 1714 501 1801 gladio
517 1713 690 1797 percussit.
726 1708 913 1774 interuentu
929 1711 1047 1774 deinde
1064 1711 1318 1774 domesticorum
1332 1711 1496 1794 inceptum

273 1820 389 1905 exequi
422 1817 601 1905 prohibitus
637 1816 891 1903 colligatnsquc,
926 1828 961 1881 nt
993 1817 1133 1903 primum
1169 1818 1302 1881 occasio
1331 1815 1410 1879 data
1437 1827 1496 1887 est,

273 1926 391 1989 scissis
406 1924 528 1988 fasceis
554 1946 591 1988 ac
617 1922 750 1986 uulnere
772 1923 913 1999 diuolso,
937 1925 1099 1988 constanti
1122 1922 1236 1988 dextra
1257 1924 1406 2007 spiritum
1428 1922 1496 1986 luc·

274 2040 325 2101 tus
346 2030 519 2094 acerbitate
536 2030 728 2117 permixtum
754 2018 794 2094 eir
814 2031 897 2116 ipsis
913 2030 1115 2116 praecordiis
1132 2040 1163 2091 et
1178 2029 1359 2094 uisceribus
1374 2027 1496 2100 hausit,

273 2148 339 2200 tam
372 2136 517 2202 uiolenta
550 2148 653 2201 morte
687 2146 823 2200 testatus
866 2148 1022 2222 quantum
1057 2135 1215 2200 maritalis
1254 2134 1406 2199 flammae
1440 2133 1532 2199 illota

271 2254 404 2330 pectore
427 2244 575 2309 clausum
597 2243 778 2308 habuisset.

230 2340 263 2412 3.
360 2350 517 2419 Eiusdem
548 2360 583 2413 ut
605 2349 757 2423 nonrinis,
779 2349 824 2411 ita
847 2349 970 2413 amoris
995 2368 1125 2435 quoque
1147 2347 1193 2415 Μ.
1206 2347 1365 2413 Plautius.
1411 2346 1496 2411 Nam

273 2480 348 2523 curn
375 2459 512 2545 imperio
542 2468 678 2521 senatus
714 2454 855 2521 classem
891 2455 1055 2520 sociorum
1089 2456 1265 2542 sexaginta
1289 2455 1429 2535 „nauium
1461 2453 1498 2517 iu

272 2562 390 2627 Asiam
418 2564 587 2629 reduceret
616 2562 856 2647 Tarentumque
894 2561 1076 2646 appulisset
1110 2573 1207 2647 atque
1239 2561 1284 2626 ibi
1313 2582 1394 2623 uxor
1424 2561 1497 2623 eius

275 2668 437 2744 Orestilla,
462 2692 546 2756 quae
569 2668 645 2734 illuc
670 2689 743 2732 oum
767 2681 943 2754 prosecuta
966 2668 1079 2743 fuerat,
1102 2669 1217 2735 morbo
1241 2687 1359 2754 pressa
1382 2665 1534 2734 decos-ao

274 2776 382 2848 sisset,
405 2776 555 2838 funerata
578 2797 618 2838 ea
642 2785 673 2836 ct
695 2776 729 2837 in
753 2795 870 2860 rogum
887 2775 1041 2858 imposita
1057 2777 1140 2840 inter
1164 2775 1309 2839 officium
1330 2771 1497 2860 unguendi

275 2889 306 2943 et
327 2879 499 2944 osculandi
522 2880 632 2943 stricto
656 2880 741 2942 ferro
765 2879 921 2942 incubuit.
968 2879 1075 2958 Quem
1099 2882 1208 2951 amici,
1231 2864 1316 2946 sicut
1338 2891 1417 2954 erat,
1446 2889 1496 2942 to·

275 2996 387 3072 gaium
417 2995 449 3050 et
477 2984 657 3049 calceatum
681 2985 810 3068 corpori
833 2986 984 3072 coniugis
1007 2987 1189 3062 inruerunt,
1214 3009 1252 3052 ac
1277 2985 1394 3049 deinde
1418 2985 1495 3048 sub·

274 3137 300 3198 2.
318 3146 413 3196 habuit
430 3143 493 3197 EF.
506 3143 553 3214 ΗΟ
573 3145 600 3194 te
618 3171 652 3181 —
672 3140 720 3206 (e.)
739 3144 922 3209 temptancras
940 3159 989 3196 om.
1008 3143 1039 3198 Γ.
1054 3143 1066 3213 ΙΙ
1085 3150 1111 3196 tc
1130 3161 1178 3199 om.
1197 3142 1226 3197 F.
1238 3144 1252 3215 11
1269 3140 1295 3197 3.
1315 3146 1403 3195 amcle
1421 3141 1454 3197 F.
1467 3139 1480 3211 ΙΙ

275 3217 332 3267 duri
351 3213 412 3270 OD.
424 3213 438 3282 1]
450 3217 496 3266 fati
514 3213 573 3268 DF
590 3219 616 3266 et
633 3229 702 3286 corn
719 3212 751 3264 Α.
763 3214 776 3283 Η
788 3219 888 3267 crimen
907 3212 943 3266 D.
956 3213 1005 3282 115.
1025 3219 1051 3266 tu
1071 3233 1105 3268 nc
1124 3215 1155 3268 F.
1168 3216 1182 3284 ΙΙ
1193 3219 1350 3284 extinguere
1369 3213 1394 3268 F
1410 3219 1436 3266 et
1449 3229 1494 3282 pr.

273 3285 336 3340 ΑΕ.
356 3289 557 3356 eontingnercre
578 3283 606 3337 C.
626 3287 819 3352 extinguereris
841 3283 1109 3356 foecundantur
1129 3283 1248 3354 011116.
1267 3289 1342 3351 prius
1355 3295 1494 3350 parentum

276 3355 353 3409 Terr.
370 3358 383 3426 ΙΙ
399 3357 592 3423 temptarer-as]
617 3354 678 3407 aad.
697 3359 811 3408 femineo
835 3361 923 3408 anime
949 3360 1035 3419 impar
1058 3360 1181 3411 inuentus
1206 3373 1297 3424 mereo
1315 3353 1354 3412 D,
1378 3355 1481 3424 Terruit

274 3427 300 3481 8.
321 3431 454 3482 1111101·-
474 3431 597 3495 quamuis
616 3443 665 3480 om.
684 3427 715 3482 Γ.
734 3431 746 3498 ΙΙ
766 3432 883 3482 senatori
905 3427 933 3480 C.
950 3428 964 3497 11
980 3427 1006 3482 il.
1026 3431 1148 3492 plaucius
1167 3427 1199 3481 Α.
1222 3430 1345 3494 plancius
1364 3427 1399 3481 Ε.
1416 3426 1429 3495 ΙΙ
1445 3431 1493 3480 sed
1562 3477 1571 3490 ‚

274 3497 644 3566 -(10.)eicmp1umom.1’.
657 3497 670 3565 ΙΙ
684 3497 724 3552 10.
736 3503 804 3552 enirn
815 3516 863 3552 em.
875 3497 905 3553 Γ.
918 3499 931 3567 l}
946 3497 985 3552 12.
999 3502 1201 3568 collegatusqoe
1208 3514 1254 3568 pr.
1266 3498 1299 3550 Α.
1313 3496 1326 3568 ss
1344 3496 1383 3551 13.
1403 3501 1495 3550 fasciis

272 3569 444 3625 DEl'Terr.
464 3573 583 3622 fascibus
603 3569 634 3622 F.
659 3569 701 3636 Os.
720 3577 805 3622 tamea
827 3569 872 3628 Vt.
891 3569 917 3629 2,
937 3569 962 3623 7.
974 3570 988 3639 ΙΙ
1000 3571 1043 3636 ac]
1066 3577 1094 3621 at
1114 3569 1142 3623 G.
1162 3575 1188 3622 et
1208 3569 1285 3621 Torr.
1297 3570 1311 3638 ΙΙ
1323 3571 1437 3636 dirroisol
1455 3569 1496 3621 sic

273 3629 342 3694 test.
365 3640 398 3694 A.
423 3645 527 3694 diuolsa
544 3656 596 3709 ‘pa
616 3639 647 3693 Α.
673 3643 777 3692 diuulso
798 3640 903 3710 reliqui.
923 3641 935 3711 ΙΙ
955 3645 1065 3694 dextera
1085 3639 1319 3694 cDEFi‘Ter-r.
1337 3641 1349 3705 ΙΙ
1371 3640 1411 3694 ti.
1436 3657 1495 3706 pcr-

271 3714 379 3762 mistum
397 3712 426 3764 F.
438 3713 451 3780 ΙΙ
464 3715 595 3764 ulceribus
608 3727 654 3779 pr.
674 3709 701 3763 Ο.
719 3711 732 3780 ΙΙ
752 3711 791 3766 li.
812 3716 839 3762 ut
858 3716 973 3765 nominis
992 3714 1041 3779 iu]
1061 3715 1175 3764 nominis
1193 3717 1220 3764 ct
1237 3710 1269 3766 Γ.
1289 3710 1302 3784 ΙΙ
1323 3728 1428 3780 qrroqtre
1445 3727 1494 3764 on.

271 3779 304 3832 Γ.
315 3781 329 3848 Η
342 3779 382 3832 tn.
401 3785 531 3833 seciorem
547 3797 592 3849 pr.
609 3780 640 3834 A.
652 3780 665 3848 ΙΙ
676 3779 720 3833 21.
739 3798 772 3832 en
791 3809 803 3836 a
822 3783 852 3836 A.
865 3783 879 3851 ΙΙ
891 3787 929 3852 ct]
949 3788 1030 3850 atque
1047 3781 1124 3838 l'orr.
1135 3783 1149 3851 ΙΙ
1161 3787 1277 3854 ungendi
1297 3783 1351 3837 OE
1357 3783 1382 3836 F
1386 3781 1412 3836 Γ
1418 3782 1495 3835 Torr.

286 3847 298 3916 ΙΙ
312 3846 356 3902 23.
376 3852 515 3903 calciatum
537 3850 687 3904 CDEFP.

344 3985 528 4054 indulecutr'em
547 3996 748 4059 irruptaucrost)
767 3995 865 4051 Verira,
885 4011 954 4058 qrruc
967 3996 993 4043 iu
1011 3998 1130 4062 uulgatis
1144 3999 1275 4064 exemplis
1288 4001 1350 4049 indo
1362 4016 1380 4048 a
1392 3999 1495 4048 Veneto

273 4059 334 4110 anni
355 4057 424 4110 1418
442 4063 510 4112 narce
529 4065 705 4127 excipiebant,
717 4063 836 4129 femineo
856 4063 941 4114 anime
960 4063 1047 4132 impar·
1065 4065 1193 4124 inuratur,
1217 4073 1266 4120 scd
1285 4087 1338 4121 noa
1357 4073 1451 4119 extant
1468 4073 1494 4119 iu

273 4131 387 4181 editione
406 4131 562 4198 Mogentina
580 4149 629 4183 nec
648 4135 674 4183 in
698 4150 740 4192 en,
760 4151 814 4197 qua
835 4149 901 4184 usas
921 4138 963 4185 est
980 4138 1115 4201 Kappius,
1141 4143 1263 4205 qrramuis
1282 4141 1495 4205 interpolationis

271 4217 324 4253 nen
343 4217 408 4267 prae
427 4215 457 4252 se
477 4203 563 4252 ferant
581 4205 699 4266 speciem
724 4221 772 4256 nce
791 4206 897 4254 omnino
916 4207 1104 4274 habeantque
1128 4213 1278 4274 olienrlant,
1304 4217 1410 4270 tamen,
1434 4227 1494 4262 crim

272 4276 299 4326 ln
318 4275 439 4324 omnibns
458 4275 556 4322 nostris
578 4275 712 4324 codicibus
738 4279 778 4333 et,
805 4280 832 4324 nt
856 4279 958 4340 opiner,
984 4280 1011 4329 in
1033 4280 1170 4344 plerisque
1188 4283 1360 4336 Torrenianis
1385 4285 1450 4348 (non
1468 4285 1495 4332 in

273 4347 332 4395 oelo
350 4345 462 4408 tantum)
482 4360 567 4407 troque
587 4347 778 4401 desiderentur.
797 4363 814 4396 a
832 4351 980 4399 recentiore
998 4352 1106 4402 homine
1125 4356 1249 4418 arrpositn
1268 4370 1333 4406 esse
1351 4357 1494 4405 credamus

273 4419 389 4480 oportet,
413 4418 454 4466 cui
477 4418 595 4467 fortasse
620 4419 786 4480 praecedens
811 4422 944 4469 sententia
962 4422 1040 4471 nimis
1058 4425 1149 4473 breuis
1168 4429 1248 4492 atque
1267 4428 1403 4490 incompta
1421 4427 1494 4474 uidc-

271 4488 359 4536 batur.
396 4492 483 4548 Quare
503 4489 568 4539 eieci
588 4489 697 4550 quibus,
726 4490 749 4537 si
769 4505 821 4554 qna
844 4493 887 4540 est
904 4491 972 4541 fides
996 4493 1121 4545 librorum
1143 4499 1393 4561 manuscriptorum,
1412 4499 1495 4547 sedes

272 4558 341 4607 inter
365 4559 473 4624 antiqua
502 4561 599 4611 Valerii
628 4562 711 4610 uerba
739 4575 791 4610 non
816 4563 934 4619 debetur.
965 4579 1088 4628 quaeque
1116 4569 1218 4620 abesse
1240 4569 1340 4633 optime
1370 4575 1493 4632 possunt.

274 4629 396 4679 Ceterum
414 4630 549 4693 tamqnam
567 4646 597 4683 rc
615 4647 680 4682 uera
692 4632 821 4682 Admetus
833 4636 973 4697 parentam
986 4637 1161 4688 uoinrrtarinm
1173 4655 1222 4702 pro
1241 4655 1272 4690 se
1284 4641 1384 4690 obitum
1403 4643 1495 4703 postu·

274 4697 369 4764 lasset,
388 4701 506 4756 tabulam
530 4705 736 4770 composuerunt
753 4704 894 4773 Euripides
912 4705 1046 4759 Alcestidc
1068 4712 1095 4762 et
1113 4709 1238 4780 Hyginus
1262 4713 1316 4764 ab.
1335 4707 1367 4764 5!
1389 4713 1416 4764 ct
1432 4706 1494 4765 251.
