3409 5400
245 484 311 551 280
336 480 415 565 QVI
430 478 462 545 A
476 474 756 543 PARENTIBVS
770 470 928 541 CLARIS
941 466 1376 539 DEGENERAVERVNT.

204 644 235 708 2.
336 643 445 723 Quem
478 649 616 704 matrem
649 636 824 725 Euripides
860 645 917 700 aut
948 655 1045 721 quem
1073 643 1199 720 patrem
1225 629 1473 696 Demosthenes
1582 707 1588 713 ,

245 750 394 815 habuerit
416 752 562 833 ipsorum
593 766 721 833 quoque
751 742 884 809 saeculo
906 743 1055 829 ignotum
1077 742 1146 806 fuit.
1192 738 1335 804 Alterius
1359 748 1470 802 autem

245 868 382 923 matrem
396 857 511 929 holere,
535 854 665 916 alteriue
674 858 799 935 patrem
814 847 960 913 cultellos
976 847 1178 922 uenditasse,
1202 847 1347 910 omnium
1361 865 1471 930 paene

247 966 416 1029 doctorum
439 962 561 1027 litterae
584 960 742 1024 locuntur.
777 954 845 1022 Sed
869 953 948 1041 quid
962 940 1026 1019 ⁴aut
1041 952 1127 1019 illius
1143 952 1270 1040 tragica
1293 961 1350 1017 eut
1370 949 1472 1014 huius

247 1072 388 1138 oratoria
409 1070 443 1137 ui
465 1066 609 1137 clarius?
1481 1074 1497 1119 e

330 1726 409 1812 QVI
431 1726 463 1793 A
485 1721 764 1792 PARENTIBVS
790 1721 947 1789 CLARIS
971 1718 1407 1787 DEGENERAVERVNT.

197 1914 242 1983 V·
341 1925 495 2010 Sequitur
518 1922 656 2007 duplicis
672 1923 829 2007 promissi
852 1942 931 2005 pars
950 1917 1115 2004 adopertis
1130 1915 1313 1982 inlustrium
1329 1920 1475 1982 uirorum

251 2031 450 2117 imaginihus
479 2028 663 2103 reddenda,
699 2030 854 2116 quoniam
887 2026 1019 2112 quidem
1053 2034 1128 2088 sunt
1157 2023 1321 2087 referendi
1349 2026 1403 2110 qui
1432 2025 1477 2089 ab

251 2158 366 2202 earum
389 2137 562 2222 splendore
587 2136 878 2221 degenerauerunt,
901 2131 1095 2197 taeterrimis
1118 2130 1275 2217 ignauiae
1299 2152 1338 2194 ae
1360 2131 1477 2217 nequi·

250 2244 316 2309 tiae
340 2224 629 2309 eordibus'inbuta
652 2240 774 2306 nobilia
796 2251 955 2326 portenta.
1487 2259 1515 2303 to

210 2345 242 2411 1.
342 2351 430 2433 Quid
453 2352 540 2414 enim
563 2358 709 2413 monstro
733 2347 871 2411 similius
896 2367 994 2432 quam
1019 2345 1196 2429 superioris
1220 2344 1368 2409 Africani
1390 2342 1477 2407 lilius

252 2458 377 2544 Scipio,
402 2458 456 2543 qni
478 2457 513 2520 in
537 2464 626 2519 tanta
643 2454 824 2518 domestica
841 2452 949 2540 gloria
967 2463 1069 2525 ortus,
1094 2474 1114 2516 a
1136 2449 1274 2537 paruulo
1299 2449 1479 2515 admodum

252 2567 342 2649 regis
366 2561 520 2626 Antiochi
541 2561 708 2645 praesidio
733 2561 807 2646 oapi
831 2560 993 2629 sustinuit,
1019 2560 1147 2622 cumei
1170 2557 1352 2621 uoluntaria
1374 2569 1479 2621 morte

253 2669 384 2734 absumi
411 2670 515 2732 satius
546 2667 641 2732 luerit
673 2688 770 2753 quam
798 2669 882 2732 inter
911 2665 976 2730 duo
1005 2664 1250 2753 fulgentissima
1279 2665 1480 2750 cognomina

252 2775 356 2859 patris
381 2785 411 2836 et
426 2774 543 2858 patrui,
567 2773 666 2837 altero
690 2775 831 2854 [maiori]
856 2772 1148 2859 oppressaAfrica
1164 2772 1352 2856 imperto,
1376 2770 1478 2835 altero
1491 2791 1515 2834 ts

255 2933 280 2986 l.
299 2934 425 2996 euripidis
443 2929 475 2985 A.
495 2927 548 3000 112.
573 2932 703 3002 ignotum]
729 2931 790 2984 edd.
814 2949 869 2984 non
886 2930 924 2983 D.
941 2931 954 3000 ΙΙ
971 2933 1081 2983 alterius
1105 2934 1194 2982 etitem
1218 2934 1330 2982 matrem
1355 2933 1479 2982 cultellos

254 3001 369 3066 (emissis
388 3001 507 3070 reliquis)
525 3001 614 3055 ΒΒΓ
631 3009 655 3055 et
668 3019 713 3072 pr.
727 3003 750 3056 A
759 3003 788 3057 0.
807 3006 918 3055 ulterius
937 3005 1006 3053 enim
1025 3007 1129 3068 petrem
1149 3005 1243 3054 holere
1262 3003 1370 3053 alterius
1388 3004 1479 3053 autem

253 3079 359 3142 petrem
378 3076 499 3126 cultellos
514 3073 615 3141 partim
634 3075 662 3124 r'rr
679 3091 783 3131 resera.
798 3073 901 3143 partim
919 3073 946 3125 t’n
958 3075 1077 3141 marytres
1089 3071 1121 3127 A.
1140 3076 1252 3125 atterius
1264 3076 1353 3124 autem
1365 3075 1479 3125 matrem

255 3149 330 3198 olera
349 3146 457 3196 alterius
477 3151 567 3196 eutem
584 3147 688 3208 patrem
707 3148 829 3198 cultellos
848 3143 877 3196 D
896 3151 922 3196 et
939 3159 1007 3198 corr.
1030 3140 1125 3216 11113.
1145 3146 1305 3196 uendicesse
1320 3141 1353 3196 Β.
1368 3142 1380 3214 ΙΙ
1394 3140 1421 3196 A.
1441 3147 1478 3195 lo·

256 3220 368 3284 quuntur
387 3231 456 3267 eerr.
475 3212 507 3267 A.
519 3213 532 3281 ΙΙ
549 3216 663 3284 tragica]
691 3222 750 3268 ante
773 3219 843 3267 illius
863 3215 898 3268 E.
922 3217 1018 3284 tragici
1035 3231 1079 3285 pr.
1098 3213 1131 3268 B·
1147 3215 1160 3284 ll
1180 3210 1205 3267 o.
1225 3217 1275 3274 Qui
1295 3231 1313 3264 e
1329 3216 1479 3280 praeclaris

254 3291 410 3354 parentibus
430 3290 625 3355 degenerarunt
645 3285 720 3339 Terr.
733 3287 746 3354 ΙΙ
759 3287 783 3340 I.
796 3290 917 3338 uiuorum
930 3286 962 3339 A.
977 3284 989 3356 ΙΙ
1003 3286 1029 3340 8.
1048 3289 1189 3339 referende
1207 3283 1232 3337 Β
1237 3282 1382 3339 DI'Torr.
1396 3283 1408 3354 ΙΙ
1423 3286 1478 3354 qui]

254 3359 346 3412 ultimo
365 3358 452 3410 littera
470 3358 499 3408 in
516 3371 613 3408 rosera
630 3356 662 3409 A.
681 3375 751 3422 qrrae
770 3356 943 3411 BDI'Torr.
958 3357 970 3428 ΙΙ
985 3354 1010 3408 11.
1029 3360 1170 3409 teterrimis
1188 3354 1244 3420 (A.)
1257 3353 1269 3427 ΙΙ
1286 3354 1326 3408 10.
1338 3360 1432 3409 imbuti
1444 3355 1481 3409 Β.

268 3427 338 3497 1112.
358 3447 374 3480 a
392 3431 504 3494 puruulo
524 3457 558 3466 -
577 3432 615 3496 (p.
635 3425 695 3489 281,
715 3426 752 3494 5.)
771 3430 856 3494 idem]
876 3445 925 3482 om.
944 3431 975 3486 Γ.
991 3430 1002 3503 ΙΙ
1024 3426 1065 3481 ld.
1085 3429 1201 3479 anthioci
1223 3444 1267 3495 pr.
1288 3425 1319 3478 A.
1345 3430 1480 3481 anthiochi

255 3515 325 3553 cerr.
343 3497 376 3551 A.
397 3499 439 3567 Cf.
457 3497 509 3554 III,
531 3498 555 3557 7,
578 3500 600 3553 1.
619 3503 751 3551 antiochis
773 3496 882 3565 (11111.
901 3505 1007 3556 adsumi
1023 3516 1067 3570 pr.
1079 3497 1110 3552 A.
1129 3502 1233 3550 assumi
1249 3499 1282 3552 Β.
1293 3501 1306 3569 ΙΙ
1320 3497 1361 3552 15.
1373 3500 1480 3566 maiori}

254 3569 378 3625 moiorB.
389 3573 542 3639 maiorepr.
554 3571 582 3625 C.
597 3573 698 3624 maiore
708 3570 797 3624 Eone.
807 3570 884 3623 Torr·
899 3570 911 3642 ll
925 3575 1014 3642 parto]
1026 3576 1102 3638 perte
1108 3570 1161 3639 Dll
1170 3571 1265 3638 altero]
1272 3569 1395 3625 eddium
1404 3570 1481 3626 Ten.

326 3713 353 3768 2.
371 3721 478 3766 matrem
496 3711 653 3783 Euripides)
672 3717 710 3766 Cf.
730 3715 760 3766 A.
780 3717 847 3766 Geli.
866 3717 924 3775 XV,
944 3714 988 3769 20.
1016 3716 1152 3780 Aristoph.
1172 3714 1286 3766 Acheru
1305 3710 1366 3768 415.
1390 3715 1480 3769 schot.

256 3789 291 3837 ed
309 3786 395 3851 liquit.
418 3783 458 3838 19.
476 3787 574 3836 Suidae
594 3803 647 3836 non
666 3802 758 3837 uerum
777 3801 840 3838 esse
860 3789 897 3837 ait
915 3792 1029 3840 matrem
1047 3789 1106 3838 eius
1124 3787 1219 3836 holere
1238 3787 1404 3845 uendidisse.
1430 3789 1480 3838 sed

256 3858 422 3908 nobilissimo
442 3873 501 3908 eum
521 3873 622 3924 genere
641 3859 725 3907 fuisse
745 3861 853 3908 auctore
872 3860 1031 3910 Philochoro
1050 3860 1140 3908 refert.

324 3933 429 3996 petrem
447 3925 642 3987 Demosthenes)
662 3931 701 3978 Cf.
720 3929 787 3979 Plut.
809 3929 885 3980 Dein.
904 3926 930 3982 1.
949 3932 1005 3982 lun.
1025 3932 1075 3980 sot.
1095 3930 1129 3987 X.
1153 3923 1210 3981 130.

327 3997 443 4050 Alterius
462 4003 545 4049 aetem
563 4004 682 4060 matrem)
703 4001 733 4048 ln
751 4001 874 4050 omnibus
892 4003 1011 4052 melioris
1029 4003 1109 4051 riotae
1128 4002 1218 4058 libris,
1241 4003 1363 4066 quemuis
1383 4003 1417 4052 de
1436 4004 1480 4052 de·

256 4072 328 4122 fectu
346 4086 380 4120 ne
405 4073 515 4120 uerbum
539 4072 645 4135 quidem
668 4073 855 4122 adnoteuerint
878 4073 982 4136 priores
1006 4073 1106 4123 Valerii
1130 4072 1260 4130 editores,
1285 4074 1354 4123 haee
1377 4075 1481 4124 tantum

256 4145 425 4211 legebantur,
446 4139 555 4191 alterius
573 4146 657 4191 eutem
676 4145 785 4191 matrem
805 4140 922 4192 cultellos
939 4140 1096 4194 uenditasse.
1142 4145 1218 4202 Quee
1237 4145 1261 4193 ei
1279 4147 1480 4206 comparaueris

258 4233 318 4265 curn
337 4214 441 4263 Paridis
460 4214 539 4262 huius
558 4214 673 4276 exempli
692 4215 857 4275 compendio,
876 4211 1021 4282 Euripidis
1038 4219 1121 4264 mater
1142 4211 1232 4264 dolero
1254 4211 1391 4265 condebat.
1427 4211 1480 4266 De·

257 4283 396 4338 mersionis
414 4288 495 4349 poter
519 4280 634 4332 cultellos
657 4279 822 4341 pensitabat,
852 4287 995 4349 apparebit
1017 4287 1151 4335 excidisse
1175 4299 1244 4349 qnae
1269 4301 1352 4348 supra
1376 4287 1481 4335 eursiua

257 4361 390 4422 scriptura
409 4355 524 4414 distinxi,
545 4355 607 4419 quia
625 4355 749 4404 librarius
769 4371 786 4404 a
805 4369 871 4406 uoce
895 4361 1004 4406 matrem
1028 4359 1064 4406 ed
1087 4357 1200 4406 similem
1224 4357 1437 4406 terminationem
1454 4359 1481 4406 in

253 4435 359 4498 patrem
378 4427 521 4477 aberrauit.

330 4497 353 4550 l.
373 4499 412 4550 Cf.
431 4499 489 4550 Liu.
507 4497 643 4555 XXXVII,
663 4493 697 4547 34
718 4497 744 4544 et
761 4490 805 4546 37.
833 4495 903 4560 App.
921 4496 982 4562 Syr.
1000 4493 1036 4548 29
1053 4515 1079 4564 p.
1099 4494 1143 4549 ii.
1169 4496 1244 4551 Auci.
1264 4493 1482 4551 seniculis.

330 4569 412 4621 attero
432 4568 548 4635 [maiori]
555 4574 565 4624 )
593 4566 702 4627 maiori,
732 4583 791 4617 cum
818 4567 905 4617 locum
930 4571 1036 4620 omnino
1060 4585 1114 4620 non
1138 4571 1252 4628 habeut,
1282 4574 1355 4620 reete
1379 4571 1433 4619 iem
1455 4572 1482 4619 in

258 4641 378 4706 uulgatis
405 4642 534 4706 exemplis
559 4641 676 4692 deletum
701 4640 751 4690 est.
788 4640 898 4689 Videtur
915 4641 1004 4691 autem
1028 4643 1055 4691 iu
1077 4641 1202 4709 margine
1225 4642 1326 4708 antiqui
1344 4640 1482 4691 cuiusdam

260 4707 320 4760 iibri
337 4725 386 4774 pro
404 4713 481 4764 uerte
499 4713 631 4778 scriptura
650 4711 804 4778 appositum
815 4710 901 4761 luisse
919 4713 954 4763 ed
966 4713 1176 4777 comperetiuum
1190 4713 1273 4773 ilium,
1291 4714 1336 4780 qui
1354 4712 1481 4776 eequiur.
