3409 5400
453 538 537 606 LIB.
559 539 618 616 lx,
641 540 679 604 G.
704 543 756 616 10.
778 547 808 618 i.
835 539 993 605 l-Ext,
1017 547 1046 614 ς.
1070 540 1101 606 2.
1326 541 1391 606 713

257 707 349 772 lllam
380 723 458 768 uero
489 700 644 766 ultionem
676 710 707 764 et
734 709 869 765 senatus
900 710 932 763 et
954 720 1139 764 consensus
1163 703 1309 764 omnium
1332 701 1433 766 arr-2.

98 859 99 874 .
151 813 328 900 probauit.
382 809 463 874 Cum
498 808 585 872 enim
619 806 806 872 Hadrianus
843 806 944 871 ciuis‘
962 805 1149 880 Romanos,
1184 806 1241 890 qui
1273 804 1390 872 Vticae

98 953 99 984 2
154 917 402 991 consistebant,
429 913 564 980 sordido
587 914 725 998 imperio
749 923 905 978 uexasset
931 912 1118 998 idcircoque
1147 909 1189 975 ab
1217 909 1270 974 his
1295 912 1390 977 uiuus

156 1037 259 1090 esset
282 1033 432 1097 exustus,
460 1041 521 1085 uec
547 1022 694 1106 quaestio
724 1019 789 1084 ulla
818 1021 852 1084 in
876 1019 955 1084 urbe
981 1021 1046 1084 bac
1073 1015 1114 1081 de
1137 1036 1173 1082 re
1196 1014 1307 1082 habita
1330 1039 1391 1082 nec

98 1161 101 1200 ι
127 1129 315 1217 uquerella
337 1139 470 1193 uersata
493 1139 551 1194 est.

98 1271 102 1310 ι
258 1234 375 1301 Clarae
399 1234 530 1299 ultionis
554 1243 689 1320 utraque
712 1235 837 1320 regina,
863 1244 894 1297 et
909 1231 1070 1320 Tomyris,
1094 1258 1179 1323 quae
1202 1245 1299 1321 caput
1315 1233 1471 1321 Gyrlii.
1493 1237 1522 1304 1.

99 1394 102 1414 .
158 1342 337 1406 abscisum
366 1343 398 1406 iu
427 1351 531 1404 utrem
559 1338 703 1404 humano
737 1341 900 1426 sanguine
935 1339 1091 1426 repletum
1127 1342 1251 1408 demitti
1283 1343 1390 1414 iussit,

98 1491 102 1524 r
159 1447 372 1532 exprobrans
397 1447 441 1512 illi
466 1444 684 1512 insatiabilem
701 1446 826 1510 cruoris
851 1446 938 1510 sitim
961 1446 1123 1535 simulque
1138 1471 1265 1534 poenas
1289 1447 1390 1512 occisi

159 1553 205 1616 ab
233 1575 273 1617 eo
297 1553 353 1617 lilii
378 1554 428 1618 sui
454 1554 601 1639 exigens,
626 1561 657 1614 et
671 1551 841 1626 Berenice,
866 1573 950 1637 quae
966 1551 1129 1618 Laodices
1145 1553 1274 1619 insidiis
1293 1556 1390 1619 inter·

119 1689 150 1732 ιο
161 1671 297 1744 ceptum
328 1657 390 1725 sibi
420 1659 521 1725 lilium
548 1659 693 1747 grauiter
720 1657 847 1732 ferens,
884 1669 1012 1723 armata
1041 1677 1171 1725 currum
1200 1659 1392 1724 conscendit

98 1751 102 1858 ζ
162 1779 404 1852 persecutaque
429 1766 600 1832 satellitem
623 1765 769 1852 regium,
797 1763 939 1843 crudelis
963 1766 1073 1850 operis
1102 1768 1302 1840 ministrum.
1330 1789 1390 1832 no·

98 1896 101 1956 ,¹
161 1872 255 1934 mine
287 1871 467 1947 Caeneum,
507 1893 603 1958 quern
638 1869 735 1934 basta
765 1871 964 1957 nequiquam
1000 1871 1151 1956 petierat,
1180 1895 1262 1938 saxo
1291 1875 1390 1939 ictum

98 1991 101 2070 ἰ
162 1979 343 2063 prostrauit
366 2001 405 2044 ac
429 1999 528 2063 super
552 1978 622 2042 eius
646 1999 765 2061 corpus
789 1977 872 2042 actis
897 1977 990 2064 equis
1013 1979 1095 2042 iuter
1118 1979 1239 2044 infesta
1261 1991 1390 2044 coutra-

98 2111 100 2142 ι
161 2085 234 2148 riae
264 2085 366 2168 partis
396 2085 531 2170 agmina
560 2081 603 2146 ad
631 2082 780 2156 domum,
808 2083 841 2146 in
871 2104 937 2168 qua
964 2084 1122 2149 interfecti
1151 2086 1241 2171 pueri
1270 2107 1390 2172 corpus

98 2257 100 2288 Ι
124 2215 153 2257 ιι
164 2189 322 2254 occultari
347 2189 573 2262 arbitrabatur,
597 2190 745 2274 perrexit.

256 2295 408 2362 Iasonem
426 2292 632 2370 Thessalum,
657 2293 831 2360 Persarum
852 2295 923 2381 regi
939 2293 1058 2360 bellum
1074 2297 1194 2360 inferre
1209 2306 1390 2382 parantem,
1399 2299 1430 2363 2.

166 2427 210 2468 an
241 2404 322 2468 satis
352 2404 438 2468 iusta
472 2400 548 2464 ultio
584 2400 805 2488 absumpserit
845 2400 1023 2490 ambiguae
1059 2401 1295 2468 aestimationis
1329 2413 1388 2470 esi.

167 2508 292 2574 Taxillo
326 2509 413 2574 enirn
442 2507 700 2594 gymnasiarcho
734 2530 755 2572 a
788 2506 985 2594 quibusdam
1019 2507 1192 2572 iuuenibus
1226 2507 1388 2594 pulsatum

98 2637 99 2646 ’
170 2649 193 2705 ι.
214 2653 289 2705 ruam
310 2679 343 2690 -
363 2651 522 2717 aspasius
539 2664 588 2703 aa.
607 2646 638 2702 r.
650 2647 700 2717 ua
720 2652 789 2703 enim
807 2665 858 2704 aa.
875 2646 906 2702 r.
917 2646 932 2715 ιι
943 2650 1071 2701 asanaa
1084 2663 1129 2718 pr.
1142 2647 1174 2703 a.
1185 2647 1199 2716 ιι
1210 2651 1285 2703 erae·
1302 2646 1394 2703 Dar

169 2728 194 2773 st
212 2738 282 2775 corr.
299 2721 332 2783 A.
353 2721 428 2775 Torr.
441 2722 455 2791 ΙΙ
466 2736 593 2774 romanus
607 2735 652 2789 pr.
672 2721 702 2774 A.
715 2720 766 2789 113.
784 2723 882 2773 idcirco
901 2724 936 2771 ab
955 2723 988 2771 iis
1006 2718 1041 2773 Ε.
1053 2719 1067 2787 ΙΙ
1083 2718 1108 2774 4.
1128 2724 1240 2772 exustus
1258 2727 1334 2773 esset
1351 2720 1388 2775 D.

98 2856 99 2859 Ἴ
179 2793 192 2859 ΙΙ
206 2798 231 2845 in
250 2798 316 2847 urbe
335 2794 390 2843 ulla
406 2791 440 2844 E.
455 2794 467 2857 ii
481 2788 506 2843 ti.
525 2795 647 2859 ultraque
661 2808 707 2860 pr.
725 2790 757 2845 A.
774 2790 788 2860 ΙΙ
805 2792 910 2861 regina]
934 2788 1025 2842 altimo
1051 2790 1140 2843 littere
1157 2790 1185 2843 ia
1201 2806 1298 2843 rurara
1316 2789 1347 2849 A.
1362 2789 1375 2861 ΙΙ

169 2867 301 2931 thamyris
324 2861 444 2917 ACDF
460 2868 487 2914 et
504 2876 573 2916 corr.
593 2862 670 2921 Par..
691 2862 767 2916 Torr.
791 2864 893 2915 tamiris
911 2860 947 2915 Β.
971 2864 1100 2913 momoria
1113 2877 1159 2930 pr.
1176 2862 1240 2915 Par.
1257 2862 1271 2930 ΙΙ
1287 2862 1313 2915 i.
1331 2870 1389 2917 utre

169 2933 219 2987 AG
235 2942 260 2987 et
272 2952 317 3004 pr.
335 2935 369 2989 D.
383 2936 396 3003 ΙΙ
409 2936 511 2999 repleto
529 2947 599 2985 corr.
617 2931 654 2985 D.
671 2935 685 3002 ΙΙ
703 2936 798 2985 dimitti
818 2930 1004 2986 enarrer.
1022 2937 1048 2984 et
1099 2970 1106 2985 .
1124 2930 1157 2985 A.
1172 2933 1187 3001 ΙΙ
1203 2930 1228 2986 ii.
1247 2934 1389 2986 berenicae

169 3004 201 3057 A.
219 3008 345 3058 lieronlce
366 3005 443 3058 Torr.
461 3010 497 3065 (ct
514 3002 603 3057 littera
621 3022 637 3054 o
656 3004 685 3056 ιἰι
702 3013 809 3068 rasura)
828 3004 857 3058 G.
882 3005 1024 3055 beronices
1072 3004 1111 3071 .ΙΙ
1126 3004 1239 3055 laodicie
1258 3002 1293 3056 D.
1313 3002 1326 3071 ΙΙ
1346 3004 1388 3061 ll.

171 3079 309 3129 satellitem
330 3106 363 3116 -
382 3078 488 3129 nomine
506 3090 556 3129 οιιι.
574 3075 605 3129 A.
620 3076 632 3143 ΙΙ
647 3076 748 3143 operis}
768 3080 829 3144 part
847 3076 995 3127 ministrum
1016 3071 1044 3127 C.
1068 3076 1172 3140 imperii
1189 3071 1221 3128 Γ.
1237 3074 1251 3141 ΙΙ
1271 3072 1310 3129 12.
1328 3092 1389 3129 ecn-

172 3162 247 3199 ueum
268 3146 300 3200 Ε.
316 3148 327 3217 ΙΙ
343 3148 432 3215 quem]
452 3149 578 3211 quonium
592 3146 622 3201 Γ.
635 3147 648 3214 ΙΙ
660 3149 834 3214 nequicquam
850 3143 1016 3200 nitrien.
1031 3160 1199 3212 nequaquam
1213 3143 1249 3198 D.
1261 3144 1275 3213 ΙΙ
1286 3150 1391 3212 poterat

173 3214 230 3281 (sed
247 3220 309 3282 pois
327 3218 355 3267 ia
372 3222 480 3281 rorare)
498 3215 536 3271 D.
548 3219 561 3283 ΙΙ
577 3214 616 3269 lu.
634 3218 731 3270 interm
749 3234 799 3269 ιιιιι.
817 3215 855 3270 D.
869 3217 883 3283 Ι]
899 3215 940 3269 ti.
959 3219 1140 3280 adsumpserit
1152 3230 1197 3283 pr.
1216 3214 1248 3267 A.
1265 3232 1389 3282 assump-

98 3334 99 3341 ,
173 3291 235 3337 serit
252 3286 288 3339 D.
301 3287 314 3352 ΙΙ
331 3286 369 3339 18.
383 3288 505 3351 'laxippo
524 3287 585 3340 Pur.
601 3304 625 3339 u.
638 3292 758 3353 iaxyppo
777 3302 869 3353 usurpo
887 3284 918 3339 A.
930 3288 944 3352 ΙΙ
956 3288 1179 3355 gymnasiarcho]
1191 3284 1284 3337 wisa
1300 3287 1349 3340 tia
1361 3288 1390 3339 in

98 3350 99 3435 ζ
172 3372 265 3409 rasura
282 3356 319 3409 D.
338 3360 564 3426 gymnasiarchae
585 3355 660 3408 Torr.
673 3356 687 3421 ΙΙ
699 3360 804 3422 pulsato
821 3354 883 3409 Dl'
899 3361 924 3406 et
942 3370 1012 3408 corr.
1028 3356 1062 3409 A.

174 3496 248 3548 quarn
256 3482 417 3532 ulluslronor
425 3482 459 3531 ad
466 3480 576 3531 Polliam
588 3482 685 3530 tribum
693 3479 849 3543 peruenisse
861 3478 963 3535 dieitur.
973 3480 1135 3530 omissamin
1143 3481 1388 3543 arcbctypocodlce

174 3555 244 3603 uario
262 3554 454 3616 srrppleueraut
473 3552 580 3607 librarii.
600 3550 773 3601 emendantes
787 3548 832 3597 alli
843 3546 982 3614 raffrupia'a
992 3562 1092 3603 eoram.
1112 3552 1157 3601 aiii
1168 3549 1307 3617 saffrapia'a
1322 3550 1388 3609 raia.

174 3626 224 3681 alil.
242 3638 309 3689 quos
328 3625 411 3673 secuti
431 3626 492 3673 sunt
510 3622 635 3678 editores,
654 3620 819 3685 probabilius
836 3617 893 3669 auia
908 3618 1055 3686 aaffrapiia.
1091 3621 1142 3670 list
1156 3623 1225 3672 enlm
1245 3638 1305 3671 curn
1323 3638 1387 3686 porr·

173 3696 231 3745 dere
250 3696 363 3757 quodam
383 3694 545 3743 atterendum
564 3694 626 3742 illuri
646 3704 802 3756 pronomen,
824 3706 841 3739 a
860 3706 913 3751 quo
932 3692 966 3739 ad
985 3705 1078 3741 rrocem
1097 3692 1192 3743 iisdem
1212 3693 1306 3743 litteris
1325 3694 1388 3743 iuci-

171 3767 280 3829 pientcnr
301 3766 378 3849 riolos
397 3764 532 3815 aberrauit
550 3764 648 3813 librarii
668 3762 770 3813 oculus.
806 3760 951 3811 'l'orrenius
969 3776 1003 3811 ne
1017 3763 1172 3813 uadentem
1185 3765 1292 3826 quidem
1304 3766 1386 3827 scrip·

172 3840 391 3957 u'rlwfflpdadltc.
412 3908 438 3957 in
459 3907 530 3956 Verr.
550 3906 570 3963 Ι,
589 3900 633 3962 ii,
653 3902 687 3955 70
705 3904 731 3954 ei
751 3904 782 3961 V,
801 3896 845 3963 itti,
864 3897 908 3953 til.
934 3903 1134 3957 Pseudoaecon.
1148 3907 1181 3955 ad
1194 3906 1248 3958 cie.
1266 3906 1294 3955 lu
1313 3906 1387 3959 verr.

171 3978 190 4031 l'
209 3979 223 4031 ¹⁸
238 3974 512 4101 ιῖὶῖιῖἳὲιοῖιῖιιιὲι.
532 4046 551 4105 ι,
568 4040 630 4097 aon.
658 4046 722 4097 ιιιιι.
740 4044 760 4103 ι,
780 4040 805 4097 a
833 4045 921 4095 aaa.
939 4045 1023 4096 aaa.
1041 4045 1145 4106 xxur,
1164 4042 1190 4105 u,
1209 4045 1234 4098 ι.
1263 4046 1386 4101 sasas.

98 4130 99 4205 l
172 4118 369 4255 contrl'osripllldl
385 4116 432 4239 2lla
456 4188 550 4251 scripsi
569 4188 700 4237 arradeute
719 4188 837 4251 Kappio‚
857 4203 916 4237 crim
942 4187 1121 4238 et'llerodoto
1140 4189 1332 4252 Ammiauoque
1351 4191 1385 4238 sit

173 4260 289 4325 Tomyris
310 4264 337 4311 ei
356 4262 380 4310 ln
393 4260 495 4309 Paridis
515 4261 630 4322 epitome
648 4258 735 4324 prirnn
753 4259 862 4323 syllaba
880 4274 898 4307 a
917 4260 1005 4322 prima·
1016 4275 1096 4309 manu
1110 4275 1168 4311 cum
1182 4262 1268 4311 uocali
1287 4274 1303 4309 o
1322 4260 1385 4309 elle·

98 4352 99 4363 ι
173 4335 245 4383 ratur.
295 4332 361 4381 Fieri
393 4334 480 4381 alitem
506 4333 646 4393 potestat
671 4330 793 4379 Valerius
812 4330 924 4393 primam
952 4326 1066 4380 nominis
1096 4332 1208 4381 iiiiernm
1238 4331 1385 4393 aspiratam

172 4404 300 4487 posuerit·
338 4403 405 4453 Num
430 4404 467 4452 ita
490 4402 617 4465 seriptum
641 4412 684 4450 est
708 4403 735 4450 iu
759 4400 870 4469 integris
900 4402 998 4450 nostris
1023 4401 1159 4452 codicibus
1182 4407 1209 4451 et
1231 4402 1256 4449 ln
1279 4400 1385 4450 Paridis

173 4476 411 4595 cornpgnnqrpmd.
430 4544 482 4595 Sic.
501 4545 559 4601 XV,
578 4536 622 4592 60.
949 4600 956 4611 ,

239 4613 339 4666 Taxillo
358 4613 425 4665 caim
440 4610 653 4681 pymuarr'arclao)
682 4612 731 4675 Qui
755 4614 780 4663 in
804 4614 903 4663 nostris
926 4615 1001 4664 libris
1020 4612 1142 4662 Taxillus
1168 4616 1280 4663 uocatur
1298 4612 1386 4663 Paridi

173 4686 303 4751 'larippus
328 4690 384 4741 seir
410 4688 500 4736 nescio
524 4701 558 4735 nn
583 4688 664 4737 recte.
709 4682 763 4734 Sed
785 4698 829 4735 ros
853 4686 954 4734 incerta
972 4687 1022 4734 est
1068 4682 1141 4734 Male
1160 4690 1247 4734 autem
1267 4684 1385 4734 editores

175 4759 262 4809 iudea
281 4758 375 4826 Pigbio
395 4759 487 4807 contra
511 4771 615 4807 omnem
638 4752 762 4806 librorum
786 4756 813 4804 ei
836 4754 939 4805 Paridis
963 4755 1148 4806 auctoritatem
1170 4752 1386 4823 pymurierckac
