3409 5400
324 452 388 521 554
632 450 783 521 VAFRE
805 451 935 521 DICTA
960 453 1051 523 AVT
1072 454 1225 526 FACTA.

324 619 480 706 progredi
500 619 642 687 mallent.
687 617 791 706 quue
813 639 887 683 cum
910 628 1046 705 utraque
1061 639 1139 704 pars
1157 620 1358 685 auctoritate
1384 620 1455 684 uiri
1481 640 1582 685 mor

322 727 468 802 fecisset,
490 727 689 813 aliquantum
705 727 740 791 iu
754 724 863 789 medio
881 726 977 789 uacui
994 726 1065 811 agri
1081 724 1228 789 relictum
1244 736 1305 791 est.
1362 724 1591 791 Constituti:

325 834 443 898 deinde
471 834 591 898 tinibus
620 845 655 896 ut
682 834 748 917 ipsi
778 833 1046 905 terminauerunt,
1075 832 1232 919 quidquid
1260 830 1388 917 reliqui
1416 832 1492 897 soli
1531 834 1595 896 fn'·

324 940 445 1027 populo
473 940 626 1003 Romano
654 936 865 1004 adiudicauit.
916 937 1067 1001 Ceterum
1095 939 1156 1001 etsi
1185 938 1410 1002 circumuenti
1442 938 1599 1002 Nolon,

325 1070 365 1113 ac
388 1047 595 1133 Neapolitani
619 1047 710 1133 queri
733 1042 814 1109 nihil
836 1056 1020 1131 potuerunt,
1044 1044 1224 1109 secundum
1245 1045 1405 1129 ipsorum
1426 1044 1613 1108 demon-t

325 1154 514 1217 strationem
538 1152 625 1217 dicto
648 1150 817 1228 sententia,
844 1152 992 1237 improbo
1018 1162 1123 1216 tamen
1146 1151 1412 1237 praestigiarum
1440 1172 1598 1239 genere

325 1281 448 1324 nouum
472 1260 593 1325 ciuitati
615 1273 747 1328 nostrae
771 1258 912 1346 uectigal
935 1259 1085 1322 occessit.
1130 1256 1279 1321 Eundem
1296 1258 1427 1333 ferunt,
1456 1282 1560 1323 cum
1578 1283 1597 1320 ε

325 1386 405 1455 rege
428 1366 608 1443 Antiocho,
633 1389 729 1454 quem
755 1365 841 1430 bello
871 1374 1100 1450 superauerat,
1130 1386 1170 1427 ex
1196 1362 1331 1426 foedere
1363 1366 1438 1429 icto
1472 1366 1601 1428 dimi-

325 1475 415 1540 diam
437 1487 563 1560 partem
587 1473 720 1539 nauium
745 1472 893 1556 accipere
917 1469 1064 1545 deberet,
1094 1469 1221 1535 medias
1244 1491 1367 1534 omncs
1394 1474 1596 1535 secuisse.

325 1592 360 1645 ut
381 1602 456 1645 eum
478 1593 545 1645 tota
567 1580 674 1645 classe
698 1580 851 1665 priuarei.
1611 1596 1613 1635 1

284 1681 316 1747 5.
413 1686 500 1753 Nam
527 1685 573 1749 M.
604 1685 743 1749 Antonio
772 1684 998 1747 remittendum
1027 1682 1210 1746 conuicium
1240 1692 1305 1755 est,
1342 1685 1405 1768 qui
1437 1684 1590 1747 idcirco

327 1819 364 1861 se
392 1793 500 1857 aiebat
528 1790 650 1855 nullum
685 1792 866 1855 orationem
903 1790 1094 1875 scripsisse,
1128 1800 1178 1864 ut,
1212 1788 1240 1851 si
1270 1788 1349 1873 quid
1384 1792 1590 1877 superiore

325 1900 446 1964 iudicio
476 1909 584 1961 actum
613 1918 709 1983 quem
737 1878 855 1983 postea
883 1896 1077 1961 defensurus
1113 1908 1204 1961 esset
1234 1897 1431 1961 nociturum
1469 1898 1583 1965 sorec,

828 2010 1039 2023 ψ

329 2056 352 2111 1.
370 2061 483 2124 utroquo
496 2071 541 2125 pr.
559 2054 592 2108 Δ.
603 2052 653 2125 112.
672 2056 864 2119 aliquantulum
881 2053 946 2108 EF.
960 2054 1083 2123 timedio]
1103 2071 1163 2107 meo
1182 2054 1212 2109 F.
1227 2053 1239 2121 ΙΙ
1254 2052 1279 2109 3.
1292 2056 1425 2122 quicquid
1446 2070 1530 2107 corr.
1542 2052 1575 2105 ,4

337 2129 351 2197 ΙΙ
363 2128 389 2182 4.
407 2130 525 2179 circumti
540 2143 584 2196 pr.
603 2126 634 2179 A.
659 2129 831 2179 certumuenti
849 2124 882 2177 F.
900 2125 955 2193 115.
974 2128 1065 2192 quaeri
1086 2141 1128 2195 pr.
1147 2126 1178 2179 A.
1198 2127 1209 2195 ΙΙ
1230 2124 1254 2177 ti.
1272 2128 1403 2189 improba
1424 2141 1476 2194 pr.
1496 2125 1536 2178 A.
1550 2126 1565 2188 lt

326 2202 532 2270 praestigiorum
553 2196 699 2251 CDEFI'
715 2204 740 2250 et
757 2214 802 2267 pr.
819 2196 853 2256 A,
874 2194 951 2251 Torr.
968 2196 982 2263 Η
998 2196 1022 2249 l.
1043 2199 1149 2250 ciuitate
1168 2196 1195 2251 0.
1214 2196 1226 2265 ΙΙ
1247 2196 1288 2250 ll.
1307 2198 1364 2247 lam
1393 2196 1426 2250 Ε
1446 2203 1477 2248 et
1493 2212 1569 2247 corr.

325 2272 358 2331 Δ.
379 2270 456 2325 Torr.
474 2287 536 2323 num
556 2268 592 2324 D.
615 2266 676 2321 Via.
695 2267 732 2319 ad
747 2266 770 2329 Ι,
789 2265 815 2328 a.
836 2265 877 2320 10.
892 2266 904 2335 ΙΙ
919 2270 1061 2319 conuitium
1069 2282 1114 2336 pr.
1127 2268 1156 2321 A.
1169 2268 1183 2337 Η
1195 2270 1249 2336 qui]
1264 2270 1325 2335 quid
1339 2266 1368 2320 F.
1382 2266 1399 2333 Η
1414 2271 1521 2319 iccirco
1536 2264 1567 2317 Γ.

337 2339 405 2413 1113.
424 2343 523 2410 actum]
543 2338 606 2394 add.
625 2343 651 2391 ei
667 2337 791 2394 El'l'cr.
808 2344 834 2391 et
850 2354 921 2391 corr.
938 2338 978 2395 Α,
1007 2336 1084 2393 Torr.
1109 2337 1170 2392 odd.
1194 2344 1269 2392 esset
1287 2340 1357 2406 quod
1377 2342 1408 2390 ei
1430 2338 1474 2391 D.
1501 2334 1567 2391 Vis
1605 2297 1608 2369 4

326 2412 363 2466 ud
379 2411 403 2476 I,
421 2414 447 2476 i,
465 2419 515 2467 eut.
532 2410 559 2465 9.
570 2412 584 2481 ΙΙ
595 2412 684 2479 quom]
705 2413 773 2478 quod
792 2408 821 2464 F.

328 2540 451 2621 quotiens
475 2556 570 2606 modus
595 2556 653 2621 agri
676 2570 729 2604 non
753 2554 905 2617 quadrabat
926 2554 1096 2618 promissioni
1120 2552 1248 2617 (Frontis.
1272 2568 1297 2615 p.
1323 2546 1366 2603 lli.
1390 2551 1515 2602 Lachm.
1535 2554 1561 2599 et

325 2627 418 2675 Goesii
435 2630 490 2677 not.
511 2643 537 2689 p.
550 2622 628 2686 1841.
666 2630 741 2686 Quae
754 2627 911 2693 marginalis
930 2630 993 2675 notu
1012 2640 1071 2675 cum
1091 2640 1142 2673 non
1161 2624 1368 2692 intellegeretur,
1388 2624 1456 2673 fleri
1474 2622 1557 2687 potuit

327 2696 452 2747 facillime
471 2700 499 2746 ut
517 2700 551 2746 ab
570 2697 699 2759 imperitis
717 2699 833 2748 librariis
856 2699 924 2748 inter
943 2697 1042 2748 Valerii
1060 2699 1144 2746 uerba
1166 2696 1334 2759 reciperetur.
1380 2692 1428 2745 De
1448 2696 1513 2759 ipse
1530 2707 1557 2743 re

326 2782 389 2816 num
408 2771 481 2816 recto
499 2768 654 2816 iudicmrerit
666 2769 761 2818 doctus
779 2769 825 2820 ille
843 2783 920 2835 qucm
935 2769 987 2817 dixi
1000 2769 1141 2830 interpres.
1160 2767 1214 2816 alie
1226 2768 1347 2828 quaestio
1360 2767 1416 2817 est.
1456 2767 1555 2816 Nescio

327 2838 397 2887 enim
422 2853 457 2885 an
481 2839 527 2887 illa
549 2838 582 2885 its
606 2838 674 2886 inter
697 2838 816 2888 Nolanos
839 2843 867 2890 et
886 2840 1077 2902 Neapolitanos
1100 2853 1152 2887 non
1176 2840 1229 2886 tam
1254 2839 1288 2888 de
1312 2838 1391 2886 modo
1418 2853 1503 2902 quam
1524 2837 1552 2882 de

327 2908 387 2956 loeo
406 2907 614 2956 controuersiam
634 2909 768 2965 babuerit,
793 2911 827 2959 de
850 2926 905 2972 quo
928 2909 1110 2960 controuersia
1131 2909 1164 2959 ci.
1183 2909 1230 2960 lul.
1249 2909 1337 2960 Froat.
1357 2921 1403 2971 pp.
1426 2905 1494 2958 ilci
1514 2900 1552 2956 li

328 2978 439 3027 Lacbm.
475 2976 528 3026 Sed
542 2977 611 3026 haec
628 2978 796 3040 peritioribus
815 2981 879 3030 iuris
893 2981 1003 3031 Romani
1022 2979 1128 3029 arbitris
1147 2979 1312 3030 enucleanda
1329 2979 1503 3038 relinquam
1522 2979 1552 3025 de

329 3049 508 3097 additamento
533 3047 578 3096 iilo
603 3061 637 3097 ne
660 3049 698 3096 its
720 3050 827 3108 quidem
852 3053 993 3107 dubitabo,
1019 3051 1042 3100 si
1067 3052 1159 3100 auctor
1181 3051 1239 3100 eius
1262 3050 1356 3112 lapsus
1382 3049 1475 3100 tuerit.
1523 3049 1550 3096 fr

327 3119 452 3180 quonium
470 3119 497 3166 iu
516 3119 586 3166 banc
605 3119 742 3168 materiam
762 3121 867 3171 deducti
887 3135 992 3177 sumus,
1015 3123 1140 3170 adnotatu
1160 3121 1267 3188 dignum
1287 3121 1391 3170 uidetur
1412 3121 1550 3170 Valerium

326 3192 353 3240 in
376 3192 432 3239 toto
456 3189 507 3238 hoc
530 3190 653 3251 exempto
679 3191 817 3240 uocabulis
842 3206 920 3242 usum
950 3206 1014 3242 osso
1042 3191 1206 3260 gromaticas
1236 3192 1393 3254 disciplinae
1426 3192 1549 3254 propriis.

326 3261 417 3326 itaquo
436 3261 501 3309 dixit
519 3255 620 3309 arbiter
628 3257 725 3326 finiam
743 3260 980 3314 consutamdoram
999 3261 1045 3326 (cf.
1059 3263 1128 3330 Agg.
1143 3263 1230 3314 Vrbic.
1249 3277 1276 3326 p.
1296 3258 1313 3311 4
1331 3265 1358 3310 et
1376 3255 1394 3310 5
1413 3262 1550 3322 Lsebm).
1612 3295 1613 3318 r

326 3330 356 3382 ia
373 3345 428 3382 tem
441 3334 606 3398 maerentem
623 3329 714 3381 uenire
738 3332 782 3396 (ct.
807 3334 878 3402 Agg.
905 3333 992 3384 Vrbic.
1016 3329 1077 3397 pit
1102 3333 1214 3382 boehm.
1237 3347 1295 3382 oum
1320 3334 1374 3382 not.
1394 3333 1508 3451 mim
1526 3347 1549 3394 p

326 3398 388 3454 243.
408 3405 450 3452 ed.
469 3404 550 3453 Goes.
577 3403 631 3452 cte.
649 3403 683 3452 do
701 3418 740 3454 or.
759 3405 784 3460 1.
808 3402 857 3461 58.
881 3398 943 3455 250.
972 3401 1172 3460 Liu.x1..li.
1201 3403 1268 3453 Geli.
1287 3403 1347 3460 XX,
1373 3399 1413 3459 l0,
1456 3439 1463 3452 .
1489 3403 1548 3468 Dig.

329 3475 456 3530 xxxix,
477 3471 506 3595 l.l
520 3471 572 3596 51ὶὲ
585 3469 859 3596 recurpdapzipsoram
871 3471 1114 3526 demonstrationem
1129 3474 1175 3538 (et.
1188 3474 1236 3524 lul.
1248 3473 1337 3524 Froat.
1349 3487 1375 3536 p.
1392 3468 1425 3524 13
1438 3473 1548 3522 Loebm

326 3545 359 3595 Di
382 3545 519 3603 ,v111,.
574 3544 678 3602 .X,‚
740 3546 752 3608 )

361 3559 381 3612 g
399 3611 519 3681 improbo
537 3619 622 3665 tamea
634 3614 842 3681 proestipiarem
858 3623 963 3682 periere)
990 3617 1101 3667 Codices
1125 3616 1152 3666 ei
1171 3615 1300 3666 editiones
1323 3627 1418 3664 omnes
1432 3611 1548 3680 praesti·

325 3682 437 3750 piorum
473 3686 539 3735 Mihi
557 3701 610 3736 nou
629 3688 767 3749 probabile
786 3689 829 3736 cst
848 3690 946 3738 Valerii
965 3691 1054 3736 aetate
1073 3701 1230 3752 quemquam
1250 3686 1350 3736 dixisse
1363 3682 1548 3751 praestipion.

327 3756 399 3818 quod
422 3757 560 3820 bucusque
583 3759 688 3806 nonnisi
711 3758 737 3806 iu
762 3758 864 3826 glossis
889 3761 923 3808 ad
947 3759 1115 3809 Prudentium
1134 3759 1267 3808 inuentum
1290 3759 1345 3813 est,
1369 3757 1443 3804 undo
1468 3758 1548 3805 eitam
1612 3787 1613 3810 2

328 3823 451 3873 Vorstius
469 3829 497 3874 et
515 3827 696 3878 Forectlinius.
733 3828 789 3877 lloc
808 3829 867 3878 loco
887 3829 985 3878 librarii
1010 3829 1146 3878 cuiusdam
1169 3829 1292 3877 mendum
1314 3829 1394 3890 puto,
1419 3827 1466 3890 qui
1489 3843 1549 3876 con·
1612 3823 1613 3838 ³

330 3893 397 3940 tersis
416 3897 444 3941 ci
462 3896 633 3957 transpositis
645 3898 784 3946 uocelibus
803 3899 899 3947 litteris
912 3913 929 3948 a
942 3900 969 3948 et
980 3911 996 3948 ο
1008 3901 1035 3949 iu
1053 3900 1200 3963 archetypo
1213 3895 1332 3964 improba
1341 3893 1549 3962 praestimon-
1612 3931 1613 3952 .

327 3975 469 4080 exerpsppt
477 3964 589 4046 uidetur,
607 3980 667 4015 cum
686 3969 767 4017 nollet
784 3965 903 4036 improbo
917 3968 1134 4035 praeetipioram.
1154 3969 1223 4031 quod
1234 3970 1293 4032 ipse
1311 3969 1424 4019 reddere
1437 3967 1548 4018 Valerio

325 4045 380 4081 nou
414 4046 522 4084 oraru.

396 4097 516 4152 Eaedem
529 4102 639 4168 suunt.
662 4120 720 4156 cum
742 4121 760 4156 a
783 4121 845 4172 repe
863 4105 999 4166 Antiocho)
1028 4111 1100 4160 tinec
1126 4111 1152 4160 ct
1174 4123 1244 4170 qnae
1268 4109 1414 4174 sequuntur
1439 4109 1548 4159 lebuine
1612 4165 1613 4168 Ἴ

327 4189 406 4241 quam
426 4173 554 4223 historiae
572 4175 700 4226 similiora
724 4180 795 4229 suat.
837 4179 947 4230 Pactum
972 4182 1041 4230 onim
1066 4185 1123 4231 erat
1147 4181 1216 4230 inter
1237 4179 1406 4230 condiciones
1430 4181 1547 4230 t'oedcris
1612 4187 1613 4196 ¹

327 4262 388 4296 com
406 4244 534 4296 Antiocho
553 4257 620 4311 rege
639 4247 696 4303 icti,
720 4247 850 4311 siquidem
875 4253 1039 4301 certissimos
1065 4253 1122 4301 cius
1144 4251 1182 4300 rei
1201 4253 1286 4300 tcstes
1305 4251 1443 4304 andimus.
1470 4251 1547 4315 Poly·

327 4319 400 4368 bium
418 4315 504 4373 xxti,
522 4311 557 4367 ati
576 4318 603 4364 et
620 4315 723 4366 Liuium
743 4317 893 4378 xxxvnt.
912 4319 954 4378 38.
973 4317 1021 4378 39.
1042 4324 1069 4371 ut
1086 4333 1180 4370 omncs
1204 4335 1290 4370 naues
1313 4321 1411 4388 longas
1429 4323 1548 4371 truderet

328 4390 476 4440 Antiochus
492 4401 561 4437 neue
580 4387 670 4449 plures
693 4388 805 4439 haberet
828 4405 908 4455 quam
932 4393 1024 4442 decom
1049 4393 1193 4443 actuarius.
1239 4391 1438 4458 Quinquaginta
1457 4393 1545 4442 autem

327 4461 416 4510 tectas
432 4471 518 4508 naues
536 4460 583 4507 siit
600 4458 712 4508 concidit
735 4463 782 4508 arnt
803 4461 919 4513 incendit
936 4463 1038 4514 Labeo.
1080 4463 1136 4512 Neo
1160 4463 1250 4531 magis
1273 4475 1365 4511 uerum
1388 4461 1453 4511 illud
1476 4464 1544 4524 quod

329 4531 373 4580 bic
390 4535 422 4591 Q.
441 4529 541 4581 Fabius
559 4529 651 4580 Labeo
669 4531 805 4596 tamquam
824 4533 908 4583 uictor
926 4533 1047 4584 Antiochi
1069 4533 1232 4592 celebratur,
1257 4547 1316 4582 cum
1340 4531 1423 4582 classi
1445 4535 1543 4584 unuin

328 4600 474 4661 praetuerit
489 4600 677 4651 Romanorum.

398 4666 425 4720 5.
444 4669 483 4722 ct.
500 4670 554 4722 Cic.
571 4685 620 4735 pro
639 4672 741 4728 cluent.
757 4667 802 4733 50,
822 4669 881 4727 140.
