3409 5400
597 450 678 523 LlB.
701 451 742 533 ll,
766 455 803 525 0.
827 458 859 539 ll,
883 470 912 538 ς.
936 462 1034 535 7-9.
1360 474 1427 545 est

201 606 298 673 ltalia
320 608 518 687 iurauerant,
540 612 682 701 dereptis
705 619 798 704 equis
813 621 953 707 publicis
968 626 1053 691 inter
1073 630 1219 696 aerarios
1235 634 1425 705 referendos

201 728 419 793 curanerunt3
442 740 564 807 eosque
587 724 682 808 greiti
703 736 781 792 nota
795 727 993 808 adfecerunt,
1018 735 1073 820 qni
1093 756 1168 801 cum
1184 739 1218 803 in
1233 752 1427 827 potestatem

200 821 403 887 Hannibalis
426 827 605 903 uenissent,
626 828 728 919 legati
749 834 791 899 ab
814 856 853 901 eo
874 838 970 903 missi
994 839 1034 903 ad
1060 852 1209 909 senatum
1233 846 1274 909 de
1296 870 1425 935 permu-

200 926 314 993 tandis
337 933 488 1016 captiuis,
510 954 617 1021 neque
638 937 859 1025 inpetrassent
878 945 965 1030 quod
987 947 1149 1032 petebant,
1171 952 1207 1016 in
1229 953 1308 1018 urbe
1329 976 1423 1022 man·
1516 1010 1528 1022 ..

178 1045 335 1109 sacrant,
367 1038 446 1123 quia
472 1052 503 1103 et
529 1041 680 1108 Romano
709 1050 865 1134 sanguini
900 1052 998 1118 iidem
1025 1068 1193 1141 praestare
1221 1060 1433 1130 conueniens·

201 1152 274 1205 erat
296 1152 330 1203 et
343 1139 391 1207 M.
407 1142 523 1210 Atilius
539 1146 686 1237 Regulus
706 1174 824 1219 censor
846 1158 1018 1242 perfidiam
1040 1164 1191 1242 notabat,
1215 1170 1307 1235 cuius
1330 1183 1423 1258 pater

200 1268 261 1333 per
296 1268 446 1313 summos
481 1255 642 1321 cruciatus
676 1261 823 1346 expirare
859 1286 957 1350 quam
985 1267 1098 1333 fallere
1124 1270 1422 1364 Karthaginienses

201 1356 307 1419 satius
332 1375 409 1419 esse
431 1356 573 1425 duxerat.
619 1359 689 1429 lam
711 1362 792 1431 haec
816 1390 957 1435 censura
979 1391 1020 1436 ex
1049 1376 1120 1441 soro
1144 1381 1178 1443 in
1201 1394 1312 1449 cestra
1335 1398 1422 1452 tran·

200 1460 344 1535 scandit,
366 1484 451 1548 quae
471 1486 580 1552 neque
601 1470 707 1535 timeri
728 1494 835 1560 neque
859 1475 966 1563 decipi
988 1480 1090 1545 noluit
1111 1480 1250 1553 hostem.

164 1586 193 1630 te
292 1569 455 1633 Secuntur
467 1570 531 1635 duo
555 1575 702 1642 eiusdem
717 1583 849 1666 generis
866 1585 1023 1671 exempla,
1040 1610 1145 1676 eaque
1161 1590 1325 1659 adiecisse
1341 1599 1421 1665 eatis
1432 1600 1464 1665 9.

200 1676 273 1737 erit
321 1674 357 1737 G.
381 1675 475 1753 Geta,
498 1700 571 1745 cum
595 1705 616 1747 a
639 1682 677 1748 1..
699 1684 829 1753 Metello
853 1702 885 1754 et
902 1690 961 1758 Gn.
984 1692 1128 1761 Domitio
1152 1701 1344 1767 censoribus
1368 1726 1421 1767 se·

199 1791 282 1844 natu
309 1793 418 1847 molus
441 1798 544 1861 essct,
572 1800 689 1874 postea
713 1814 833 1859 censor
853 1797 960 1863 factus
989 1812 1047 1869 est.
1093 1801 1174 1870 Item
1196 1805 1242 1871 M.
1265 1806 1420 1877 Valerius

198 1886 353 1952 Messala
375 1894 528 1958 censoria
548 1906 627 1960 nota
648 1901 836 1981 perstrictus
853 1910 1038 1974 censoriam
1053 1915 1262 1995 postmodnm
1277 1928 1420 2002 potesta·

198 2004 269 2059 tem
289 1998 483 2082 impetrauit.
530 1998 677 2081 Quorum
690 2005 874 2091 ignominia
889 2013 1037 2079 uirtutem
1055 2018 1150 2082 acuit.
1184 2020 1316 2089 Robore
1333 2028 1419 2093 enim

160 2116 188 2160 11
197 2103 273 2165 eius
298 2105 426 2167 excitati
448 2105 600 2172 omnibus
623 2110 747 2177 uiribus
770 2115 985 2184 incubuerunt
1006 2132 1041 2185 ut
1063 2122 1155 2209 digni
1179 2128 1304 2195 ciuibus
1327 2132 1419 2196 uide·

195 2221 311 2274 rentur
334 2211 451 2297 quibus
474 2211 545 2277 dari
567 2216 675 2300 potius
699 2240 798 2305 quam
821 2222 907 2287 obici
929 2244 1070 2292 censura
1092 2227 1234 2295 deberet.
1274 2242 1287 2267 2

198 2421 224 2475 l.
247 2424 352 2475 italiam
373 2423 435 2485 AB.
453 2441 501 2493 pr.
524 2426 561 2484 C.
586 2444 656 2481 corr.
678 2429 718 2483 D.
734 2430 750 2499 ΙΙ
766 2435 876 2499 dbeptis
900 2433 1046 2490 ABCDE
1059 2437 1135 2495 lbra
1161 2440 1174 2505 ΙΙ
1199 2444 1365 2512 referendos]
1391 2444 1420 2497 ia

195 2508 296 2545 resera
318 2494 352 2546 A.
376 2497 547 2550 deterrendos
570 2498 603 2551 Β.
632 2504 791 2554 deterendos
817 2501 881 2556 UD.
904 2506 909 2573 Ι
937 2506 964 2562 3.
988 2524 1037 2560 eos
1064 2528 1168 2579 quoque
1196 2513 1262 2568 coni.
1285 2514 1371 2567 l’eelz.
1391 2516 1404 2587 ΙΙ

195 2560 224 2616 3.
244 2568 270 2615 et
295 2566 378 2634 legati
399 2565 431 2619 Γ.
447 2567 459 2638 ΙΙ
474 2570 508 2618 ad
532 2574 654 2623 senatum
678 2575 755 2624 missi
781 2506 924 2644 1311111.
949 2581 1046 2647 neque]
1071 2599 1124 2633 non
1145 2582 1178 2636 Γ.
1198 2580 1210 2649 ΙΙ
1230 2594 1417 2641 remanserunt

195 2633 330 2759 Puppi.
347 2642 473 2708 sanguini
489 2654 539 2692 oar.
551 2657 598 2710 pr.
615 2641 649 2697 Β.
661 2644 675 2714 ΙΙ
687 2643 711 2697 1.
730 2648 840 2713 expiare
858 2644 890 2702 A.
907 2648 921 2718 Η
936 2647 961 2704 8.
981 2652 1084 2738 direrat
1101 2651 1134 2708 A.
1150 2652 1164 2723 ΙΙ
1182 2658 1239 2709 lam
1256 2684 1292 2700 ·-
1310 2660 1416 2714 boetem

197 2722 248 2759 aaa
292 2707 326 2786 31!
348 2706 386 2762 tlt
406 2712 433 2774 ς.
451 2707 477 2762 ll.
495 2727 545 2803 our.
563 2711 594 2765 Γ.
614 2713 627 2781 ΙΙ
643 2724 789 2779 sequuntur
807 2733 877 2772 corr.
901 2719 933 2774 Α.
958 2722 1082 2844 Sepultur-
1096 2741 1141 2808 pr.
1159 2725 1192 2780 Β.
1210 2727 1223 2796 ΙΙ
1242 2727 1282 2784 11.
1301 2732 1329 2785 c.
1348 2733 1419 2788 fleta

197 2780 270 2846 enm]
290 2795 319 2831 ta
336 2795 433 2832 resera
449 2780 480 2834 A.
499 2799 528 2851 g.
546 2800 577 2836 ce
595 2801 673 2836 acum
691 2785 724 2838 Β.
744 2806 766 2842 c.
786 2795 858 2841 cotta
877 2807 937 2844 oum
954 2799 992 2853 (re
1029 2799 1100 2847 cotta
1117 2813 1146 2849 111
1163 2808 1271 2862 rasore)
1288 2798 1379 2872 (11111.
1398 2808 1415 2860 l.

194 2853 305 2902 meledo
323 2851 353 2902 ia
370 2868 466 2906 rasura
482 2853 540 2977 App
551 2857 598 2906 Ca.
615 2857 729 2912 Domitio
744 2874 789 2927 pr.
807 2859 844 2914 D.
859 2857 871 2932 Ι]
894 2858 935 2915 13.
954 2869 1077 2920 censoria
1095 2871 1263 2934 postmodum
1280 2877 1416 2940 potestate

193 2923 339 2987 imperauit
356 2920 506 2978 ABCDE
535 2940 590 2980 err.
602 2925 616 2996 ΙΙ
629 2923 670 2980 14.
688 2933 784 2982 robore
798 2947 843 2999 pr.
861 2931 893 2987 A.

195 3121 323 3172 nemrim
341 3124 493 3187 suppleant,
518 3123 545 3172 in
570 3126 719 3191 archetypo
736 3129 821 3179 Marci
844 3133 937 3182 nolam
960 3139 1068 3198 propter
1091 3149 1210 3200 sequens
1227 3135 1263 3190 M
1283 3133 1416 3194 excidisse

195 3191 291 3259 colligi
309 3191 380 3244 licet.
415 3194 501 3260 Atque
519 3195 590 3244 idem
608 3197 665 3248 fere
684 3197 791 3250 Valerio
809 3201 927 3256 fortasse
946 3206 1041 3256 accidit
1058 3207 1091 3264 V,
1110 3201 1135 3265 6.
1156 3203 1181 3267 l,
1200 3211 1244 3258 ubi
1262 3213 1346 3260 nostri
1357 3213 1416 3262 libri

195 3267 294 3328 aperto
313 3277 402 3315 errore
420 3265 448 3318 P.
468 3265 604 3316 Metellum
623 3269 761 3327 exhibent.
786 3287 804 3321 a
821 3270 927 3326 Paridis
946 3277 1036 3328 codice
1054 3277 1185 3328 Vaticano
1209 3281 1315 3330 omnino
1338 3281 1416 3329 abest

194 3348 370 3399 praenomen.
405 3337 446 3386 ita
463 3339 551 3402 potior
568 3350 635 3387 sane
653 3341 797 3391 auctoritas
816 3347 871 3394 atat
888 3363 937 3408 pro
956 3347 992 3398 ll.
1011 3347 1142 3398 Metello.

271 3400 386 3472 dereptis
403 3407 484 3474 epate)
507 3409 549 3458 lta
566 3410 696 3460 suadente
714 3411 843 3464 Torrenio
861 3415 930 3464 edidi
947 3433 997 3479 pro
1015 3415 1140 3484 direptis,
1166 3418 1234 3481 quod
1254 3418 1354 3465 habent
1371 3433 1414 3466 co·

195 3476 273 3526 dices
290 3489 357 3527 mas.
376 3480 401 3527 et
420 3480 548 3546 uolgatae
566 3480 709 3538 edibonem
735 3497 795 3532 cum
818 3483 846 3532 ln
870 3497 902 3534 eo
921 3487 1041 3549 rapiendi
1065 3487 1226 3549 composito,
1251 3487 1319 3568 quod
1344 3487 1414 3570 idem

195 3546 332 3615 aigniflcat
356 3549 436 3613 atque
460 3552 590 3608 adimere,
616 3551 733 3615 eripere,
758 3554 915 3602 detrahendi
938 3556 1027 3622 magis
1051 3570 1131 3618 quam
1156 3555 1414 3634 distrahentenobo

194 3619 297 3668 ualeat.
332 3617 434 3669 &dem
452 3623 530 3671 modo
549 3621 593 3677 lll,
612 3615 638 3681 3,
657 3624 710 3674 ext.
728 3620 747 3674 2
764 3637 824 3671 eum
842 3624 915 3674 male
934 3625 1070 3689 bucusque
1088 3625 1211 3675 ederetur
1228 3621 1337 3676 Prata·
1354 3641 1415 3676 aee·

192 3703 278 3738 anae
293 3686 535 3754 marsellum
554 3706 572 3742 a
587 3705 617 3742 ae
637 3690 723 3760 diripi
743 3705 822 3760 potae
844 3697 990 3744 accedente
1012 3694 1140 3744 librorum
1163 3707 1230 3747 mas.
1257 3697 1414 3748 cucumae

193 3759 338 3809 emendam
355 3755 452 3827 deripi
488 3763 564 3821 Quod
582 3778 743 3829 quamquam
760 3765 920 3814 insolentius
939 3766 1035 3814 dietum
1053 3765 1137 3815 uideri
1155 3767 1257 3829 potest,
1283 3766 1414 3820 similibus

193 3834 286 3879 umen
304 3831 436 3894 exemplis
447 3833 632 3891 confirmator.
651 3836 705 3884 cic.
723 3836 757 3885 de
774 3834 820 3886 lin.
839 3836 861 3892 l,
883 3831 923 3892 13.
942 3829 985 3892 43.
1004 3836 1042 3885 ad
1057 3849 1137 3898 qoem
1157 3836 1242 3888 iocum
1258 3837 1413 3910 Madnigioa

191 3900 1414 4048 &tillidiilllbilliblwt„lsii...l.⁹lll:.l.l'.tllll:
1485 3975 1490 3981 ·

190 4047 219 4094 a
230 4007 360 4105 'expilata
376 4045 522 4106 palmea
542 4045 622 4103 11111,
640 4040 667 4103 3.
685 4051 739 4100 ext
760 4046 772 4098 1
792 4044 969 4099 auem
987 4045 1128 4102 armeta
1144 4077 1179 4088 -
1198 4049 1269 4103 eaelo
1287 4051 1412 4123 mute.

190 4115 237 4162 nbi
255 4113 334 4164 codd.
351 4109 472 4180 diripuit,
491 4119 519 4164 et
536 4116 582 4175 llt.
600 4113 627 4174 3.
647 4114 736 4170 ext-⁴
761 4115 895 4185 dereptam
915 4115 1032 4170 tuma
1053 4119 1208 4177 1111111411.
1234 4127 1412 4187 praecedente

188 4183 339 4235 Perizonio.
885 4205 888 4216 ¹

262 4267 356 4320 eoque
368 4253 460 4320 praeit
476 4257 516 4309 ct.
535 4258 590 4309 Cic.
607 4259 641 4310 de
658 4259 703 4310 off.
721 4258 766 4318 lli,
784 4253 829 4319 ³2.
851 4253 909 4312 113.
928 4259 960 4310 Α.
978 4262 1045 4313 dell.
1064 4261 1120 4322 vll.
1143 4260 1183 4316 18.

261 4320 289 4377 3.
307 4327 347 4376 cl.
365 4327 419 4378 Cic.
438 4342 488 4391 pro
505 4329 608 4380 cluent.
624 4324 669 4386 ta
689 4325 748 4382 tlt.

260 4395 408 4447 caterinae
425 4424 461 4435 -
473 4403 631 4466 potestatem
647 4396 808 4467 impetrauit)
832 4404 934 4452 ornnes
953 4403 1059 4454 codices
1078 4417 1182 4454 summo
1200 4415 1334 4452 consensu
1353 4415 1410 4451 eea·

185 4465 263 4520 soria
285 4494 321 4504 -
340 4472 472 4534 potestate
491 4467 642 4536 iapmuaa't.
682 4473 758 4531 Quod
781 4473 863 4523 miror
884 4473 1017 4524 neminem
1041 4475 1199 4531 offendisse,
1224 4487 1284 4522 cum
1308 4472 1409 4522 nullum

186 4553 318 4604 umnam
335 4538 415 4598 luent
432 4554 575 4592 censorum
592 4542 739 4605 imperium.
776 4543 941 4594 Facillimum
959 4545 1105 4596 remedium
1124 4544 1201 4593 alieri
1219 4542 1265 4592 lul
1278 4541 1355 4592 Paria
1374 4555 1410 4593 ea

188 4609 339 4666 exhibens.
368 4624 438 4676 quaa
463 4625 514 4663 noa
532 4613 702 4664 hauddubie
726 4629 744 4662 a
761 4613 870 4665 Valerio
894 4615 1015 4678 prolaeta
1033 4613 1225 4664 reuocabimus.
1262 4611 1307 4661 Sic
1324 4612 1408 4678 impe·

186 4681 267 4732 rauel
286 4680 314 4730 et
330 4679 492 4744 impetrandi
509 4685 595 4734 uerba
605 4684 718 4733 contusa
736 4689 800 4735 aunt
816 4699 837 4736 a
851 4684 959 4736 librarlo
978 4685 1036 4737 cod.
1053 4684 1133 4736 Bam.
1148 4683 1204 4744 vll,
1222 4677 1249 4742 b,
1268 4676 1292 4733 5.
