3409 5400
207 499 213 506 .
255 448 321 514 ere
432 435 654 520 ovasnau
676 430 827 498 uvam
850 427 967 496 uara
990 423 1130 492 aanor
1151 423 1308 491 rossa.

257 604 439 673 statuisset,
469 608 567 680 caput
590 596 850 680 Agamemnonis
878 589 1076 656 inuoluendo
1106 608 1214 652 nonne
1242 588 1385 652 summi
1420 605 1530 647 mae·

257 710 341 774 roris
365 705 574 770 acerbitatem
599 711 667 764 arte
690 721 757 763 non
781 718 881 784 posse
906 694 1041 777 exprimi
1065 694 1237 756 confessus
1262 691 1344 756 est‘?
1384 690 1525 775 ltaque

257 817 384 900 pictura
407 812 477 872 eius
502 807 687 890 haruspicis
710 817 742 867 et
765 805 863 869 amici
887 813 918 864 et
940 800 1049 864 fratris
1072 799 1215 863 lacrimis
1232 798 1364 872 madet,
1400 797 1522 882 patris

258 921 367 982 fletum
391 916 568 1001 spectantis
592 915 722 978 adfectu
745 906 986 975 aestimandum
1009 905 1146 992 reliquit.

219 1027 248 1088 7.
346 1023 453 1107 Atque
476 1033 512 1084 ut
526 1023 673 1086 eiusdem
690 1018 786 1084 studii
803 1015 944 1080 adiciam
967 1013 1157 1099 exemplum,
1185 1014 1401 1098 praecipuae
1423 1016 1538 1076 artiss

257 1134 363 1217 pictor
386 1150 505 1212 equum
529 1129 571 1191 ab
587 1127 816 1191 exercitatione
840 1121 1024 1184 uenientem
1041 1121 1139 1183 modo
1158 1141 1223 1184 nou
1239 1121 1358 1182 uiuum
1378 1119 1512 1182 labore

258 1235 438 1302 industriae
462 1254 543 1296 suae
567 1231 858 1319 conprehenderat.
906 1226 1007 1290 (luins
1032 1226 1165 1290 naribus
1189 1245 1328 1310 spumas
1356 1226 1512 1290 adicere

261 1343 408 1427 cupiens,
437 1351 545 1403 tantus
569 1341 682 1404 artifex
710 1340 744 1401 in
768 1349 834 1400 tam
863 1332 1001 1420 paruula
1028 1335 1165 1398 materia
1191 1331 1330 1395 multum
1362 1353 1412 1395 ac
1449 1331 1509 1392 diu

261 1450 383 1511 frustra
405 1446 576 1508 terebatur.
620 1444 851 1531 indignatione
876 1438 994 1503 deinde
1018 1461 1179 1502 accensus
1205 1457 1403 1525 spongeam
1430 1459 1508 1500 om·

263 1554 360 1618 nibus
384 1552 530 1616 inbutam
553 1551 717 1616 coloribus
747 1551 829 1612 forto
860 1549 950 1611 iuxta
977 1567 1014 1608 se
1044 1547 1186 1630 positam
1214 1543 1451 1629 adprehendit
1476 1558 1509 1605 et
1520 1560 1541 1600 u

263 1659 363 1722 ueluti
386 1670 596 1742 corrupturus
620 1679 703 1742 opus
727 1677 824 1719 suum
848 1652 976 1716 tabulae
999 1651 1107 1715 inlisit.
1153 1653 1261 1732 Quam
1289 1651 1436 1714 fortuna
1462 1649 1507 1712 ad

263 1766 357 1850 ipsas
387 1765 462 1849 equi
491 1784 588 1825 nares
625 1763 782 1825 directam
817 1758 1016 1823 desiderium
1045 1759 1178 1844 pictoris
1208 1759 1315 1844 coegit
1345 1757 1504 1843 explere.

265 1870 378 1954 ltaque
402 1868 490 1953 quod
514 1889 569 1930 ars
592 1867 788 1929 adumbrare
812 1889 879 1930 non
903 1865 1003 1930 ualuit
1027 1887 1125 1929 casus
1148 1865 1290 1928 imitatus
1315 1877 1377 1928 est.

770 2007 982 2020 *—

270 2080 294 2134 l.
313 2079 420 2143 summi]
441 2092 518 2127 suam
535 2076 573 2130 D.
586 2076 637 2145 112.
656 2039 828 2130 aceruitatem
843 2093 889 2145 pr.
907 2077 937 2130 A.
953 2081 965 2143 11
980 2079 1091 2140 exprimi
1110 2092 1161 2126 non
1182 2090 1265 2140 posse
1286 2075 1364 2130 Tora
1385 2075 1400 2147 11
1422 2075 1452 2132 3.
1473 2086 1500 2130 et

268 2151 357 2271 dmicill
382 2154 409 2268 pt
432 2151 576 2269 Mlllwlllm
597 2145 1113 2271 ῼ.01Ὲ11Τοοτ1ιη1νζὲ101οἇ01ῗ1)1001νὸ11
1133 2147 1497 2270 01111011101Ρο1611111.1)1”.ι111

271 2236 439 2358 stitit
454 2285 466 2358 t
481 2227 894 2344 ’1111111100110011
914 2217 1495 2351 au'aim‘ll'ir'iilllaoil„arielem

269 2365 389 2413 uidisset.
409 2379 433 2427 p.
453 2381 478 2416 a.
496 2377 586 2428 marpo
605 2360 637 2414 Α.
651 2359 663 2432 11
678 2362 703 2414 11.
722 2366 861 2414 tenebatur
880 2360 914 2413 E.
929 2359 941 2428 11
956 2363 1122 2430 sphongeam
1143 2359 1204 2412 Par.
1222 2365 1247 2411 ct
1264 2375 1335 2412 corr.
1355 2361 1386 2414 A.
1412 2377 1495 2426 spun-

271 2435 345 2500 giam
363 2431 398 2484 E.
418 2434 561 2500 spongiam
580 2431 773 2487 CDFFTorr.
794 2429 887 2499 (11.11,
907 2429 935 2486 4,
955 2429 1007 2501 5.11
1026 2431 1065 2482 to.
1084 2435 1155 2482 iusta
1167 2429 1197 2482 F.
1212 2430 1224 2498 11
1239 2435 1266 2482 01
1278 2433 1371 2498 ueluti}
1392 2435 1494 2482 euetati

267 2518 313 2570 pr.
330 2500 362 2554 A.
382 2518 442 2552 eam
461 2506 542 2554 ueluti
561 2501 587 2556 C.
610 2520 723 2572 eamque
742 2505 823 2554 ueluti
840 2503 872 2556 F.
888 2501 899 2570 11
919 2501 957 2555 ll.
977 2505 1074 2555 inmisit
1092 2503 1155 2555 Per.
1169 2499 1181 2571 11
1198 2501 1238 2555 12.
1258 2503 1379 2570 explere]
1401 2502 1432 2554 ι’·
1450 2518 1493 2554 re·

270 2587 334 2624 aare
352 2571 383 2624 A.
408 2577 562 2638 exemplare
583 2573 666 2627 CFl'.
698 2571 731 2625 Vt
750 2589 798 2625 1100
815 2574 893 2626 etiam
912 2575 973 2627 Par.

271 2770 466 2837 gradationem,
486 2787 564 2831 00010
585 2774 695 2822 00001110
714 2774 848 2836 expressit
866 2773 997 2830 Valerius.
1018 2789 1076 2823 cum
1096 2773 1197 2823 tristem
1217 2772 1316 2823 diecret
1333 2772 1488 2828 Calchanta.

273 2845 406 2889 maestum
426 2841 533 2896 Vlixen.
559 2843 745 2893 tamentrurtem
765 2845 931 2903 Menelaum,
956 2844 1052 2893 summi
1076 2844 1174 2893 doloris
1199 2843 1344 2894 acerbitate
1364 2846 1486 2907 percitum

274 2912 484 2976 Agamemnona.
521 2912 612 2975 Neque
631 2916 699 2962 00110
719 2930 772 2974 qim
791 2930 819 2965 re
839 2916 1022 2965 uehementior
1040 2916 1073 2964 011
1092 2915 1245 2964 lamentatio
1266 2915 1382 2965 Menelai
1400 2914 1487 2965 Aiacis

275 2981 392 3029 clamore
406 2983 529 3044 percipio.
572 2983 679 3031 Accedit
690 2987 799 3049 grauius
813 2988 1007 3053 argumentum,
1021 2987 1089 3049 quod
1103 2985 1202 3043 Cicero,
1221 2986 1296 3034 00100
1310 2986 1426 3053 uestigia
1438 2984 1486 3035 Va·

275 3052 356 3100 terius
373 3051 425 3099 hoc
440 3055 544 3117 quoque
557 3052 615 3100 ioco
626 3053 756 3102 semiliter
766 3060 874 3104 secutus
888 3058 937 3112 001,
952 3058 1020 3105 rideo
1032 3060 1058 3105 ut
1070 3057 1162 3125 merito
1171 3057 1293 3105 dubitare
1303 3058 1395 3119 possis
1405 3060 1485 3105 utrum

275 3121 382 3183 pictoris
401 3121 550 3169 Timanthis
570 3134 674 3176 nomen.
694 3139 710 3170 a
729 3124 765 3174 Μ.
777 3126 864 3175 'tullio
883 3128 987 3176 silentio
1007 3127 1186 3189 praeteritum,
1205 3128 1265 3189 ipse
1284 3128 1406 3177 babuerit
1420 3142 1485 3177 eom·

276 3194 387 3254 perium,
406 3193 480 3241 solos
493 3193 648 3247 Calchanta.
662 3194 764 3246 Vlixen.
776 3196 934 3253 Menelaum.
947 3200 1148 3265 Agamemnona
1161 3200 1384 3247 commemorauit.
1411 3197 1484 3247 Solos

276 3262 404 3317 eosdem.
435 3263 588 3311 Ciceronem
615 3266 738 3320 secutus,
769 3267 857 3327 posuit
881 3269 1071 3326 Quintilianum
1098 3284 1131 3319 ac
1160 3282 1193 3317 00
1223 3268 1299 3317 Paris
1328 3272 1433 3331 quidem
1459 3270 1483 3317 in

275 3332 375 3382 Valerii
393 3335 549 3395 compendio
568 3336 657 3382 Aiacis
677 3336 834 3384 mentionem
856 3337 923 3386 tecit.
966 3342 1040 3396 Quae
1064 3341 1153 3388 omnia
1176 3354 1235 3389 eum
1260 3340 1338 3390 ualde
1364 3350 1484 3403 srrspeeta

276 3405 388 3452 reddant
418 3406 501 3453 uerba
528 3406 595 3461 ista.
625 3403 870 3455 remotis'dernum
900 3409 933 3457 iis
957 3408 1116 3487 intellegitur
1146 3426 1191 3459 cur
1219 3410 1385 3474 paulopost
1414 3410 1485 3461 Vate-

276 3476 332 3523 rius
356 3475 495 3538 scripserit
512 3472 662 3541 haruspicis
680 3481 705 3525 et
727 3475 849 3527 amiciet
863 3474 967 3541 fratris
986 3476 1118 3533 tarsae.
1144 3496 1194 3530 non
1222 3478 1379 3539 amicorum.
1403 3498 1483 3547 quem-

277 3547 418 3595 admodum
439 3546 500 3595 inde
518 3564 534 3594 a
548 3547 642 3612 Pighio
661 3561 712 3595 non
733 3548 883 3597 fauentibus
903 3549 977 3597 libris
990 3552 1177 3615 manuscriptis
1191 3554 1216 3600 in
1233 3553 1349 3619 uolgatis
1363 3553 1484 3616 exemptis

276 3616 415 3677 hucusque
434 3617 674 3667 circumferebatur.
712 3617 804 3679 Neque
823 3619 892 3667 enim
913 3620 966 3669 ulla
985 3622 1131 3681 probabilis
1151 3636 1235 3671 000011
1252 3628 1294 3671 001
1314 3640 1374 3682 cur.
1398 3624 1420 3674 01
1439 3624 1483 3673 Va·

277 3688 357 3735 lerius
383 3687 502 3748 posuerit
526 3690 551 3734 et
579 3686 719 3737 amicorum
744 3706 760 3736 a
789 3690 902 3739 librariis
930 3689 1087 3759 pluratiuum
1113 3706 1248 3743 numerum
1278 3695 1304 3743 iu
1329 3695 1483 3764 singularem

277 3760 404 3805 mutatum
424 3770 487 3804 esse
506 3759 637 3817 putemus.
680 3760 777 3809 Contra
800 3761 823 3809 si
848 3774 959 3810 catisam
980 3761 1086 3825 0000110
1112 3761 1176 3811 illati
1195 3776 1243 3825 per
1260 3764 1332 3815 ittam
1353 3768 1484 3831 interpota-

275 3830 372 3877 tionem
393 3827 491 3882 Aiacis,
511 3842 562 3877 uun
581 3829 706 3877 abhorret
726 3848 742 3878 a
761 3832 930 3881 similitudine
951 3833 1006 3881 ueri
1026 3833 1124 3880 tactum
1143 3833 1168 3880 id
1183 3846 1246 3881 esse
1260 3850 1276 3881 a
1290 3836 1366 3887 docto
1380 3840 1483 3903 quodam

274 3897 466 3965 grammatico,
494 3898 538 3957 qui
564 3901 644 3947 sciret
670 3902 869 3951 celeberrimum
900 3915 967 3965 opus
991 3903 1057 3951 iuter
1080 3904 1187 3952 tubulus
1213 3902 1234 3951 T
1237 3904 1361 3955 imanthls
1385 3910 1482 3958 Aiacem

276 3968 369 4033 fuisse.
387 3966 425 4014 Cf.
439 3966 504 4017 Piiu.
519 3969 534 4015 t.
549 3984 571 4014 0.
591 3972 711 4019 Ceterum
732 3973 908 4039 neglegenter
919 3973 1020 4021 locutus
1036 3974 1157 4023 Valerius
1175 3974 1282 4023 tratrem
1296 3976 1361 4025 dixit
1373 3984 1481 4049 1001100111

276 4038 485 4103 Agamemnonis
505 4053 581 4101 quma
602 4043 717 4089 debebat
736 4044 823 4091 dicere
841 4047 963 4104 patruum
984 4048 1107 4107 respectu
1128 4045 1291 4111 iphigeniae.

347 4103 370 4157 l.
390 4106 427 4156 Gt.
448 4108 513 4158 l'liu.
534 4110 558 4159 h.
578 4126 603 4160 n.
623 4112 734 4170 XXXV,
758 4111 797 4168 10.
816 4108 860 4163 36.
