3409 5400
329 425 395 495 54⁰
590 422 839 495 SAPIENTER
859 422 994 493 DICTA
1016 426 1108 494 AVT
1129 425 1285 495 FACTA.

289 583 328 651 5..
418 586 619 658 Forensibus
634 586 729 663 haec,
743 585 799 653 illa
813 585 1007 655 militaribus
1025 588 1196 675 stipendiis
1211 588 1407 675 prudentia
1423 588 1593 655 exhibita

329 695 483 783 Papirius
508 696 631 761 Cursor
658 693 790 769 consul,
820 716 897 759 cum
925 695 1134 783 Aquiloniam
1162 718 1376 783 oppugnans
1414 695 1590 781 proelior:

329 802 428 869 uellet
441 805 631 869 conmittere
645 800 868 889 pullariusque
883 824 951 867 non
971 802 1238 889 prosperantibus
1255 803 1390 868 auibus
1418 806 1585 889 optimus

332 912 363 977 ei
385 911 571 997 auspicium
593 910 829 983 renuntiasset,
862 908 902 973 de
930 908 1063 975 fallacia
1090 910 1174 975 illius
1202 910 1313 975 factus
1344 913 1502 975 certior
1532 912 1582 973 sii-Z

332 1015 464 1105 quidem
495 1026 527 1079 et
553 1018 706 1083 exercitui
733 1017 857 1083 bonum
885 1038 983 1082 omen
1018 1016 1129 1083 dutum
1160 1016 1297 1081 credidit
1331 1040 1382 1082 ac
1425 1040 1577 1105 pugnas

331 1124 410 1187 iniit.
457 1122 608 1187 Ceterum
630 1123 824 1189 mendaeem
848 1138 924 1189 ante
946 1126 1054 1210 ipsam
1083 1123 1187 1188 aciem
1216 1126 1422 1201 constituit,
1460 1138 1505 1187 ut
1531 1124 1574 1187 le·-

331 1227 446 1292 berent
473 1227 506 1291 di
536 1228 628 1292 cuius
667 1231 790 1316 capite,
824 1232 855 1296 si
889 1230 966 1319 quid
1000 1232 1068 1295 irae
1104 1241 1341 1316 conceperant.
1386 1234 1572 1317 expiares:

330 1331 497 1401 Directum
520 1345 572 1399 est
594 1346 700 1401 autem
725 1338 795 1403 siue
818 1359 901 1403 casu
924 1338 996 1403 siue
1020 1338 1117 1403 etiam
1133 1336 1284 1403 caelestis
1309 1339 1486 1401 numinis
1511 1360 1571 1423 pre
1613 1364 1614 1427 3

331 1438 476 1507 uidentia
497 1441 586 1529 quod
608 1444 749 1529 primum
772 1466 791 1508 e
814 1446 980 1511 contraria
1001 1458 1094 1531 perte
1122 1445 1261 1509 missum
1290 1456 1366 1507 crat
1401 1444 1520 1508 telum
1548 1445 1568 1505 ie
1613 1526 1614 1535 ἵ

330 1548 441 1634 ipsum
462 1548 593 1635 pullarii
614 1560 730 1637 pectus
752 1570 893 1639 eumque
916 1553 1097 1617 exanimem
1122 1551 1307 1635 prostrauit.
1370 1549 1422 1615 Id
1458 1564 1501 1614 ut
1528 1573 1579 1613 co*

333 1654 448 1744 gnouit
475 1656 610 1730 consul,
642 1655 762 1721 fidente
792 1658 904 1724 auimo
933 1668 965 1722 et
990 1656 1111 1723 inuasit
1144 1655 1357 1743 Aquiloniam
1400 1668 1440 1719 et
1481 1659 1566 1741 cepit
1613 1694 1614 1715 r

333 1762 415 1827 Tam
443 1761 507 1825 cito
535 1762 764 1828 animaduertit
793 1786 857 1849 quo
886 1774 984 1848 pacto
1011 1764 1131 1829 iniuria
1159 1764 1369 1849 imperatoris
1403 1763 1567 1827 uindices

333 1866 475 1941 deberet,
498 1867 775 1951 quemadmodum
798 1869 922 1935 uiolata
945 1870 1060 1957 religio
1084 1868 1246 1955 expianda
1273 1869 1378 1943 soret,
1420 1892 1498 1956 qua
1526 1892 1565 1933 rs·
1613 1930 1614 1983 p

333 1973 419 2037 tione
435 1972 572 2036 uictoria
587 1974 790 2060 adprehendi
804 1987 929 2061 posset.
974 1976 1051 2063 Egit
1072 1977 1177 2041 uirum
1194 1995 1361 2049 seuerum,
1386 1976 1563 2041 consulem
1613 1986 1614 2041 l

332 2076 534 2166 religiosum,
549 2079 779 2165 imperatorem
794 2092 973 2157 strenuum,
989 2084 1113 2148 timmis
1129 2082 1273 2159 modurn,
1290 2102 1433 2169 poenae
1451 2103 1578 2171 genosi·

333 2185 406 2272 spei
428 2186 517 2251 uiam
540 2207 606 2251 uno
629 2189 749 2253 mentis
771 2188 893 2275 impetu
915 2187 1083 2275 rapiendo.

290 2290 323 2356 ti.
419 2290 516 2357 Nunc
539 2291 583 2357 ad
605 2304 740 2359 senatus
764 2306 840 2360 acta
863 2296 1095 2384 transgrediar.
1144 2294 1227 2360 Cum
1250 2293 1422 2361 aduersus
1441 2295 1557 2361 Hanni·

331 2398 439 2465 belem
463 2398 634 2465 Claudium
656 2399 823 2466 Neronem
850 2413 882 2466 et
904 2401 1034 2467 Liuium
1057 2401 1278 2467 Salinatorem
1301 2402 1471 2468 consules
1494 2404 1555 2468 mit·

333 2515 413 2569 teret
435 2526 558 2593 eosque
580 2518 615 2570 ut
638 2508 807 2573 uirtutibus
830 2528 940 2595 pares,
962 2510 1008 2573 ita
1029 2508 1207 2574 inimicitiis
1228 2508 1390 2574 acerrime
1414 2511 1505 2575 inter
1524 2530 1552 2572 se

333 2610 531 2676 dissidentes
556 2613 690 2690 uideret,
713 2635 842 2680 summo
860 2615 967 2679 studio
982 2615 1017 2679 iu
1040 2614 1180 2702 gratiam
1195 2614 1332 2690 reduxit,
1356 2636 1402 2679 ne
1427 2627 1571 2704 propter

332 2717 478 2803 priuatas
502 2717 730 2788 dissensiones
746 2743 815 2787 rem
831 2721 997 2808 publicam
1012 2743 1128 2808 parum
1144 2721 1260 2788 utiliter
1276 2722 1547 2790 administrarent

333 2824 413 2910 quia
434 2824 597 2888 consimili
618 2826 755 2913 imperio
779 2830 844 2894 nisi
868 2829 1048 2894 concordia
1068 2828 1165 2903 inest,
1191 2829 1297 2893 maior
1321 2827 1434 2893 aliena
1459 2851 1546 2916 opere

332 2926 560 3020 interpellandi
582 2953 683 3018 quam
697 2955 760 2998 sua
775 2933 893 2999 edendi
908 2936 1070 3022 cupiditas
1086 2936 1247 3008 nescitum
1270 2934 1327 2999 ubi
1349 2956 1433 2999 uero
1460 2939 1543 3001 etiam

334 3130 359 3186 l.
376 3131 540 3184 Forensibus
557 3157 594 3171 -
611 3130 731 3182 exhibita
747 3144 797 3183 om.
809 3127 841 3184 Γ.
856 3127 869 3202 11
882 3133 1032 3198 prudentia]
1048 3133 1111 3200 posi
1128 3131 1246 3181 exhibita
1260 3126 1292 3183 F.
1309 3130 1471 3194 prudentiae
1485 3127 1541 3182 Ab.

346 3201 399 3275 112.
418 3203 551 3254 cursorius
570 3197 607 3254 D.
618 3198 632 3268 11
643 3197 668 3255 s.
686 3202 784 3267 puliari
801 3217 907 3272 quoque
920 3200 949 3254 F.
960 3201 974 3270 11
985 3202 1190 3268 properantibus
1202 3197 1292 3252 ΒΕΓ
1307 3203 1333 3251 et
1344 3215 1394 3268 pr.
1411 3199 1472 3254 AC.
1489 3198 1540 3252 adl.

333 3280 354 3330 l.
372 3278 402 3329 P.
420 3289 473 3326 non
490 3274 712 3342 prosperantibus
730 3275 826 3324 auibus
845 3275 987 3326 ementitus
1008 3277 1083 3325 essct
1101 3273 1222 3336 auspicia
1238 3285 1329 3338 marpo
1343 3269 1375 3324 A.
1388 3270 1403 3340 11
1414 3267 1440 3324 A.
1459 3275 1540 3323 certior

333 3351 420 3401 factus
438 3343 503 3399 Dr.
515 3343 566 3413 115.
585 3358 663 3394 omen
679 3347 780 3396 bonnm
797 3342 829 3398 F.
845 3344 857 3411 11
872 3345 954 3395 credit
971 3341 1000 3395 F.
1017 3343 1068 3410 118.
1087 3344 1146 3395 sine
1165 3357 1230 3393 casu
1249 3342 1307 3393 sine
1324 3339 1354 3394 F.
1365 3342 1380 3409 11
1393 3344 1493 3394 luminis
1507 3339 1538 3394 D.
1572 3401 1577 3412 ,

342 3415 392 3488 119.
410 3420 513 3469 iussum
532 3415 561 3472 F.
581 3417 593 3482 1
611 3415 639 3466 in
657 3430 706 3466 om.
723 3413 753 3467 F.
773 3414 785 3483 11
807 3413 847 3469 it).
866 3417 1043 3480 prostrauerit
1059 3411 1091 3466 F.
1111 3414 1123 3483 11
1142 3415 1237 3464 consul
1260 3415 1386 3481 cognonit
1404 3411 1461 3466 Fl'.
1477 3411 1536 3482 111.

331 3491 422 3544 fidenti
441 3485 530 3542 ODI'.
543 3487 656 3558 nonime
675 3485 713 3553 et]
733 3483 795 3539 odd.
814 3490 909 3538 hostes
930 3484 1006 3538 Torr.
1018 3486 1031 3555 11
1049 3486 1180 3536 coloniam
1205 3487 1233 3534 et
1254 3486 1325 3548 oepit
1347 3481 1376 3536 F.
1401 3486 1427 3535 ct
1445 3486 1534 3550 Aquilo

331 3565 403 3615 niam
422 3561 493 3626 cepit
511 3557 616 3627 Tere-ss
632 3554 673 3611 13.
692 3560 740 3609 reli
762 3557 797 3624 io]
817 3559 894 3628 regia
911 3555 943 3608 A.
955 3555 968 3625 11
983 3555 1023 3608 ll.
1042 3554 1231 3622 Hannibalem]
1251 3551 1314 3606 odd.
1333 3557 1442 3605 senatus
1459 3569 1535 3622 norpe

331 3632 364 3686 A.
377 3631 442 3700 1118.
461 3632 594 3682 mitterent
630 3645 652 3682 r.
670 3627 702 3682 A.
717 3627 729 3700 11
741 3574 787 3682 dl.
806 3631 1005 3680 administraret
1022 3624 1053 3679 F.
1072 3621 1145 3698 1122.
1164 3625 1227 3693 nisi]
1246 3626 1291 3676 ubi
1312 3622 1404 3680 cmi.
1415 3621 1479 3693 1123.
1495 3641 1535 3676 sur

332 3703 437 3770 edendi]
457 3703 588 3753 suadendi
605 3702 608 3708 “
645 3705 671 3752 et
682 3715 728 3768 pr.
745 3697 778 3753 A.

403 3874 429 3930 5.
449 3877 488 3928 Cf.
506 3877 567 3927 Lio.
584 3878 619 3934 X,
637 3874 681 3930 40.
700 3879 779 3929 Oros.
796 3876 841 3934 111.
859 3873 903 3928 22.

404 3951 432 3999 et
447 3946 545 3998 demit
560 3944 728 4014 Aquilum'om
746 3952 772 3998 et
789 3945 867 4014 cepit)
884 3946 996 4014 Pigliius
1014 3950 1135 4000 truncam
1149 3947 1306 3998 existimans
1319 3959 1384 3996 esse
1396 3947 1530 4002 ermonem

334 4019 405 4085 quod
422 4017 516 4068 Liuius
533 4033 587 4067 non
604 4018 631 4068 in
649 4020 712 4080 ipsa
728 4017 887 4080 Aquiloniae
909 4019 1123 4084 oppugnatione.
1148 4019 1197 4069 scd
1215 4017 1242 4068 in
1259 4017 1361 4081 proelio
1380 4019 1453 4068 suba
1474 4033 1531 4068 con·

334 4091 419 4142 misso
437 4089 578 4153 pullarium
598 4089 729 4138 occidisse
748 4088 916 4147 tradidisset.
935 4103 969 4138 ex
987 4104 1039 4139 uno
1059 4091 1150 4140 codice
1169 4089 1312 4152 Campensi
1331 4088 1425 4138 nullius
1440 4091 1530 4140 omnino

334 4161 397 4214 fldei
415 4160 536 4212 ediderat
548 4157 712 4220 reliquisque
724 4160 908 4225 grammaticis
921 4165 1096 4222 persuaserat
1108 4165 1132 4210 et
1144 4157 1230 4211 bootes
1241 4156 1340 4209 inuasit
1351 4163 1377 4208 et
1387 4155 1528 4224 Apollonion

335 4231 413 4302 cepit,
448 4231 484 4281 At
501 4229 682 4290 discrepantia
704 4230 772 4278 inter
789 4229 894 4280 Liuium
918 4235 945 4280 ct
966 4231 1101 4281 Valerium
1125 4233 1172 4279 ent
1195 4231 1269 4280 nulia
1293 4231 1336 4280 est
1360 4233 1404 4278 aut
1421 4243 1528 4292 perquem

336 4306 444 4373 exigua.
463 4316 524 4353 curn
542 4299 687 4350 secundum
705 4299 776 4349 iliius
796 4315 900 4365 quoque
914 4303 1070 4354 relationem
1084 4317 1116 4352 eo
1128 4302 1189 4365 ipso
1208 4301 1309 4364 proelio
1321 4300 1366 4350 nal
1378 4305 1442 4350 certe
1452 4303 1528 4352 stetim

337 4392 372 4428 ex
390 4375 491 4441 proelio
510 4371 606 4424 codem
624 4371 666 4420 dic
685 4368 827 4436 Aquilonia
844 4373 925 4436 capta
943 4374 986 4432 sit.
1006 4373 1134 4437 pullarius
1148 4375 1236 4422 utitem
1249 4374 1379 4422 instructa
1390 4374 1441 4423 acie
1456 4373 1527 4435 prius·

337 4464 419 4511 quam
437 4446 638 4499 cononrrcretur
654 4441 708 4506 pilo
726 4443 827 4493 temere
845 4445 946 4494 emisso
964 4445 1117 4508 periuratus
1139 4445 1270 4495 ceciderit
1314 4443 1404 4505 ltaque
1423 4445 1528 4494 reuomoi

337 4519 457 4569 codicum
480 4521 654 4578 uotorumque
677 4513 821 4564 editionum
844 4516 1017 4579 scripturam,
1047 4529 1081 4565 ne
1109 4517 1165 4565 tum
1189 4515 1296 4578 quidem
1321 4515 1488 4574 deserendam,
1507 4517 1527 4563 si

337 4588 444 4656 longius
461 4604 480 4638 s
496 4589 570 4640 sonte
587 4601 637 4637 suo
654 4586 812 4637 aberrasset
828 4586 960 4638 Valerius.

409 4654 434 4708 s.
454 4655 517 4708 (bra
534 4655 662 4712 deam
677 4654 862 4713 limantem)
879 4657 920 4708 Gi.
938 4657 998 4712 Val.
1016 4656 1075 4717 llll,
1092 4652 1119 4718 2,
1136 4653 1154 4708 2
1173 4659 1201 4710 et
1219 4669 1285 4724 quos
1303 4657 1341 4710 ibi
1359 4657 1430 4708 citsui
1445 4659 1523 4710 testes.
