3409 5400
579 518 663 590 LlB.
684 519 741 602 ΙΙΙ,
764 522 802 593 G.
825 524 859 603 8,
880 524 952 594 uxr.
974 534 1004 605 ς.
1030 526 1061 595 5.
1085 529 1116 596 o.
1395 531 1461 601 909

235 687 359 751 cautior
390 692 496 761 esset,
526 684 698 770 respondit
719 687 788 751 uita
811 706 847 751 se
871 685 969 752 malle
993 687 1151 754 excedere
1181 710 1281 777 quam
1307 693 1344 759 in
1370 702 1460 761 metu

233 789 394 859 uiolentae
417 792 533 859 mortis
557 794 682 857 amicos
705 794 847 859 inimicis
870 795 961 861 iuxta
982 816 1117 883 ponere.

322 899 421 985 Quod
444 900 590 985 sequitur
613 910 645 963 et
666 902 714 967 rei
736 902 842 986 ipsius
859 900 1076 970 admiratione
1099 911 1131 964 et
1153 901 1298 968 claritate
1314 905 1498 971 auctoristi.

231 1008 376 1074 inlustre.
422 1002 619 1081 Alexander,
643 1004 866 1073 Macedonum
886 1030 959 1085 rex,
981 1008 1104 1075 incluta
1124 1010 1194 1073 iam
1216 1030 1329 1098 pugna
1352 1010 1458 1077 excel·

207 1116 423 1183 elentissimis
452 1116 570 1202 opibus
597 1114 699 1181 Darei
729 1117 894 1192 contusis,
926 1126 1019 1182 aestu
1050 1126 1082 1180 et
1110 1116 1236 1181 itineris
1263 1117 1393 1182 feruore
1421 1118 1459 1185 in

233 1222 348 1289 Cilicia
385 1220 641 1309 percalefactus,
681 1220 811 1307 Cydno,
853 1223 908 1309 qui
947 1244 1054 1311 aquae
1090 1220 1218 1310 liquore
1257 1224 1457 1310 conspicuus

232 1329 360 1395 Tarson
382 1330 544 1405 interfluit,
568 1351 688 1415 corpus
705 1350 802 1393 suum
824 1330 983 1395 inmersit.
1018 1331 1134 1396 Subito
1151 1330 1270 1397 deinde
1294 1352 1334 1394 ex
1355 1330 1455 1395 nimio

230 1436 351 1501 haustu
374 1437 494 1525 rigoris
518 1436 753 1525 obstupefactis
777 1438 888 1501 neruis
912 1458 951 1501 ac
975 1448 1106 1524 torpore
1133 1437 1293 1502 hebetatis
1321 1434 1454 1501 artubus

229 1532 476 1609 maximarum
509 1544 746 1611 exanimatione
776 1546 874 1610 totius
904 1546 1063 1610 exercitus
1090 1546 1125 1611 in
1153 1544 1308 1631 oppidum
1337 1543 1455 1609 castris

192 1652 447 1739 repropinquum
464 1650 616 1717 defertur.
654 1652 788 1718 lacebat
811 1673 912 1739 aeger
932 1650 1035 1728 Tarsi,
1058 1654 1157 1740 inque
1180 1648 1358 1716 ualitudine
1383 1650 1454 1713 eius

230 1760 374 1826 aduersa
405 1759 559 1824 instantis
594 1760 750 1824 uictoriae
785 1781 865 1846 spes
899 1758 1085 1824 fluctuabat.
1134 1755 1247 1846 ltaque
1281 1755 1457 1822 conuocati

229 1866 348 1932 medici
382 1864 606 1931 adtentissimo
639 1866 776 1931 consilio
806 1866 921 1931 salutis
955 1865 1103 1929 remedia
1135 1862 1453 1951 circumspiciebant.

231 1973 378 2054 Quorum
412 1994 487 2039 curn
521 1972 565 2038 ad
599 1992 699 2036 unam
727 1972 895 2056 potionem
929 1973 1109 2037 sententiae
1137 1971 1333 2036 direxissent
1355 1981 1453 2056 atque

230 2102 303 2146 eam
333 2078 504 2167 Philippus
539 2078 686 2143 medicus
721 2080 791 2144 suis
826 2079 979 2144 manibus
1014 2090 1225 2165 temperatam
1253 2076 1452 2153 Alexandro,

193 2198 299 2253 rserat
322 2198 432 2252 autern
459 2186 564 2272 ipsius
589 2187 714 2251 amicus
739 2196 770 2250 et
793 2207 921 2262 eomes,
949 2187 1163 2273 porrexisset,
1191 2208 1213 2250 a
1234 2183 1452 2249 Parmenione

230 2421 253 2475 i.
274 2436 305 2473 se
323 2421 379 2471 uita
399 2415 475 2470 Terr.
487 2414 500 2483 ΙΙ
512 2419 538 2468 in
558 2432 606 2469 om.
625 2413 739 2468 DTorrt
759 2416 771 2481 ΙΙ
790 2414 816 2470 2.
834 2419 952 2469 uiolente
969 2431 1015 2485 pr.
1033 2414 1065 2470 A.
1090 2416 1206 2466 uiolento
1229 2428 1299 2467 corr.
1323 2411 1356 2465 Α.
1376 2412 1389 2481 ΙΙ
1402 2415 1451 2464 ini·

228 2495 365 2555 intresque
384 2504 454 2541 corr.
471 2486 503 2549 A,
523 2485 599 2539 Torr.
611 2483 625 2555 Η
636 2483 667 2545 3.
681 2490 757 2549 Quod
775 2516 810 2525 -
829 2486 878 2553 (4.)
896 2490 1008 2540 inlustre
1026 2504 1075 2539 om.
1094 2486 1126 2539 Γ.
1145 2484 1158 2555 ΙΙ
1178 2489 1206 2537 et
1228 2486 1278 2551 rei]
1304 2500 1338 2536 ex
1360 2487 1400 2535 rei
1418 2482 1451 2539 Γ.

229 2562 290 2686 pli.
309 2564 399 2613 inclita
417 2574 487 2613 corr.
505 2556 537 2611 A.
556 2559 657 2623 inclyia
673 2557 717 2609 uel
730 2561 819 2611 inclita
833 2558 930 2627 reliqui
947 2565 973 2610 et
986 2557 1063 2612 Torr.
1079 2562 1091 2625 ΙΙ
1105 2560 1159 2610 iam
1178 2572 1226 2608 om.
1239 2556 1265 2609 Γ
1280 2561 1307 2607 et
1320 2570 1364 2623 pr.
1377 2553 1413 2608 D.
1427 2554 1441 2623 ΙΙ

247 2675 254 2689 .
274 2636 341 2685 darii
359 2627 617 2684 liubussie-r.
629 2627 642 2695 ΙΙ
655 2634 782 2682 contusus
795 2646 841 2700 pr.
861 2629 890 2684 F.
902 2630 915 2697 ΙΙ
927 2634 955 2682 et
971 2646 1020 2684 om.
1039 2628 1068 2683 Γ.
1080 2630 1093 2697 ΙΙ
1111 2626 1136 2684 (l.
1156 2644 1244 2697 cygno
1258 2642 1303 2695 pr.
1323 2625 1350 2679 0.
1370 2628 1450 2697 cigno
1546 2624 1549 2630 ’

229 2703 295 2759 EF.
315 2708 384 2755 aduc
403 2701 434 2754 Β.
460 2705 542 2769 tyduo
560 2700 597 2752 D.
622 2705 699 2753 cirino
717 2701 749 2754 Γ.
765 2701 778 2770 ΙΙ
796 2701 819 2755 7.
844 2706 956 2754 tharson
974 2701 1000 2755 Γ
1017 2709 1042 2756 et
1059 2717 1128 2755 corr.
1146 2701 1178 2755 A.
1202 2700 1315 2752 Tarsum
1337 2697 1414 2752 Tim.

228 2779 362 2845 immergit
380 2773 444 2827 ΒΓ.
458 2771 471 2842 ΙΙ
487 2773 513 2826 8.
537 2775 738 2837 obstupefactus
757 2773 792 2827 E.
813 2773 825 2844 ll
844 2777 934 2826 neruis
953 2790 1002 2828 om.
1021 2774 1056 2828 Ε.
1073 2774 1087 2842 Η
1104 2774 1147 2839 ac]
1168 2774 1195 2825 et
1212 2770 1244 2823 Β.
1261 2771 1274 2839 ΙΙ
1291 2785 1402 2836 corpore
1441 2807 1449 2822 .

230 2851 349 2913 corporis
367 2845 404 2899 D.
420 2845 432 2914 ΙΙ
446 2845 568 2911 artubus]
588 2848 711 2896 amnibus
729 2843 758 2898 Γ.
770 2845 784 2912 ΙΙ
795 2843 821 2897 9.
839 2848 958 2898 murima
975 2861 1024 2898 ora.
1041 2843 1073 2898 Γ.
1087 2844 1100 2912 ΙΙ
1118 2844 1156 2898 10.
1174 2845 1323 2909 proximum
1335 2838 1366 2896 F.
1378 2839 1392 2908 Η
1404 2844 1450 2892 de·

229 2921 299 2971 ferre
316 2916 349 2970 Β.
370 2914 382 2988 ΙΙ
402 2919 488 2968 tharsi
506 2914 532 2969 Γ
548 2921 574 2967 rt
590 2930 660 2970 corr.
678 2915 710 2968 A.
726 2916 731 2983 Ι
762 2915 800 2969 12.
819 2919 1096 2981 circuminspieiebant
1113 2915 1139 2969 Γ
1138 2957 1144 2970 .
1164 2913 1176 2981 ΙΙ
1197 2910 1238 2967 19.
1257 2911 1384 2979 Quorum]
1405 2913 1450 2979 qui

228 2989 290 3043 Dr
306 2995 331 3042 et
348 3003 417 3042 corr.
439 2987 468 3046 0,
489 2986 582 3054 Tora!
603 2989 664 3039 dum
679 2986 711 3040 Γ.
726 2987 731 3052 Ι
753 2991 912 3040 sententiam
930 2983 1355 3051 monimentaque]
1377 2987 1403 3034 et
1414 2981 1447 3036 Γ.

240 3061 253 3130 ΙΙ
267 3058 308 3114 ti.
326 3062 445 3112 medicus
463 3075 512 3112 om.
530 3057 566 3112 Ε.
594 3054 598 3124 Ι
621 3057 660 3114 15.
685 3063 743 3111 erat
761 3089 796 3098 -
813 3060 912 3126 ipsius]
937 3063 1014 3112 cuius
1037 3062 1096 3113 erat
1112 3057 1149 3112 D.
1170 3055 1183 3131 ΙΙ
1202 3061 1249 3109 aut
1269 3053 1299 3108 Γ.
1314 3055 1328 3125 ΙΙ
1345 3056 1449 3106 amicus

227 3134 314 3198 ipsius
331 3129 394 3185 EF.
405 3129 606 3199 llporrexisset]
626 3136 685 3184 uate
702 3132 761 3185 eret
778 3133 868 3182 autem
886 3128 918 3185 Γ.

301 3342 399 3395 amicos
416 3341 531 3395 inimicis
549 3344 622 3396 iecra
635 3352 745 3413 ponere)
771 3342 849 3397 lactu
868 3362 927 3395 curn
946 3346 1100 3397 accusation
1119 3344 1146 3394 et
1159 3344 1249 3393 datiuo
1268 3339 1365 3390 dictum
1384 3351 1449 3388 esse

229 3418 342 3468 leslatur
359 3415 486 3466 Priscian.
514 3416 609 3474 xviii,
628 3433 655 3480 p.
677 3413 753 3474 liii.
773 3419 799 3467 el
818 3431 885 3467 sane
903 3417 996 3467 Liuius
1014 3415 1129 3471 ΧΧΙΙΙΙ,
1150 3409 1192 3467 19.
1210 3408 1241 3469 b.
1262 3425 1340 3476 quem
1358 3408 1450 3458 citauit

229 3488 382 3544 Torrenius.
402 3487 510 3550 scripsit
528 3483 693 3537 omittendam
705 3501 760 3538 rem
797 3479 1285 3550 arumeciuctumoouiedifficim
1314 3478 1448 3531 Gil’eriz.

230 3563 263 3611 ad
283 3559 373 3610 Senot.
392 3557 504 3608 Mineru.
529 3558 555 3614 Ι,
582 3551 629 3615 16,
657 3555 678 3609 1.
703 3573 729 3620 p.
755 3502 813 3608 illi.
850 3558 908 3607 Hoc
930 3557 989 3607 loco
1012 3555 1176 3621 praepositio
1200 3555 1258 3603 arte
1282 3565 1342 3600 eum
1364 3552 1448 3600 uerbo

230 3633 368 3688 cohaeret,
392 3643 504 3695 quocum
523 3643 604 3679 unam
623 3628 705 3678 cilicii
728 3643 761 3678 ex
781 3642 867 3692 aequo
886 3627 1001 3690 ponendi
1018 3627 1166 3682 notionem,
1190 3625 1259 3673 adeo
1282 3623 1312 3671 ut
1333 3636 1387 3670 non
1409 3623 1448 3670 in·

230 3704 347 3754 solenter
366 3701 526 3768 adiungetur
544 3699 624 3748 dandi
648 3711 737 3748 casus.
779 3699 856 3747 Certe
880 3713 927 3747 cur
950 3713 968 3746 a
990 3696 1160 3760 conspirante
1184 3695 1300 3744 omnium
1321 3693 1449 3742 librorum

228 3774 381 3826 testimonio
401 3773 570 3822 discederent
588 3770 704 3820 editores
723 3769 821 3819 idonea
839 3782 925 3818 eausa
943 3771 1001 3818 erat
1017 3768 1098 3818 nulla.
1258 3795 1261 3798 ·

300 3841 326 3896 ti.
344 3845 383 3894 ci.
403 3843 470 3964 glut.
490 3843 565 3894 Alex.
586 3835 627 3892 19.
656 3841 759 3893 Arrien.
778 3841 811 3900 ΙΙ,
829 3834 874 3889 it.
904 3832 1083 3899 cert.111‚5.
1112 3836 1205 3888 lustin.
1223 3834 1276 3896 x1,
1296 3831 1322 3888 8.
1351 3832 1447 3886 Senec.

229 3911 433 3974 mmmffl

302 3985 417 4046 Quorum
435 4000 492 4037 eum
511 3981 548 4035 od
564 3989 652 4046 uuam)
676 3984 805 4034 Omnibus
823 3983 902 4032 bonis
921 3982 1056 4032 codicibus
1073 3981 1143 4031 baec
1160 3980 1313 4038 truduntur,
1332 3975 1449 4038 Ουοηηι

231 4073 288 4109 cum
307 4054 343 4109 ad
359 4071 437 4107 uuam
450 4055 583 4125 potionem
601 4054 753 4107 ceutronum
771 4051 937 4106 directione.
974 4057 1049 4114 Quae
1071 4053 1099 4101 in
1117 4051 1248 4115 exemplis
1266 4051 1302 4100 ad
1321 4051 1450 4102 familiam

229 4133 257 4180 χ’
280 4128 473 4192 pertinentibus
497 4130 568 4178 recte
592 4129 698 4194 quidem
723 4127 866 4178 emendate
889 4125 952 4174 suni
974 4124 1063 4187 posito
1088 4120 1142 4183 Qut
1165 4138 1213 4186 pro
1238 4120 1368 4180 Quorum.
1399 4122 1450 4170 scd

230 4203 290 4252 sine
310 4200 364 4249 ulta
388 4201 445 4250 ueri
468 4201 638 4250 similitudine
659 4198 792 4248 Valerium
816 4198 841 4246 iri
866 4198 954 4260 ipsum
976 4196 1134 4259 scripsisse,
1159 4193 1282 4243 librarios
1309 4195 1364 4240 tam
1383 4192 1450 4240 mire

229 4273 323 4335 lapsos
343 4283 415 4321 esse.
451 4271 491 4322 Nc
510 4273 582 4322 recte
600 4271 705 4335 quidem
718 4269 872 4326 Torrentur,
891 4267 1024 4318 enunciati
1043 4267 1189 4316 subiectum
1203 4267 1278 4314 ratus
1290 4263 1449 4323 Philippum,

229 4343 344 4408 potionis
363 4355 505 4392 suasorem
524 4345 550 4392 ei
567 4343 782 4405 temperatorem.
801 4341 877 4388 euius
890 4340 981 4388 tamen
999 4339 1097 4387 mentio
1111 4340 1208 4402 postea
1220 4337 1326 4383 demum
1337 4331 1449 4386 inicitur,

229 4415 374 4482 legandum
386 4414 500 4464 coniecit
512 4411 628 4471 Quorum
640 4408 895 4462 eam-seutentiam
908 4406 1055 4461 direxisset.
1085 4407 1148 4458 Sine
1158 4408 1237 4455 dubio
1251 4403 1304 4453 leni
1314 4403 1342 4451 et
1352 4401 1449 4463 proba·

228 4486 276 4536 bili
291 4485 437 4534 mutatione
447 4484 558 4549 Lipsius
574 4484 709 4546 arrtiquam
724 4483 824 4532 Valerii
834 4483 992 4545 scripturum
1006 4481 1128 4537 restituit,
1147 4491 1225 4543 quern
1236 4487 1287 4524 nos
1304 4471 1389 4522 secuti
1405 4483 1450 4519 su·

229 4569 297 4608 mus
336 4557 377 4604 lta
392 4556 516 4605 absolute
534 4555 665 4605 interdum
690 4555 806 4621 dirigere
825 4553 967 4602 dictisuui
986 4553 1079 4616 quise
1098 4549 1223 4618 dirigunt.
1246 4545 1285 4595 ci.
1304 4543 1370 4592 Tac.
1386 4541 1450 4590 bist.

165 4687 167 4690 ¹
230 4627 287 4685 1111.
306 4620 350 4686 58,
367 4639 425 4676 cum
442 4623 578 4677 Βοηιαηαε
596 4623 709 4692 tepidare
727 4629 819 4674 contre
839 4620 995 4674 ἀρνειῶν.
1026 4619 1082 4688 (Sic
1106 4612 1450 4695 cod.ided.·cf1.ac'bm.

230 4700 265 4750 ad
283 4699 363 4749 Lucr.
381 4713 408 4762 p.
427 4694 503 4762 iii.)
539 4696 615 4748 Auci.
640 4695 703 4746 bati.
719 4696 803 4760 iiisp.
828 4689 872 4751 29.
897 4689 928 4751 2.
952 4691 1023 4744 Hinc
1045 4688 1162 4755 dirtpm
1181 4699 1306 4765 mommo
1318 4683 1451 4752 piantem

231 4766 402 4839 acuebatur.
437 4769 535 4838 eppei
556 4762 619 4822 inei.
637 4767 669 4820 11.
688 4781 715 4834 p.
736 4759 795 4822 122.
815 4766 883 4819 Oud.
913 4761 1070 4819 commun.
1089 4759 1114 4814 rt
1131 4756 1176 4811 sir
1194 4771 1230 4819 er,
1249 4752 1343 4824 diripe.
1490 4767 1496 4776 ’
