3409 5400
307 469 374 539 398
796 460 857 529 nn
879 459 1051 530 asans

270 629 305 701 2.
398 623 488 707 Quid
502 623 557 691 illa
580 644 711 712 quoque
719 624 893 692 iuuentute
908 622 1063 689 Romana
1075 623 1211 709 gratiam
1233 642 1322 710 quae
1340 622 1530 689 consulibus

306 732 428 803 Nautio
452 744 484 801 et
504 732 651 799 Minucio
675 730 758 797 ultro
781 730 918 795 nemina
940 752 1003 795 sua
1023 728 1154 795 militari
1176 740 1384 795 sacramente
1404 728 1529 803 obtrilit,

306 854 342 907 ut
368 840 580 915 Tusculanis,
616 860 754 925 quorum
782 839 866 903 fines
896 836 1005 923 Aequi
1038 848 1295 922 occupauerant,
1329 834 1529 923 praesidium

306 950 443 1024 ferrent,
472 946 548 1033 quia
568 946 686 1031 paucis
711 952 785 1011 ante
813 942 983 1009 mensibus
1000 943 1273 1031 ¹constantissime
1299 954 1332 1006 et
1351 943 1528 1009 fortissime

248 1036 255 1043 ⁶
307 1054 482 1141 imperium
503 1050 616 1138 pepuli
630 1050 774 1114 Romani
796 1047 1034 1127 defenderant?
1067 1048 1158 1136 Ergo
1174 1048 1263 1137 quod
1279 1048 1391 1115 auditu
1406 1070 1549 1113 nouimus

307 1172 369 1237 est,
391 1182 433 1224 ne
456 1158 580 1244 patriae
605 1166 701 1244 grata
728 1156 881 1223 uoluntas
912 1176 1068 1221 cessasse
1095 1154 1273 1232 uideretur,
1301 1158 1463 1221 exercitis
1491 1178 1526 1219 se

306 1268 380 1351 ipse
403 1265 608 1351 conscripsit.
1225 1310 1228 1317 .

268 1368 300 1435 3.
366 1428 367 1433 ,
395 1370 555 1459 Magnum
579 1371 664 1458 grati
686 1369 797 1456 pupuli
812 1369 981 1454 specimen
1003 1370 1038 1433 in
1061 1368 1103 1449 Q.
1118 1367 1222 1437 Fabiu
1236 1368 1381 1433 Maxime
1405 1368 1527 1431 enauit.

306 1477 391 1544 Nam
419 1500 496 1543 cum
523 1479 667 1565 quiaque
696 1474 921 1541 consulatibus
953 1474 1137 1543 salutariter
1170 1476 1218 1538 rei
1245 1474 1395 1561 publicae
1424 1474 1526 1541 admi·

809 1591 1023 1603 *—

306 1637 331 1691 1.
350 1636 430 1704 qnae]
450 1634 592 1690 irrorare
609 1635 642 1688 A.
653 1634 705 1759 pi.
723 1636 818 1686 nauuiu
836 1634 865 1687 ia
881 1649 979 1686 rorare
990 1633 1023 1686 A.
1040 1637 1131 1685 nuntio
1151 1630 1209 1687 et'.
1226 1636 1323 1685 mincio
1338 1630 1408 1685 DE.
1428 1636 1526 1701 quintio

304 1706 334 1763 F.
359 1712 388 1761 c.
407 1711 504 1760 Nautio
526 1706 602 1759 Torr.
620 1704 633 1774 ΙΙ
672 1708 786 1769 .aequti
802 1703 841 1758 D.
867 1708 981 1773 equicuti
1003 1704 1034 1759 F.
1051 1704 1107 1774 115.
1129 1707 1242 1757 Romani
1264 1706 1355 1769 pupuli
1376 1702 1453 1757 ibrr.
1470 1704 1485 1772 ΙΙ
1501 1704 1525 1756 Ἰ.

306 1779 474 1845 conseripsit]
494 1780 618 1829 conduxit
636 1774 664 1827 ir
681 1790 778 1827 rasura
795 1773 826 1829 Α
846 1793 914 1829 com.
933 1778 968 1827 sit
984 1775 1044 1841 (sie)
1063 1775 1091 1830 C.
1111 1777 1249 1829 eoubussit
1266 1774 1299 1829 Γ.
1319 1772 1375 1845 1181
1395 1777 1422 1841 ς.
1440 1772 1459 1826 ³
1478 1792 1525 1828 ear.

305 1846 338 1904 P.
349 1848 363 1919 ΙΙ
374 1848 476 1915 populi]
496 1844 558 1900 aad.
578 1848 680 1899 romani
698 1844 734 1899 Ε.
746 1846 759 1915 ΙΙ
771 1848 797 1897 in
818 1861 867 1897 om.
886 1846 918 1900 F.

306 1987 405 2045 talasa
425 1992 495 2041 unde
513 1980 625 2058 egregie
638 1988 782 2040 Turranius
802 2005 894 2041 ueram
913 1992 1072 2055 scripturam
1091 1990 1166 2048 eruit,
1189 1994 1242 2040 tara
1255 1993 1379 2059 prompte
1394 1986 1523 2047 reatino,

306 2077 386 2129 quum
411 2062 531 2125 recipere
552 2076 605 2111 uun
630 2057 759 2115 dubitaui..
797 2060 968 2113 adhaeserat
996 2063 1066 2113 enim
1095 2060 1181 2127 prima
1208 2062 1282 2118 neeis
1305 2056 1425 2111 reatem
1447 2074 1523 2124 prae·

306 2132 410 2184 cedenti
433 2134 564 2183 uocabulo
587 2124 710 2200 sprdpie),
730 2133 800 2183 unde
823 2134 913 2183 natum
939 2134 982 2183 est
1004 2132 1067 2200 iiipd
1088 2136 1214 2198 propter,
1238 2132 1308 2195 quod
1326 2133 1414 2195 ipsum
1440 2146 1524 2183 musa

282 2226 284 2231 ·
305 2205 403 2263 extitit,
429 2218 476 2253 cur
497 2204 595 2268 postea
614 2203 778 2269 praepositio
802 2216 832 2253 re
856 2204 983 2254 transiret
1005 2204 1032 2253 in
1055 2204 1237 2255 auenutiuam
1254 2217 1291 2256 ce.
1331 2202 1441 2265 Lipsius
1463 2218 1522 2253 eun·

303 2276 404 2327 iecerat
421 2276 565 2344 legendum
584 2289 647 2326 esse
661 2270 828 2342 properiter,
851 2275 920 2339 quod
940 2274 1031 2325 neseio
1050 2290 1086 2324 un
1106 2273 1204 2325 Valerii
1223 2275 1311 2324 aetate
1329 2287 1384 2323 nen
1401 2273 1479 2324 tuerit
1496 2274 1521 2323 in

303 2361 363 2397 usu.
400 2347 509 2399 Poterat
526 2348 606 2417 igitur
625 2346 651 2398 et
669 2346 765 2397 metius
784 2346 810 2395 et
823 2345 992 2464 probabilius
1005 2359 1130 2413 propere.
1173 2343 1226 2395 Sed
1245 2346 1327 2413 iunge
1346 2345 1521 2407 praeferenda

303 2416 423 2470 Turrenii
441 2418 601 2471 emendatio.
637 2416 682 2467 Sic
700 2416 731 2477 .V,
752 2413 776 2474 l,
798 2410 810 2465 l
842 2416 931 2483 egitur
947 2420 1000 2466 tarn
1014 2420 1139 2485 prerupta
1159 2419 1185 2466 et
1200 2419 1255 2465 tone
1273 2412 1521 2483 aquisitaputm

303 2494 517 2611 miilplliliritliu
527 2488 696 2611 liniiiiitiioruio
713 2554 871 2618 commus)
895 2558 995 2608 Prioris
1013 2558 1132 2609 consulis
1150 2572 1247 2610 numen
1264 2557 1291 2607 in
1309 2557 1433 2607 omnibus
1451 2558 1520 2609 cedi·

302 2630 379 2680 uibus
398 2632 527 2681 mendose
545 2632 672 2694 scriptum
690 2630 762 2681 reete
781 2630 934 2679 emendarit
949 2630 1062 2697 Pighius
1081 2627 1205 2696 (eilia.
1224 2629 1274 2687 ill,
1298 2623 1343 2679 tt.
1366 2628 1443 2681 Dion.
1462 2630 1521 2681 aa

301 2701 337 2758 X,
355 2695 422 2766 23.),
441 2716 501 2750 eum
519 2703 600 2750 antea
619 2703 742 2752 ederetur
761 2697 868 2759 Quintio
887 2705 912 2758 et
928 2697 1056 2752 Minucio.
1091 2700 1196 2756 Nouam
1209 2700 1435 2751 confirmationem
1454 2716 1521 2752 nune

303 2771 382 2824 affert
400 2771 505 2824 Paridis
524 2773 648 2834 epitome,
675 2786 690 2823 e
714 2787 767 2836 qea
789 2774 935 2823 correctum
954 2773 997 2823 est
1014 2773 1151 2824 tiernense
1169 2771 1314 2834 exemplar.
1356 2772 1479 2822 mamm
1496 2773 1520 2820 si

301 2840 426 2892 Valerius
444 2841 497 2890 hac
514 2843 668 2896 narratione
690 2841 810 2905 respexit
831 2845 867 2892 ad
891 2857 948 2894 rem
971 2859 989 2892 a
1012 2843 1088 2894 Liuio
1112 2843 1156 2901 llI,
1180 2839 1211 2894 31
1239 2841 1389 2904 expositam
1412 2839 1521 2908 (trepidi

301 2908 387 2966 nendi
404 2904 436 2960 ui
458 2908 568 2961 lbsruto
586 2909 699 2970 ueniant,
718 2909 865 2977 Aequoris
883 2927 947 2978 apro
968 2910 1114 2964 turam
1132 2926 1195 2964 eree.
1235 2908 1307 2963 Fecit
1325 2908 1456 2978 pedorem
1480 2927 1520 2964 re·

301 2995 362 3032 eras
380 2978 436 3031 eiua
449 2977 544 3048 populi
560 2981 680 3033 meritam
697 2978 819 3032 morardi
837 2981 952 3045 owdiils
972 2985 1194 3050 quemadmodum
1207 2983 1273 3032 mihi
1285 2997 1391 3048 quoque
1408 2985 1519 3037 uidetur,

300 3052 478 3104 confitendum
497 3053 547 3104 erit
568 3067 677 3106 errasse
702 3053 846 3107 auctorem.
889 3054 974 3104 Facta
997 3055 1068 3106 enim
1091 3056 1167 3107 erant
1190 3055 1223 3104 de
1247 3055 1345 3116 quibus
1367 3053 1461 3104 Liuius
1483 3056 1519 3103 rbi

300 3123 427 3176 disseruit
448 3123 480 3172 Τ.
503 3124 630 3181 Romilio,
655 3125 684 3174 C.
706 3124 813 3174 Veturio
828 3126 1007 3183 ,consulibus
1032 3126 1143 3178 triennio
1166 3128 1229 3190 post
1251 3123 1339 3174 Nautii
1363 3125 1520 3176 etminuctt

300 3195 476 3248 consulatum.
512 3195 650 3246 Consentit
663 3209 722 3244 cum
734 3194 810 3244 Liuio
828 3195 976 3261 Dionysius
987 3197 1014 3246 X
1026 3197 1108 3258 antiq.
1120 3191 1164 3255 43,
1184 3196 1287 3245 addens
1299 3195 1409 3258 insuper
1420 3198 1519 3246 malms

299 3265 414 3331 epiebe
431 3267 485 3316 tum
503 3265 677 3318 renitentibus
696 3266 797 3315 trustra
813 3266 926 3317 tribunis
945 3281 997 3317 sua
1017 3271 1113 3330 sponte
1136 3267 1292 3316 consulibus
1317 3265 1450 3316 detortam
1473 3267 1520 3316 bu·

299 3339 424 3388 bentibus
443 3351 507 3390 sese
525 3337 665 3388 obtulisse.
704 3337 798 3386 Potest
820 3338 912 3388 tamen
934 3338 991 3388 deri
1015 3339 1044 3388 ut
1068 3338 1191 3388 Valerius
1214 3337 1288 3395 aliud
1311 3335 1424 3397 beilum,
1450 3338 1519 3402 quud

299 3409 329 3460 0.
346 3409 458 3468 Nautio,
487 3409 519 3462 L.
542 3407 653 3458 Minutiu
678 3407 831 3458 consulibus
875 3410 962 3459 estam
980 3409 1039 3460 erat
1061 3411 1153 3462 cenae
1175 3405 1291 3458 Sabinos
1315 3408 1341 3471 et
1365 3407 1475 3473 Aequos
1493 3409 1520 3458 iu

297 3482 388 3532 mente
406 3481 537 3538 habuerit,
557 3481 590 3529 de
609 3493 660 3543 quo
679 3477 771 3527 Liuius
789 3477 833 3535 iil,
852 3423 888 3530 iti
907 3470 975 3530 haee
992 3477 1108 3537 tradidit,
1135 3475 1199 3529 Tum
1219 3473 1294 3544 plebe
1319 3474 1427 3544 baim
1443 3491 1520 3530 arne

298 3548 375 3617 oepit.
410 3545 624 3602 mamaeae
640 3545 750 3613 frastra
767 3541 882 3599 triburie
897 3547 986 3615 mopsi
1007 3546 1058 3600 dae
1076 3547 1205 3601 erercrw
1221 3546 1325 3616 arrepti
1360 3549 1462 3606 Potuit,
1481 3552 1520 3599 in·

297 3635 387 3686 quam,
407 3621 465 3671 lieri
483 3635 515 3672 eo
534 3620 633 3686 magis,
652 3619 721 3684 quud
739 3618 791 3670 hoe
810 3635 915 3684 queque
934 3622 1033 3672 beilum
1051 3621 1191 3671 medatem
1209 3623 1268 3670 erat
1275 3622 1389 3684 propter
1407 3621 1519 3671 iniurias

297 3689 467 3749 Tusculanis,
485 3691 665 3740 Romanorum
683 3689 773 3748 sociis,
793 3691 828 3738 ab
841 3689 941 3756 Aequis
952 3692 1053 3749 illatas,
1071 3695 1102 3740 nt
1112 3692 1225 3743 testatur
1239 3691 1385 3756 dionysius
1397 3691 1424 3742 X
1437 3693 1519 3757 antiq.

295 3757 341 3812 22.
373 3761 505 3811 Notabilis
527 3761 618 3813 autern
641 3759 710 3810 Liuii
734 3763 761 3811 et
783 3760 906 3830 Dionysii
930 3762 1111 3825 discrepantia
1132 3764 1175 3812 est
1197 3762 1230 3811 de
1251 3763 1380 3825 tempure,
1399 3778 1453 3824 qne
1473 3779 1519 3813 uo·

297 3830 412 3880 lunaria
429 3830 508 3893 plebs
526 3830 659 3896 stipendia
677 3832 721 3882 uei
740 3833 833 3882 contra
850 3831 1071 3888 intercessionem
1089 3832 1250 3884 tribunorum
1269 3833 1403 3886 meruerit.

287 3935 289 3940 -
367 3898 533 3966 cumeriprit)
551 3902 608 3952 iioe
627 3905 737 3952 uerbum
755 3917 809 3955 uua
828 3905 886 3952 erat
902 3904 943 3952 ita
960 3899 1100 3953 exaratam
1118 3904 1147 3952 in
1165 3903 1257 3974 audies
1269 3904 1427 3968 archetype,
1447 3905 1517 3970 quud

295 3970 412 4022 iudicent
423 3971 522 4021 menda
533 3973 715 4026 berolinensis
727 3973 931 4037 praestantioris
942 3976 1018 4031 (eoae.
1030 3969 1074 4027 rit)
1087 3976 1114 4024 et
1126 3975 1274 4024 abbreuiati
1287 3975 1518 4040 Gueipberbytani

294 4035 460 4106 imbuti).
504 4041 573 4092 Nam
594 4043 739 4094 Burnensis
762 4043 822 4092 libri
844 4043 973 4106 primaria
995 4044 1127 4106 scriptura
1150 4047 1201 4095 sub
1224 4045 1303 4097 litura
1326 4046 1381 4095 iam
1400 4047 1518 4099 euanuit.

293 4111 384 4165 Probo
401 4113 492 4164 waren
510 4115 686 4170 recentiorum
704 4111 830 4164 librorum
845 4109 1037 4164 ¹coniecturam.
1073 4113 1142 4164 Nam
1164 4111 1299 4173 madata
1324 4116 1395 4182 quod
1419 4132 1436 4166 a
1459 4131 1517 4168 eur·

294 4185 398 4238 [θείοιο
415 4183 475 4236 libri
491 4184 637 4236 Burnensis
654 4184 801 4248 proiectam
818 4182 847 4234 in
865 4183 934 4234 atius
952 4186 1097 4237 nonnullos
1112 4185 1227 4245 bansiit,
1246 4188 1279 4238 de
1294 4186 1516 4244 Romanumitite,

293 4257 340 4318 qut
356 4258 480 4308 mereede
498 4269 566 4306 saue
583 4269 638 4308 uun
655 4255 819 4319 militauerit,
841 4253 905 4310 ferri
921 4270 975 4306 non
991 4270 1077 4321 pesse
1094 4259 1167 4310 recte
1186 4258 1251 4309 mibi
1267 4255 1414 4317 Turranius
1432 4259 1516 4310 enim-

293 4328 445 4380 aduertiase
464 4327 575 4378 uidetur.

364 4392 390 4452 3.
409 4397 447 4450 Ci.
466 4399 534 4450 Plut.
553 4397 619 4449 nub.
636 4396 709 4450 Max.
727 4390 772 4448 27.

363 4467 392 4532 rsa
411 4467 443 4528 Q.
460 4465 544 4522 Fabiu
561 4465 692 4533 Marinae)
715 4468 773 4520 Huc
795 4467 823 4518 et
845 4481 962 4535 sequens
986 4469 1138 4536 exemplum
1160 4470 1317 4524 necessarie
1340 4471 1376 4522 ed
1400 4473 1514 4524 eundem

292 4541 404 4594 Fabium
422 4541 517 4592 reterri
535 4541 633 4592 debent
649 4539 758 4606 prepter
776 4541 860 4590 uerba
878 4540 917 4604 (5.
937 4538 974 4606 i)
992 4539 1077 4594 Fadio
1089 4545 1175 4594 mere
1187 4539 1402 4594 etiuraiacolorar'
1413 4557 1516 4598 m

292 4625 351 4666 cem
365 4609 454 4677 perio
468 4609 561 4678 pretio
577 4609 663 4666 relate
678 4614 734 4666 eet.
754 4625 839 4674 quae,
862 4612 916 4662 nisi
934 4614 1020 4666 eidem
1039 4612 1122 4665 Fabiu
1139 4613 1196 4666 tam
1212 4616 1316 4668 mortae
1335 4619 1514 4680 opponantur,

291 4695 377 4744 sensu
395 4685 496 4738 ment.
532 4681 626 4752 Neque
644 4685 718 4736 uerte
730 4683 879 4737 audiendae
898 4686 942 4738 est
957 4685 1010 4739 buu
1021 4686 1082 4739 luco
1094 4683 1258 4750 Perizonius,
1276 4685 1324 4750 qui
1339 4687 1432 4754 priora
1443 4687 1514 4740 baec
