3409 5400
318 496 382 564 126
630 496 691 563 Du
714 494 943 564 SIMVLATA
970 494 1220 563 RELIGIONE.

554 657 654 721 PAR.
1194 658 1292 723 NFP.

275 764 307 830 2.
364 766 416 829 Cn.
430 766 590 830 Cornelias
600 764 754 846 iliopoleos
774 771 902 847 praetor
1000 762 1166 827 Chaldaeos
1196 764 1357 827 Cornelios
1383 764 1514 847 Hispotos

314 875 498 956 perennioris
509 873 556 937 Μ.
569 872 691 954 Popilio
702 871 845 945 Laenate,
862 872 900 935 L.
952 870 1027 931 arbe
1049 872 1167 953 enpntit
1188 877 1217 933 et
1240 872 1323 933 intra
1345 870 1443 934 &cen
1461 870 1516 933 dies

318 979 484 1061 Cdparnia
500 978 680 1044 consolidas
695 978 795 1041 edicto
812 979 901 1041 coa-
951 976 1045 1039 ltalia
1059 976 1145 1039 obire
1164 978 1268 1051 iussit,
1290 996 1328 1041 ne
1338 979 1517 1061 poeninon

316 1086 409 1149 daem
431 1087 513 1151 eitra
534 1086 687 1149 decimam
712 1084 795 1145 diem
815 1084 902 1147 abire
954 1083 1116 1145 scienotiam
1138 1084 1339 1147 venditarent.
1526 1103 1538 1145 s

315 1211 356 1253 ea
382 1192 457 1255 orbe
487 1198 578 1273 atque
605 1192 700 1253 Italia
724 1192 833 1264 ioseit,
859 1192 901 1254 te·

316 1298 409 1361 aibas
436 1304 466 1393 et
492 1299 606 1379 ineptis
633 1298 767 1379 inpeniie
784 1297 902 1379 fallaci

317 1404 456 1469 εὲἅοηινη
481 1405 731 1486 interpretatione
758 1410 901 1484 penesta-

317 1530 404 1573 osam
431 1512 602 1573 mendaciis
636 1512 705 1572 sais
738 1510 900 1591 calipinem

316 1617 486 1679 inicientee.
1534 1644 1563 1687 ιο

361 1722 446 1785 Idem
457 1723 598 1798 Iudaeae,
623 1725 676 1806 qai
688 1723 801 1785 Sabaei
813 1722 901 1784 Ionis
998 1718 1130 1781 Indoeos
1156 1738 1281 1801 areaque,
1309 1720 1525 1802 petitionariis

317 1830 401 1893 aaa
416 1829 710 1911 Romanoee'afieere
725 1847 827 1891 mores
849 1848 901 1891 eo·
954 1824 1077 1887 tradere
1103 1844 1196 1889 saera
1223 1846 1283 1889 sao
1310 1829 1412 1891 eonati
1438 1834 1526 1900 anno,

316 1937 383 2002 nati
404 1942 505 2009 erant,
529 1942 665 2019 repetere
690 1935 797 1999 menos
825 1954 900 1997 sans
954 1932 1034 1993 idem
1048 1931 1202 2013 Hispalae
1224 1934 1529 2011 orbenotesrninaait

317 2044 424 2125 eoepit.
954 2057 1087 2119 anaspia
1104 2040 1253 2119 priuatos
1268 2060 1283 2103 e
1299 2039 1436 2120 publicio
1457 2040 1530 2103 loeis

956 2143 1075 2207 obiecit.
1350 2128 1353 2136 ⁸
1542 2182 1571 2225 15

276 2254 306 2320 ³.
362 2249 901 2327 L.AemitirisPaolaseansat.oom

320 2368 446 2425 nantas
457 2363 556 2425 Isidis
566 2368 596 2424 et
610 2361 741 2441 Serapis
750 2360 837 2442 fana
853 2362 902 2423 di-

319 2468 438 2532 raenda
449 2469 621 2531 censuisset
630 2486 725 2548 eaqne
736 2486 822 2529 aenea
834 2468 902 2547 opi-
966 2477 976 2497 ¹

309 2578 411 2657 fierem
437 2576 594 2655 adtiapere
624 2572 766 2647 adderet,
794 2572 904 2653 posita

314 2686 480 2762 praetenta
501 2700 640 2753 securem
668 2679 806 2760 arripnit
829 2684 904 2740 ten-

314 2788 423 2870 ptique
445 2788 513 2849 eins
525 2785 658 2868 soritas
680 2786 806 2870 infliait.

821 3030 1034 3046 -Μ

391 3102 479 3158 PAR..
497 3101 561 3159 20.
569 3107 706 3156 Cornelios
715 3101 772 3156 AD
782 3101 859 3154 Torr.
870 3102 884 3172 ΙΙ
896 3097 920 3154 3.
928 3103 1053 3168 pompilio
1063 3097 1189 3153 ADPar.
1202 3099 1214 3168 Η
1226 3099 1251 3153 4.
1259 3103 1304 3152 Cn.
1312 3102 1454 3166 Calpurnio
1465 3099 1547 3152 Torr.

331 3174 345 3244 ΙΙ
357 3178 484 3226 chaldeos
502 3173 534 3226 A.
546 3173 559 3242 ΙΙ
570 3171 595 3226 5.
615 3174 692 3242 eitra]
713 3171 919 3225 eirenADPoo·.
936 3175 1007 3224 intra
1027 3171 1103 3223 Torr.
1115 3172 1128 3240 ΙΙ
1143 3170 1183 3224 10.
1201 3175 1346 3224 nutrientes
1361 3171 1398 3225 D.
1410 3171 1424 3238 ΙΙ
1439 3171 1482 3224 11.
1503 3175 1547 3222 lu·

321 3249 405 3298 dneos
423 3244 550 3299 om.eiD.
568 3245 581 3312 11
603 3248 692 3295 sabati
708 3243 739 3297 A.
759 3247 938 3294 Zabazioarr·.
955 3243 1018 3294 Par.
1036 3243 1049 3310 ΙΙ
1076 3240 1115 3294 12.
1134 3242 1216 3310 cultu]
1237 3241 1298 3296 add.
1318 3245 1442 3294 simulato
1466 3241 1549 3294 Tora.

331 3316 344 3384 Η
356 3317 456 3385 mores]
476 3322 535 3368 arete
552 3318 659 3366 inficere
676 3313 708 3366 A.
727 3329 776 3366 om.
788 3313 826 3366 D.
856 3320 915 3365 ante
932 3315 1067 3364 Romanos
1089 3311 1165 3365 Torr.
1182 3313 1195 3382 ΙΙ
1216 3310 1255 3366 13.
1275 3315 1360 3381 erant]
1381 3317 1445 3365 sunt
1465 3313 1551 3365 Torr.

320 3389 752 3454 er[nnt-——eap.1111,eat.
774 3384 785 3436 l
807 3387 980 3436 suffecturam
997 3381 1232 3452 urbem]A.1120.
1252 3387 1367 3436 securim
1391 3382 1470 3436 Torr.
1503 3381 1551 3450 (J.

318 3457 380 3513 Lia.
399 3461 466 3516 viu,
487 3457 511 3515 7.
530 3455 583 3516 in·
604 3459 650 3517 lx,
672 3453 712 3515 id,
736 3455 765 3507 11
785 3453 861 3507 codd.
880 3455 967 3508 Paris.
987 3461 1012 3507 et
1028 3451 1101 3508 Med.
1119 3454 1204 3509 Prion.
1228 3453 1287 3512 VH.
1309 3451 1368 3508 158.

389 3528 472 3583 NEP-
508 3525 526 3581 2
544 3534 570 3580 et
590 3525 629 3582 1³.
648 3529 779 3593 Hippalus
797 3523 864 3593 Nep.
883 3525 950 3578 Mai.

388 3720 414 3775 2.
434 3725 471 3774 ef.
490 3724 566 3776 Seru.
585 3727 620 3775 nd
636 3723 703 3776 Aen.
722 3724 791 3783 run,
813 3721 872 3775 181.
1471 3766 1474 3771 .

391 3793 437 3844 Cn.
452 3793 597 3855 Cornelias)
615 3797 734 3847 Eundem
744 3799 815 3846 hune
831 3811 897 3847 esse
913 3797 977 3860 puto
991 3799 1070 3861 utque
1087 3795 1161 3846 iilum
1171 3793 1217 3845 Cn.
1230 3795 1378 3845 Cornelium
1387 3795 1557 3858 Hispalam.

320 3865 436 3914 consutis
455 3867 517 3915 anui
535 3862 587 3916 57⁸
605 3869 701 3925 fllium.
724 3870 757 3918 de
776 3885 827 3932 quo
846 3868 907 3917 Vel.
926 3868 975 3924 VI.
994 3863 1026 3925 3.
1051 3862 1068 3916 3
1092 3868 1156 3934 egit.
1204 3869 1372 3933 Quapropter
1397 3880 1461 3916 eum
1488 3867 1560 3930 pari

319 3935 376 3984 iere
402 3936 558 3986 auctoritate
585 3938 721 3988 firmentur
740 3939 790 3988 Gai
817 3941 843 3988 et
869 3939 952 3988 Gnaei
979 3939 1166 4006 praenomine,
1193 3935 1318 3986 Paridem
1346 3938 1458 3988 secutus
1488 3951 1561 3986 sum

320 4005 439 4054 Gnaeum
458 4007 635 4056 exhibentem.
672 4010 826 4073 Cognomen
843 4008 984 4072 simplicit
1006 4008 1102 4072 scripsi
1121 4022 1181 4058 eum
1200 4007 1260 4058 Par.
1280 4010 1307 4058 et
1325 4009 1383 4058 cod.
1402 4010 1490 4058 Beru.
1513 4009 1563 4068 (h.

319 4075 336 4124 1.
355 4078 382 4124 et
400 4075 443 4132 vl,
462 4071 488 4130 3.
507 4071 544 4140 3.)
564 4093 724 4141 quamquam
741 4079 768 4127 in
785 4079 955 4142 inscriptione
974 4095 1018 4142 op.
1038 4081 1109 4128 Grut.
1121 4095 1148 4142 p.
1166 4073 1220 4129 293
1239 4079 1323 4128 editur
1336 4077 1563 4133 HISPALLVS.

318 4145 419 4195 Deinde
436 4147 464 4194 in
483 4147 617 4210 Calpurnii
634 4149 804 4210 praenomine
818 4153 934 4200 erratum
953 4151 1002 4199 est.
1039 4149 1209 4200 Consentiunt
1222 4151 1292 4200 euim
1303 4149 1403 4200 Valerii
1414 4150 1565 4213 exempla

319 4231 380 4266 eum
396 4216 500 4265 Paridis
520 4219 578 4266 eod.
596 4218 656 4269 vat.
676 4220 708 4267 de
727 4219 817 4275 Lucio,
838 4222 927 4284 quiin
946 4221 1023 4270 tostis
1044 4221 1150 4270 Guneus
1170 4223 1288 4271 uocatur.

389 4284 458 4336 eitra
476 4284 602 4338 desimam
620 4285 699 4347 diem)
715 4288 835 4353 Apparet
853 4292 947 4340 ultiose
968 4292 994 4340 in
1014 4291 1072 4340 eod.
1091 4291 1220 4344 Vaticano
1240 4291 1344 4342 Paridis
1369 4295 1396 4342 et
1412 4291 1445 4342 in
1465 4291 1566 4341 Vale·

316 4359 391 4409 rinno
409 4359 539 4407 Beruensi
557 4355 630 4408 eirea
648 4356 774 4410 decimam
792 4357 861 4411 diem
883 4363 971 4411 scribi.
1014 4361 1105 4430 Neque
1131 4363 1201 4412 euim
1225 4377 1259 4412 ea
1283 4363 1452 4430 decretorum
1481 4364 1568 4412 ratio

317 4437 360 4481 est
377 4432 405 4480 nt
423 4429 522 4496 aliquid
540 4431 610 4480 cirea
628 4433 729 4480 eertum
747 4433 818 4482 diem
842 4433 901 4482 fieri
920 4433 1042 4496 oportere
1061 4435 1187 4484 statuant
1232 4434 1468 4484 l’raeseribendus
1493 4435 1570 4482 erat

316 4503 383 4559 dies,
403 4504 464 4564 onte
478 4515 556 4567 quem
568 4503 695 4552 Chaldaei
712 4516 747 4552 ex
764 4505 830 4553 urbe
843 4505 923 4568 atque
936 4503 1012 4554 ltnlio
1023 4506 1189 4556 excederent.
1228 4502 1303 4555 Citra
1316 4503 1470 4572 tegendum
1486 4517 1570 4554 esse

316 4573 426 4626 Carolus
444 4571 633 4622 Lachmaunus
651 4573 760 4622 monuit.

387 4639 412 4694 3.
431 4638 514 4700 isidis
531 4647 556 4693 et
572 4638 690 4710 Serapis)
708 4643 808 4694 Eorum
820 4659 884 4696 oros
896 4646 1002 4710 penitus
1020 4659 1132 4696 euersas
1151 4659 1215 4696 esse
1234 4662 1251 4696 a
1271 4646 1367 4696 Pisone
1385 4647 1412 4696 et
1427 4647 1573 4698 Gabinio

316 4714 470 4766 consulibus
489 4715 607 4766 referunt
624 4713 733 4765 Tertull.
752 4716 861 4784 apolog.
881 4711 898 4768 6
917 4718 943 4768 et
960 4715 1060 4768 Arnob.
1079 4717 1112 4777 11,
1130 4732 1157 4782 p.
1176 4711 1211 4768 511
1231 4717 1272 4766 ed.
1290 4715 1359 4766 Etm.
