3409 5400
360 491 404 558 22

360 652 586 738 antiquitatum
608 647 720 723 libros,
747 648 941 736 quibuscum
965 667 1203 732 saepenumero
1226 649 1398 736 insigniter
1423 665 1521 710 censer

359 759 456 824 huius
481 758 589 842 operis
614 755 738 821 relatio.
786 755 849 818 (Of.
874 752 950 818 Val.
973 751 998 828 I,
1026 756 1054 827 1,
1080 756 1109 818 7.
1132 753 1230 820 Dion.
1254 753 1295 830 II,
1319 756 1372 820 68.
1393 789 1435 800 -
1454 751 1522 816 Val.

359 871 390 944 8,
417 869 446 930 7.
469 864 566 930 Dion.
591 863 615 938 I,
641 861 839 929 tt-Val,
863 861 933 936 IIII,
957 861 988 935 3,
1013 861 1044 926 4.
1068 860 1166 926 Dion.
1191 859 1249 936 Vl,
1274 863 1341 942 94).
1387 860 1521 926 ADiodt

359 974 470 1041 Siculo
496 969 583 1052 (XV,
608 971 664 1050 87)
689 968 843 1034 Valerius
856 967 910 1042 ΠΙ,
930 970 961 1042 2,
974 979 1035 1033 ext.
1053 968 1232 1034 tultimum
1249 968 1327 1034 illud
1337 969 1521 1055 Epaminon(

359 1083 492 1154 dictum,
521 1078 615 1142 ortos
644 1097 774 1158 quoque,
803 1097 865 1140 aoa
893 1083 993 1140 tornea
1021 1079 1088 1140 riae
1116 1077 1224 1140 liberio
1250 1080 1369 1142 monor
1397 1089 1426 1138 et
1452 1099 1517 1162 q.s

360 1189 529 1274 accepisse
554 1183 697 1258 uidetur,
722 1184 811 1270 quod
832 1183 887 1250 hic
911 1207 929 1246 e
953 1183 1100 1248 credibili
1123 1196 1154 1247 et
1176 1205 1255 1250 uero
1278 1207 1386 1250 rerum
1407 1205 1486 1248 nean
1506 1206 1522 1245 u

359 1296 461 1360 lenter
485 1303 667 1377 exemptum
691 1291 772 1356 satis
796 1292 930 1356 ridicule
955 1315 1028 1358 cum
1053 1293 1127 1358 aliis
1150 1294 1318 1357 morientis
1338 1293 1522 1380 Epaminon(

359 1400 469 1466 uerbis
499 1402 686 1466 conectitur.
748 1400 790 1464 Et
818 1403 936 1465 certior
959 1403 1057 1467 etiam
1082 1402 1225 1466 affinitas
1244 1414 1294 1464 est
1309 1403 1391 1468 inter
1405 1399 1521 1464 Diodor

361 1532 430 1576 exc.
454 1506 562 1573 Vatic.
589 1530 641 1594 ap.
665 1507 743 1572 Mai.
774 1507 845 1572 coll.
869 1507 900 1571 ll
923 1532 951 1571 c.
975 1509 1017 1574 23
1041 1531 1073 1594 p.
1098 1510 1141 1574 20
1164 1519 1195 1571 et
1218 1507 1294 1572 Val.
1317 1509 1375 1584 IX,
1400 1508 1453 1582 12,
1472 1491 1522 1570 'ext

360 1628 392 1679 et
418 1618 473 1682 10:
496 1637 602 1704 neque
628 1617 713 1680 euim
730 1613 884 1680 Valerius
908 1614 941 1679 h.
959 1615 991 1689 l.,
1017 1638 1088 1680 cum
1114 1616 1270 1680 scriberet
1298 1615 1339 1680 de
1362 1617 1479 1681 Milone
1503 1617 1522 1680 C

360 1721 482 1791 touiate
514 1735 544 1787 et
573 1723 612 1786 do
645 1721 828 1808 Polydama
857 1721 996 1795 athleta,
1033 1723 1150 1810 quibus
1185 1725 1289 1788 nimia
1322 1726 1439 1789 uirium
1465 1724 1521 1786 fidu

360 1833 475 1897 mortis
500 1851 603 1895 causa
627 1830 735 1902 extitit,
765 1830 895 1893 fortuito
918 1830 954 1892 in
976 1829 1115 1896 eandem
1140 1832 1334 1895 sententiam
1357 1831 1467 1895 incidit
1488 1844 1521 1893 at

360 1937 537 2010 Diodorus,
562 1937 671 2002 nimiis
696 1936 918 2000 membrorum
939 1935 1064 2000 uiribus
1095 1935 1275 2001 hebescere
1307 1940 1408 2002 animi
1429 1938 1521 2024 uigor

449 2043 653 2108 Recentioris
677 2042 834 2109 historiae
860 2056 1066 2106 enarratores
1089 2042 1321 2120 Posidonium,
1344 2044 1470 2119 Iubam,
1494 2047 1518 2108 S

360 2153 481 2218 bouem
504 2150 598 2226 alios,
623 2151 778 2237 quoniam
802 2171 914 2214 eorum
946 2149 1035 2214 nulla
1063 2163 1172 2214 extant
1200 2163 1255 2217 aut
1283 2153 1422 2218 indicari
1449 2175 1522 2238 poss

360 2259 512 2345 uestigia,
549 2258 676 2322 silentio
709 2258 885 2342 praeterire
916 2256 1022 2321 liceat.
1081 2257 1168 2323 Nam
1197 2259 1430 2346 Theophanem
1461 2259 1522 2343 biit⁸

360 2387 489 2440 uaeum,
514 2366 655 2432 amicum
680 2363 738 2428 Cn.
762 2364 914 2450 Pompeii
936 2364 1063 2451 Magni,
1088 2367 1181 2430 cuius
1212 2389 1267 2431 res
1291 2380 1405 2454 gestas
1430 2369 1522 2454 singu

359 2473 467 2540 libello
482 2473 711 2546 celebrauerat‚
736 2475 1004 2538 commemorauit
1027 2473 1159 2561 quidem
1171 2472 1335 2550 Valerius
1360 2475 1436 2538 dicit
1449 2497 1522 2538 nam

363 2597 437 2642 eum
460 2602 480 2643 a
503 2579 661 2666 Pompeio
686 2591 817 2664 propter
846 2578 909 2654 has
940 2602 1037 2644 curas
1068 2582 1197 2644 ciuitate
1226 2603 1300 2646 esse
1324 2580 1522 2647 donatuml

364 2685 416 2759 14,
429 2683 460 2760 3,
472 2686 547 2771 ipsa
559 2710 636 2752 uero
651 2686 773 2770 scripta
789 2710 856 2751 non
871 2687 999 2752 uidetur
1015 2689 1050 2753 in
1064 2708 1160 2755 usum
1177 2712 1273 2755 suruu
1286 2692 1498 2756 conuertisse.

362 2793 479 2857 tauerit
501 2792 618 2879 aliquis
642 2791 771 2857 Nicolai
787 2792 1001 2869 Damasceni,
1025 2795 1214 2884 philosophi
1236 2812 1268 2862 et
1286 2821 1396 2865 rerum
1412 2800 1521 2884 script«

362 2901 582 2967 testimonium
604 2901 639 2963 iu
661 2900 816 2965 Romana
837 2900 976 2967 historia
999 2926 1020 2967 a
1043 2901 1178 2970 Valerio
1203 2928 1278 2970 esse
1302 2906 1495 2982 adhibitum,

361 3009 391 3073 is
416 3006 456 3074 de
479 3007 608 3071 interitu
631 3004 784 3081 Porciae,
808 3006 853 3071 M.
880 3009 1013 3074 Catonis
1038 3011 1140 3088 filiae,
1164 3013 1209 3077 M.
1232 3014 1324 3079 Bruti
1346 3018 1477 3090 uxoris,
1503 3039 1521 3077 a

362 3136 401 3181 ac
424 3114 524 3200 uulgo
549 3112 740 3179 credebatur
763 3130 794 3181 et
816 3134 1020 3208 repugnante
1044 3121 1185 3207 epistula
1208 3121 1351 3209 quadam
1374 3124 1482 3210 ipsius
1503 3120 1521 3185 l

363 3221 558 3287 nuntiauerit
586 3240 660 3284 eam
691 3222 882 3313 interempto
914 3232 1031 3293 marito
1049 3229 1201 3293 ardentes
1226 3229 1407 3295 deuorasse
1432 3230 1521 3295 carin

362 3340 564 3429 mortemque
587 3330 633 3392 ita
657 3328 720 3393 sibi
740 3333 847 3418 ipsam
866 3338 1080 3409 consciuisse,
1105 3359 1243 3424 cumque
1268 3340 1338 3401 eius
1362 3339 1488 3411 famae,
1513 3362 1521 3400 ‹

364 3458 444 3503 saue
467 3436 702 3523 posterioribus
719 3439 849 3506 demum
874 3443 1071 3528 temporibus
1094 3443 1191 3509 latius
1216 3446 1368 3533 dispersa
1390 3444 1495 3525 fuit’),

362 3543 495 3611 tarchus
520 3546 622 3625 (Brut.
642 3546 697 3629 53)
723 3559 851 3633 praeter
871 3548 1042 3615 Nicolaum
1060 3550 1092 3614 V
1094 3551 1293 3641 aleriumque
1305 3553 1491 3619 Maximum
1518 3576 1521 3604 t·

364 3654 400 3728 6.
431 3652 464 3733 5)
489 3652 572 3717 alios
597 3665 747 3719 auctores
771 3678 838 3721 non
861 3658 998 3721 nouerit.
1049 3657 1093 3722 At
1123 3658 1205 3725 mihi
1236 3661 1366 3748 quidem
1392 3660 1500 3726 multo

362 3758 503 3835 habilius
543 3773 593 3824 est
631 3773 800 3850 utrumque
836 3764 954 3829 eadem
988 3763 1143 3831 hausisse
1174 3790 1192 3831 e
1224 3771 1388 3832 communi
1421 3771 1516 3833 sonte

362 3866 475 3952 ignoto
498 3864 672 3933 Plutarcho
703 3882 757 3933 aut
780 3872 930 3959 neglecto
962 3872 1004 3935 ab
1038 3896 1093 3948 ee,
1122 3875 1178 3960 qui
1206 3873 1331 3938 Latinis
1360 3874 1482 3941 litteris
1515 3905 1520 3933 ι

362 3995 479 4059 parum
501 3974 642 4039 imbutus
668 3988 746 4050 erat,
772 3998 871 4063 quam
895 3979 1031 4045 alterum
1054 4001 1095 4044 ex
1118 3980 1219 4045 altero
1242 3982 1397 4067 pendere.

453 4080 610 4167 Superest
632 4094 666 4145 ut
689 4085 883 4169 peregrinae
896 4108 1023 4174 quoquc
1043 4088 1199 4155 historiae
1220 4092 1418 4177 praecipuos
1446 4113 1520 4156 auct

363 4188 566 4275 fructumque
591 4208 635 4252 ‚ex
659 4188 710 4254 his
740 4214 761 4255 a
788 4189 923 4257 Valerio
951 4208 1140 4281 perceptum
1170 4211 1424 4283 perscrutemur.
1476 4202 1520 4266 Vr

364 4316 439 4361 cum
460 4298 619 4361 maiorem
646 4298 714 4360 fere
747 4319 830 4385 quae
854 4297 918 4363 huc
947 4304 1108 4388 pertinent
1138 4327 1245 4369 rerum
1273 4319 1417 4393 partem,
1450 4321 1487 4373 ut

362 4404 505 4469 maxime
527 4404 561 4467 in
584 4405 766 4492 propinquo
792 4406 872 4470 sitos
902 4408 1009 4474 fontes
1038 4410 1146 4487 adire,
1176 4435 1243 4478 non
1271 4435 1289 4476 e
1321 4416 1465 4482 Graecis
1502 4442 1520 4481 s

362 4508 489 4576 Latinis
513 4510 665 4597 operibus
689 4513 826 4597 petierit,
851 4533 891 4579 ex
907 4536 970 4601 quo
987 4537 1118 4604 genere,
1143 4522 1299 4606 quoniam
1316 4524 1423 4588 multa
1449 4546 1519 4592 exe:

430 4739 456 4807 ¹)
476 4743 513 4795 Cf.
532 4742 648 4796 Martial.
666 4744 686 4805 1,
705 4740 749 4797 43.
767 4742 835 4811 App.
856 4747 906 4798 cin.
924 4748 979 4810 1111,
1001 4746 1059 4804 ltu
1078 4752 1128 4804 Dio
1148 4754 1226 4808 Cass.
1242 4755 1302 4816 XI..
1321 4750 1365 4810 49.
1384 4754 1519 4811 Zonar.)
