3409 5400
1442 519 1483 583 ll

257 687 368 756 utatis
393 683 565 771 diligenter
587 683 751 760 omnibns,
776 704 861 772 quae
883 704 997 751 eorum
1020 684 1280 756 aestimationem
1311 691 1423 781 aliqua
1445 713 1486 758 ex

257 805 351 886 parte
373 794 568 860 imminuere
597 793 789 880 potuissent.
839 791 976 860 Brutum
1003 807 1117 860 contra
1147 807 1180 860 et
1201 797 1370 875 Cassium,
1402 802 1485 868 Gae-

258 904 347 972 saris
377 921 611 989 percussores,
644 913 773 988 praeter
804 915 935 970 omnem
963 902 1099 968 modum
1129 926 1168 969 ac
1190 907 1297 973 anem
1326 911 1484 976 conuiciis

255 1014 391 1086 lacerat,
416 1021 447 1074 et
470 1008 654 1097 siquando
679 1012 832 1099 agnoscit
855 1013 1025 1099 egregium
1056 1031 1169 1078 eorum
1196 1015 1360 1094 animum,
1391 1039 1484 1084 num-

258 1140 359 1210 quam
383 1130 493 1184 tamen
527 1117 657 1204 ‘publici
679 1118 847 1205 parricidii
875 1116 1121 1204 praefationem'
1164 1122 1376 1190 omittendam
1400 1125 1485 1190 arbi-

258 1239 360 1295 tratur
370 1226 403 1306 ¹).
448 1223 525 1291 Non
548 1245 622 1290 siun
645 1226 779 1290 nescius
803 1225 883 1291 talia
912 1228 1062 1292 conuicia
1087 1238 1163 1292 tunc
1186 1233 1342 1317 temporis
1365 1233 1401 1297 in
1422 1254 1487 1298 usu

258 1337 362 1401 fuisse
386 1333 523 1399 Romae.
574 1331 754 1399 Latronum
778 1343 809 1398 et
830 1335 1067 1420 parricidarum
1097 1347 1176 1402 nota
1197 1337 1302 1406 fuisse
1325 1341 1487 1407 uocabula

258 1447 294 1510 in
317 1441 535 1529 designandis
558 1440 622 1508 illis
645 1442 726 1508 uiris
749 1443 897 1508 oratione
920 1443 955 1506 in
978 1451 1094 1506 senatu
1116 1440 1230 1509 habita
1252 1447 1393 1515 obiectat
1408 1449 1494 1526 Ore,

257 1551 380 1618 mutius
405 1547 583 1630 Cordus2),
607 1550 699 1615 cuius
723 1552 827 1638 ipsius
852 1550 1035 1637 exemplum
1058 1553 1140 1616 satis
1164 1573 1327 1640 superque
1351 1555 1486 1621 demon-

259 1670 342 1728 strat
365 1667 565 1746 quantopere
587 1657 684 1722 fuerit
699 1658 920 1744 periculosrun
933 1658 1090 1724 laudasse
1113 1656 1159 1723 M.
1177 1658 1326 1735 Brutum
1351 1661 1387 1726 Ο.
1404 1662 1486 1728 Gas·
1595 1653 1602 1660 ⁸

259 1769 347 1836 sium
358 1765 506 1833 ultimum
518 1764 743 1832 Romanorum
757 1767 890 1832 dixisse.
925 1765 1012 1848 Quid
1026 1766 1166 1852 quodne
1178 1770 1343 1856 imagines
1355 1769 1487 1857 quidem

259 1897 373 1942 eorum
396 1885 563 1962 tamquam
580 1874 707 1960 publice
723 1875 906 1941 maiestatis
923 1874 1151 1940 damnatorum
1174 1877 1208 1941 in
1222 1899 1346 1964 pompa
1360 1877 1488 1943 funebri

260 1983 372 2052 lunias
396 1985 486 2070 genti
509 1983 707 2050 celebranda
730 1982 1009 2057 anteferebam,
1035 2003 1077 2047 ne
1109 1981 1221 2070 aliqua
1250 2005 1291 2049 ex
1312 1995 1404 2072 parte
1426 1983 1487 2050 bo·

260 2092 399 2158 noritioa
414 2111 527 2156 eorum
542 2093 704 2156 memoria
719 2091 900 2156 offenderet
913 2088 1154 2178 principcmib
1174 2091 1267 2180 'Ergo
1287 2093 1487 2180 temporibus

261 2200 452 2264 necessario
474 2197 721 2264 inseruiendum
744 2209 823 2262 erat.
869 2197 913 2264 At
934 2220 1003 2264 una
1018 2199 1102 2264 haec
1117 2219 1201 2285 quae
1220 2202 1359 2284 proferri
1381 2209 1489 2287 potest

262 2307 428 2374 excusatio
453 2325 551 2393 quam
582 2325 699 2393 parum
729 2305 832 2380 ualet,
862 2307 892 2372 si
919 2308 1098 2392 praecipua
1125 2308 1282 2391 temporis
1310 2309 1391 2371 uitia
1420 2327 1488 2371 non

261 2413 542 2480 inconsideranter
566 2423 703 2500 accepta
725 2412 785 2478 sed
808 2412 976 2486 consulto,
1004 2433 1112 2498 paene
1136 2413 1272 2478 dixerim
1295 2413 1411 2498 cupide
1435 2433 1488 2476 ar·

262 2533 356 2608 repta
377 2532 408 2586 et
430 2531 616 2609 propagata
639 2522 820 2596 cernimus.
844 2521 932 2584 unde
953 2522 1020 2584 iam
1044 2521 1179 2606 propria
1202 2531 1234 2585 et
1254 2518 1430 2606 peculiaris
1453 2519 1489 2583 lit

264 2627 349 2694 haec
370 2631 526 2716 prauitas.
574 2627 639 2711 Qui
661 2629 754 2696 fortis
771 2629 956 2717 sincerique
980 2628 1083 2692 animi
1105 2627 1252 2692 delectus
1274 2649 1314 2693 eo
1339 2629 1488 2693 acerbius

263 2738 398 2803 sentitur
421 2758 486 2825 quo
513 2736 747 2803 inexorabilius
777 2738 894 2803 eadem
924 2737 1016 2802 uitia*
1033 2738 1067 2801 in
1097 2736 1171 2803 aliis
1202 2737 1392 2826 castigauit‚
1423 2758 1488 2825 quo

262 2846 435 2913 uerbosius
451 2846 486 2909 in
501 2844 575 2912 aliis
592 2846 727 2911 uirtutes
744 2845 896 2920 celebrat,
919 2866 1058 2933 quarum
1073 2847 1145 2932 ipse
1159 2846 1311 2912 laudator
1328 2856 1359 2909 et
1369 2866 1489 2910 suasor

264 2976 363 3043 quam
401 2954 544 3019 imitator
579 2974 655 3017 esse
688 2953 812 3019 maluit.
877 2952 1094 3019 Adulationes
1129 2966 1238 3019 autem
1272 2957 1370 3027 istas,
1406 2972 1489 3039 quae

262 3064 403 3129 mardme
445 3059 664 3125 dehonestant
697 3058 879 3136 hominem,
922 3063 953 3126 si
980 3083 1055 3125 eum
1086 3063 1207 3127 misere
1235 3083 1347 3128 coram
1375 3072 1488 3148 poten·

262 3170 348 3235 tibus
372 3168 536 3235 abiectum
559 3167 713 3234 delectari
729 3167 973 3255 quodammodo
988 3171 1066 3255 ipsa
1079 3168 1136 3234 illa
1150 3168 1332 3235 humilitate
1355 3170 1488 3233 demon-

264 3289 384 3352 strant,
409 3288 441 3341 et
462 3276 548 3343 hanc
572 3297 702 3364 quoque
725 3278 871 3361 speciem
901 3276 1063 3341 interdurn
1092 3278 1251 3363 praebent
1278 3274 1489 3349 valerianae,

264 3406 363 3473 quam
394 3383 490 3451 facile
520 3384 591 3449 sine
621 3384 689 3451 ulla
719 3382 904 3449 offensione
939 3384 1063 3448 euitare
1092 3386 1268 3470 potuisset,
1304 3406 1379 3450 cum
1408 3403 1489 3448 suae

264 3494 381 3559 aetatis
405 3491 633 3577 contemplatio
658 3502 713 3557 aut
735 3513 803 3557 non
824 3492 1016 3557 necessaria
1039 3502 1095 3556 aut
1115 3492 1226 3556 aliena
1247 3493 1346 3555 etiam
1369 3512 1391 3554 a
1412 3510 1489 3552 con·

264 3600 338 3666 silio
365 3600 470 3674 fuerit,
502 3622 566 3687 quo
588 3620 656 3665 non
685 3622 776 3665 noua
798 3600 926 3664 tradere
950 3598 1011 3662 sed
1033 3598 1152 3663 tradita
1182 3597 1225 3662 ab
1253 3594 1489 3683 antiquioribus

264 3707 477 3793 scriptoribus
500 3706 623 3794 eligere
653 3718 683 3772 et
710 3708 755 3773 ad
778 3728 853 3771 eum
875 3726 974 3794 quem
1005 3704 1145 3769 diximus
1168 3726 1265 3769 usum
1294 3721 1489 3789 componere

265 3817 374 3883 animo
397 3824 622 3901 proposuerat.

355 3920 427 4002 Quo
451 3920 644 3986 assentandi
660 3920 768 3987 studio
791 3921 943 3986 inductus
966 3920 1044 3985 dum
1068 3919 1273 4008 aliquotiens,
1297 3924 1491 4009 praesertim

264 4032 299 4095 in
326 4027 515 4117 effingendo
547 4040 633 4095 statu
662 4030 802 4095 ciuitatis
834 4028 896 4093 sub
913 4028 1047 4093 ¹Tiberii
1074 4030 1213 4115 imperio
1242 4031 1352 4117 magis
1382 4030 1490 4094 indies

265 4136 462 4203 tabescentis
486 4160 508 4201 a
531 4158 609 4201 uero
632 4136 781 4213 discedit,
805 4137 1003 4223 saepissime
1025 4134 1090 4201 alio
1115 4136 1192 4200 uitio
1216 4138 1360 4223 corrupit
1386 4135 1489 4201 histo·

263 4246 357 4317 nam.
381 4244 570 4329 ignorantia
591 4254 623 4307 et
644 4244 730 4311 mira
751 4267 888 4332 prorsus
904 4244 1033 4309 leuitate
1048 4247 1083 4314 ln
1099 4243 1323 4308 exscribendis
1345 4255 1490 4309 ueterum

264 4360 434 4417 auctorum
458 4372 540 4438 quos
564 4354 739 4439 primarios
764 4352 865 4418 duces
889 4352 953 4417 sibi
976 4352 1075 4440 elegit
1097 4350 1262 4437 operibus.

263 4540 477 4551 ——u—n-

328 4655 355 4761 p
372 4656 394 4716 r,
413 4653 439 4717 a,
459 4654 474 4707 r
491 4658 521 4741 a
538 4653 564 4708 s.
594 4657 615 4716 r,
633 4652 659 4717 o,
681 4654 721 4709 rs.
751 4660 771 4717 r,
792 4652 817 4719 r,
836 4654 862 4709 s.
892 4659 914 4719 r,
932 4652 958 4718 s,
977 4653 1002 4708 s.
1031 4656 1088 4717 rm,
1107 4651 1133 4716 e,
1152 4650 1178 4708 e.
1206 4655 1250 4714 vr,
1269 4650 1295 4715 r,
1313 4649 1339 4705 a
1359 4654 1419 4704 aa

330 4728 357 4867 t
375 4730 416 4853 tt
433 4728 519 4853 tet
536 4728 600 4853 tr.
613 4725 736 4861 utt-
