3409 5400
382 529 426 595 32

383 693 578 778 expugnatis
599 685 695 754 Veiis
710 686 854 752 Romam
875 685 1070 751 translatam
1085 705 1161 750 esse
1179 687 1335 760 narrauit,
1357 687 1500 774 templum

382 802 480 864 etiam
504 809 579 864 tunc
601 800 637 862 in
657 809 769 862 monte
793 795 957 861 Auentino
981 795 1129 881 conspici
1151 795 1266 870 refert,
1296 818 1373 861 cum
1392 809 1493 862 tamen
1514 825 1518 855 t

382 921 445 974 stet
474 908 625 996 Reginae
654 904 789 971 Iunonis
824 905 1035 970 simulacrum
1069 926 1092 968 a
1118 903 1257 968 Camillo
1288 902 1383 969 Veiis
1410 928 1518 970 arcess'

380 1021 478 1106 inque
502 1037 542 1080 eo
565 1025 675 1080 monte
699 1013 893 1078 collocatum
916 1034 1007 1086 esse,
1037 1010 1172 1076 Iunonis
1200 1035 1281 1078 uero
1309 1010 1454 1081 Monetae
1482 1039 1518 1081 ae

379 1139 497 1213 postca
520 1122 660 1188 eundem
684 1121 857 1188 Camillum
879 1121 1055 1186 dedicasse
1084 1122 1119 1184 in
1143 1120 1327 1208 Capitolino
1356 1123 1457 1188 colle‘l
1499 1124 1518 1206 ξ

380 1235 525 1319 inquam,
550 1230 638 1318 quod
661 1251 703 1294 ne
727 1241 793 1293 tum
817 1230 949 1317 quidem
971 1232 1163 1316 turpissima
1184 1229 1241 1294 illa
1263 1231 1467 1318 neglegentia
1488 1255 1518 1296 ar

381 1343 452 1404 cius
475 1339 633 1412 occurrit,
658 1361 731 1403 etun
765 1336 900 1403 Iunonis
930 1337 1084 1404 Monetae
1114 1337 1285 1424 templum,
1320 1339 1405 1426 quod
1434 1361 1518 1426 supra

379 1447 543 1513 Auentino
568 1469 605 1510 se
629 1447 754 1512 uidisse
776 1445 948 1512 retuderat.
970 1449 1006 1511 in
1029 1445 1190 1532 Capitolio
1220 1448 1310 1510 cerni
1341 1448 1517 1512 affirmabat

380 1557 411 1630 3,
439 1553 483 1620 1⁶?
527 1555 597 1619 Nec
620 1555 729 1618 minus
754 1554 968 1641 neglegenter
990 1553 1023 1628 1,
1048 1556 1086 1628 7,
1117 1553 1137 1619 5
1169 1554 1286 1618 aedem
1307 1553 1396 1620 Iouis
1417 1555 1518 1620 Maria

379 1665 491 1752 lingit,
517 1665 552 1727 in
576 1685 642 1749 qua
664 1675 799 1726 senatus
828 1662 870 1725 de
898 1662 1088 1726 reuocando
1117 1661 1209 1726 exule
1234 1661 1391 1727 Cicerone
1413 1663 1518 1727 decret

379 1773 459 1859 quia
481 1793 548 1835 non
571 1770 663 1836 libuit
686 1771 849 1856 inquirere
881 1791 1045 1855 quaenam
1073 1770 1192 1834 firerint
1220 1784 1430 1836 monumenta
1450 1771 1518 1835 Mar

380 1889 637 1942 commemorata
660 1900 681 1940 a
705 1877 772 1941 Cic.
796 1875 812 1940 I
834 1877 875 1940 de
899 1876 966 1942 diu.
990 1877 1044 1952 28,
1068 1877 1122 1942 59.
1174 1879 1284 1956 Adeo,
1314 1883 1345 1945 si
1367 1879 1518 1967 quando*

378 1987 570 2072 primarium
591 1985 715 2048 fontem
738 1985 956 2071 progreditur,
979 1985 1122 2049 lubricos
1145 1986 1271 2074 gradus
1294 1989 1395 2074 ponit.

466 2091 536 2157 Iam
558 2091 645 2156 salso
660 2089 815 2156 Valerius
832 2113 853 2156 a
867 2090 1038 2157 Publicola
1059 2094 1201 2158 fascium
1215 2115 1385 2159 nnmerum
1401 2095 1518 2158 immin

379 2223 453 2267 esse
478 2200 556 2265 dicit
578 2197 647 2273 ΗΠ,
674 2201 702 2274 l,
729 2201 765 2274 l,
797 2221 871 2264 cum
902 2201 1037 2264 omnino
1066 2222 1245 2288 numquam
1266 2202 1377 2288 plures
1401 2223 1499 2290 quam

378 2307 484 2373 decim
507 2309 636 2373 fuerint.
681 2305 793 2393 Inepte
817 2305 906 2381 VIII,
932 2307 983 2382 15,
1009 2309 1050 2373 ll
1066 2306 1202 2373 Publius
1218 2321 1249 2373 et
1268 2310 1401 2376 Gnaeus
1417 2310 1518 2395 Scipi<

377 2417 432 2504 qui
453 2417 622 2505 insignem
644 2414 734 2479 illam
758 2413 886 2480 cladem
909 2416 943 2478 in
965 2413 1130 2501 Hispania
1156 2417 1198 2481 ab
1220 2415 1428 2483 Hasdrubale
1454 2439 1518 2503 per]

377 2537 469 2598 sunt,
501 2523 543 2588 ab
567 2521 751 2588 Hannibale
775 2524 854 2587 uicti
880 2535 1043 2609 putantur.
1096 2523 1161 2598 IX,
1193 2525 1228 2598 3,
1260 2525 1280 2590 5
1310 2526 1351 2589 de
1378 2525 1518 2590 Romam

376 2629 521 2715 peditatu
542 2629 717 2694 reserenda
739 2630 922 2694 referuntur
945 2630 986 2694 de
1010 2631 1164 2718 equitatu.
1214 2630 1349 2699 Fallitur
1371 2632 1419 2708 Π,
1449 2634 1487 2700 8.

377 2758 489 2809 causa,
513 2756 570 2799 cur
593 2734 749 2801 Marcello
772 2737 955 2825 triumphus
979 2740 1022 2803 sit
1042 2753 1194 2828 negatus.
1239 2740 1294 2816 III,
1319 2742 1349 2817 7,
1373 2742 1394 2807 6
1418 2741 1518 2806 Garbe

377 2842 568 2907 damnatum
590 2855 622 2907 et
649 2846 683 2907 in
713 2843 843 2909 exilium
873 2846 1013 2911 missum
1037 2848 1165 2921 scribit,
1197 2850 1254 2935 qui
1282 2846 1471 2915 uoluntaria
1500 2870 1518 2912 n

375 2948 495 3015 iudicio
520 2972 557 3013 se
582 2950 749 3023 subtraxit,
774 2962 805 3014 et
826 2950 925 3037 paulo
948 2965 1024 3040 post
1052 2962 1082 3029 ς.
1105 2954 1127 3019 8
1150 2954 1196 3018 Μ.
1220 2956 1382 3022 Scaurum
1412 2979 1514 3022 accus

376 3057 465 3145 quod
486 3059 660 3143 pecuniam
684 3080 704 3122 a
719 3056 908 3124 Mithridate
923 3061 1117 3146 accepisset,
1142 3084 1216 3128 cum
1231 3078 1363 3153 propter
1378 3066 1518 3151 suspicit

375 3162 417 3227 de
441 3166 611 3229 concitatis
637 3166 736 3229 sociis
760 3159 817 3231 illa
840 3168 988 3253 quaestio
1013 3184 1226 3235 exerceretur.
1277 3170 1427 3240 Ridicule
1459 3197 1518 3238 uer

374 3274 562 3339 narratione
586 3271 629 3337 ad
651 3272 772 3337 bellum
801 3274 995 3340 Africanum
1023 3289 1192 3362 spectante
1220 3278 1281 3355 III,
1304 3282 1342 3356 8,
1371 3284 1391 3346 7
1421 3294 1518 3347 centu

375 3379 505 3445 cuidam
528 3400 545 3443 e
563 3379 775 3446 Caesarianis
791 3382 833 3447 ab
851 3381 1052 3447 aduersariis
1077 3398 1231 3471 capto‘ea
1251 3388 1448 3454 condicione
1471 3411 1515 3452 ue

374 3510 395 3552 a
417 3488 590 3575 Scipione,
626 3488 685 3552 Cn.
709 3488 860 3577 Pompeii
883 3514 1018 3569 socero,
1052 3494 1196 3562 oblatam
1220 3516 1295 3560 esse
1319 3497 1472 3571 tradidit,
1509 3517 1518 3559 a

372 3594 523 3682 Pompeii
544 3596 680 3661 militem
702 3598 772 3661 fore
796 3599 1005 3666 affirmasset.
1051 3603 1151 3691 Atqui
1169 3607 1243 3691 ipae
1264 3604 1318 3669 ille
1334 3604 1518 3692 Pompeius

372 3702 508 3767 militem
523 3704 697 3771 conciliare
714 3705 865 3772 studebat
880 3708 1004 3796 Scipio,
1027 3712 1094 3776 iam
1118 3724 1184 3778 tum
1207 3714 1290 3777 inter
1313 3714 1411 3777 uiuos
1432 3734 1504 3778 non

372 3802 448 3870 Vno
473 3807 620 3894 exemplo
645 3810 712 3891 (ΠΙ,
736 3815 767 3887 4,
792 3814 825 3895 b)
856 3814 1075 3903 Perpernam,
1105 3818 1284 3885 Aristonici
1302 3810 1489 3886 uictorem,

372 3912 599 3999 triumphalem
616 3918 767 4003 appellat,
792 3934 866 3985 oum
890 3925 1024 3988 omnino
1047 3946 1226 4013 numquam
1241 3926 1445 4016 triumphurn
1469 3927 1517 3991 du

371 4030 561 4107 patremque
585 4023 655 4087 eius
678 4021 786 4110 Papia
806 4025 882 4113 lege
910 4041 1146 4113 postmortem
1175 4034 1232 4100 lilii
1255 4037 1450 4102 damnatum
1483 4059 1518 4101 sc

372 4125 461 4212 quod
483 4142 675 4216 arrogasset
690 4131 753 4195 sibi
769 4134 933 4199 ciuitatem
947 4134 1132 4204 Romanam
1156 4140 1238 4206 nihil
1253 4144 1297 4209 ad
1312 4166 1348 4209 se
1371 4146 1518 4231 pertinen

372 4254 456 4321 quae
486 4233 539 4300 lex
570 4248 601 4299 et
631 4250 736 4304 aetate
764 4238 864 4329 longe
894 4247 1077 4326 praecessit
1104 4246 1160 4312 lllii
1189 4250 1313 4317 obiam
1340 4272 1404 4317 nec
1434 4250 1518 4317 ualu

369 4344 562 4430 peregrinos
585 4342 713 4411 Italiam
734 4346 926 4413 incolentes.

444 4450 628 4515 Accedunt
658 4452 701 4517 ad
731 4452 814 4520 haee
845 4456 1030 4524 domestica
1059 4462 1161 4527 multa
1192 4480 1296 4553 aeque
1325 4479 1518 4554 praeposta:

370 4570 502 4625 externa
530 4556 669 4625 historia
695 4574 842 4648 peccata.
901 4563 940 4628 In
969 4584 1035 4654 qaa
1064 4571 1228 4653 pueriliter
1252 4596 1334 4640 sane
1360 4575 1486 4661 lapsus
1516 4635 1517 4638 ,

370 4678 430 4728 ext.
456 4668 496 4732 15
521 4668 763 4736 Aristomenem
786 4672 991 4739 Messeniam
1018 4696 1084 4740 non
1113 4703 1135 4745 a
1162 4679 1443 4748 Lacedaemoniis
1479 4706 1518 4747 se

368 4768 625 4841 Atheniensibus
649 4788 780 4863 captum
804 4783 1016 4870 occisumque
1040 4786 1212 4853 existimat.
1263 4787 1423 4856 confuda
1445 4790 1518 4857 Dat
