3409 5400
350 497 414 566 tte
814 489 1052 559 excresvs
1074 490 1101 559 1.

348 653 550 721 didascalice
572 650 693 724 fabulis
708 656 915 742 praemissae
938 651 1114 717 declarant
1160 649 1264 715 Hunc
1283 649 1502 718 Ambirrium
1522 671 1568 710 es·

349 784 448 850 quem
473 762 607 828 Catonis
631 763 773 828 censurii
797 767 843 840 (e.
867 760 958 840 570.)
981 756 1163 845 aequalem,
1185 765 1396 849 praecipua
1413 777 1488 824 me
1509 780 1568 842 pr*a

349 868 462 940 ditum,
485 867 598 934 laudnt
621 868 688 936 Gie.
711 869 744 933 in
769 867 839 934 Get.
856 867 934 933 mai.
961 866 1014 940 lt,
1038 864 1080 930 18
1103 886 1207 952 eoque
1225 867 1410 936 delectari
1434 866 1535 953 praee
1566 884 1567 915 1

350 987 381 1040 et
404 977 459 1063 qni
482 977 516 1042 in
539 977 645 1064 prima
668 997 772 1042 cauea
796 985 921 1060 spectet
943 973 1046 1058 etqui
1067 973 1102 1034 in
1116 972 1243 1051 ultima,
1267 977 1342 1040 sed
1360 977 1468 1042 illrun
1483 992 1562 1038 ms:-

350 1083 399 1150 Of.
425 1085 523 1148 etiam
546 1081 647 1150 Lucil.
672 1103 724 1170 ep.
748 1079 846 1148 Varr.
871 1081 911 1145 de
939 1080 1019 1165 ling.
1043 1077 1115 1141 Lat.
1142 1076 1220 1155 Vll,
1252 1081 1304 1147 30
1335 1106 1374 1170 p.
1412 1083 1482 1148 131
1512 1077 1539 1140 il

349 1187 471 1276 dialog.
501 1188 541 1252 de
571 1199 652 1255 orat.
681 1189 724 1254 20
753 1211 828 1254 cum
855 1187 960 1272 Lipsii
988 1185 1084 1251 notis.
1119 1185 1321 1272 Symmachi
1353 1191 1464 1276 epist.
1488 1183 1520 1248 l.

348 1293 439 1372 XIX,
462 1296 492 1363 2.
539 1293 636 1376 Quod
660 1297 689 1360 si
712 1315 825 1360 uerum
848 1306 909 1370 est,
934 1292 1036 1378 liquet
1056 1289 1143 1355 hunc
1166 1293 1371 1361 Ambiuium
1397 1294 1567 1359 hisnu-21

350 1403 391 1470 ab
409 1401 517 1491 Appio
537 1400 674 1472 claudio
697 1400 818 1488 impelli
841 1423 907 1466 non
930 1400 1078 1486 potuisse
1099 1409 1134 1462 ut
1147 1397 1303 1466 Herculis
1329 1425 1446 1467 saera
1469 1399 1547 1462 Pnt‘

349 1509 524 1576 imnillsria
552 1530 668 1574 seruos
698 1508 845 1596 publicos
874 1507 1055 1583 edoceret,
1072 1510 1191 1596 quippe
1220 1510 1278 1594 qui
1306 1521 1433 1573 aetate
1464 1527 1556 1569 teor„

350 1615 490 1704 amplius
521 1637 626 1682 onnes
662 1616 703 1680 ab
735 1614 842 1700 Appio
873 1614 1009 1679 Claudio
1041 1616 1146 1680 distet.
1201 1615 1353 1679 Extincti
1389 1617 1488 1678 enim

348 1723 467 1800 Potitii,
491 1725 520 1790 si
543 1722 638 1788 Liuio
662 1721 759 1786 iidem
783 1720 944 1786 habemus
968 1720 1039 1801 (lX,
1064 1722 1151 1799 tn),
1173 1720 1221 1784 Μ.
1244 1717 1393 1785 Valerio
1420 1721 1465 1786 P.
1489 1719 1554 1782 oe.

349 1829 539 1898 consulibus
564 1850 651 1894 anuo
676 1851 705 1894 n.
730 1850 760 1894 u.
786 1850 813 1893 c.
832 1827 907 1902 442,
932 1848 996 1913 quo
1021 1848 1107 1891 anno
1126 1826 1254 1912 Appius
1279 1826 1382 1891 solus
1407 1845 1567 1892 censure:

349 1935 498 2012 obtinuit;
533 1933 674 1998 Terentii
704 1943 812 1999 autem
841 1931 973 1998 fabulae
1002 1944 1095 1998 actae
1124 1943 1199 1998 sunt
1228 1932 1271 1996 ab
1303 1932 1476 1998 Ambitio
1505 1936 1568 1995 int-s.

349 2061 472 2108 anuum
496 2041 561 2108 588
585 2051 763 2106 stannum
787 2040 862 2107 594.

438 2147 477 2214 lit
501 2147 643 2214 Ambiuii
667 2145 798 2234 quidem
821 2148 940 2211 necin
963 2143 1143 2211 Valeriana
1172 2147 1242 2210 eius
1270 2148 1354 2211 facti
1380 2149 1556 2213 narrauoe.

349 2255 435 2322 unde
465 2277 561 2322 suem
590 2254 752 2340 excerpsit
774 2252 889 2328 Paris,
919 2273 1025 2338 neque
1056 2252 1098 2316 ab
1126 2252 1191 2316 alio
1220 2273 1337 2317 eorum
1371 2257 1564 2341 scriptore„

350 2363 405 2452 qui
429 2361 568 2430 eandem
590 2383 659 2428 rem
687 2360 877 2447 attigerunt,
906 2360 1028 2422 mentio
1056 2360 1193 2425 inicitur.
1240 2359 1338 2440 Quae
1370 2363 1406 2427 si
1436 2385 1512 2425 cum
1536 2362 1561 2420 iz»

349 2471 604 2556 comparaueris,
629 2489 713 2556 quae
737 2487 839 2550 supra
862 2465 902 2528 de
926 2464 1035 2528 uerbis
1059 2469 1144 2529 intro
1166 2487 1280 2530 onmem
1302 2471 1474 2533 interemit
1499 2467 1558 2531 ns}

349 2574 390 2641 de
414 2595 479 2642 uno
503 2575 658 2642 Ambiuio
682 2571 776 2640 dictis
800 2575 925 2650 monui,
952 2573 1049 2640 facile
1070 2571 1241 2658 intelleges
1263 2575 1373 2640 uerba
1397 2578 1555 2641 Ambiori<

348 2680 530 2749 histrionem
552 2704 619 2749 non
643 2704 719 2748 esse
736 2680 776 2745 eb
792 2679 891 2747 huius
916 2682 1077 2769 epitomae
1096 2691 1228 2746 auctore
1247 2682 1368 2769 posita,
1397 2683 1552 2766 deletis?¹

350 2791 398 2856 eis
422 2790 599 2878 legendum
627 2810 719 2865 esso,
749 2790 796 2854 ita
823 2798 859 2851 ut
885 2786 1016 2852 Paridis
1040 2788 1154 2853 relatio
1184 2810 1258 2853 cum
1280 2787 1475 2856 Valeriana
1498 2809 1553 2852 re:-

349 2906 455 2981 grunt,
480 2896 666 2959 Potitiorum
678 2895 842 2977 fomitiom
865 2895 1017 2959 Hercules
1037 2896 1125 2958 intro
1146 2916 1260 2959 ennom
1281 2897 1455 2963 interemit.

438 2998 480 3063 At
503 3001 558 3087 qui
581 2998 713 3065 tandem
737 3000 807 3065 fieri
822 3002 928 3087 potuit
950 3012 984 3065 ut
998 3001 1140 3065 Ambioii
1163 3005 1440 3070 commemoratio
1460 3003 1500 3067 ab
1518 3008 1549 3065 ‘re

349 3102 541 3195 terpolatore
563 3103 804 3171 intruderetur?
840 3106 948 3172 Credo
970 3128 1024 3173 me
1046 3106 1169 3172 habere
1199 3130 1282 3196 qnae
1311 3112 1397 3175 satis
1423 3108 1548 3198 probdi

346 3212 418 3279 liter
439 3212 670 3301 respondeam.
717 3213 861 3280 Causam
886 3212 1145 3300 interpolationis
1174 3214 1265 3280 haud
1294 3214 1392 3283 dubie
1426 3214 1546 3303 praee

346 3319 550 3409 praecedens
575 3318 758 3407 exemplum
787 3320 828 3385 de
855 3320 1024 3394 Varrone,
1054 3319 1142 3406 quod
1169 3321 1269 3386 multo
1301 3322 1546 3388 emendatiusis

347 3427 476 3493 Paridis
500 3427 695 3515 compendio
718 3438 815 3515 atque
838 3429 873 3493 in
896 3425 1086 3493 Valerianis
1108 3427 1276 3493 codicibus
1301 3429 1450 3505 traditur,
1471 3432 1511 3494 ita
1526 3443 1548 3487 s

345 3532 420 3599 illos
450 3554 489 3600 ex
516 3532 580 3599 hoe
610 3536 774 3623 corrigere
803 3532 945 3610 licuerit,
986 3533 1087 3597 Varro
1115 3550 1200 3600 eone.
1232 3538 1318 3618 oport
1346 3537 1473 3600 Omnes
1497 3553 1548 3599 ei!

348 3640 653 3723 Gorttopiniensidos
680 3641 850 3722 infeliciter
879 3643 1024 3725 eonflirit
1044 3643 1083 3705 ob
1108 3645 1191 3706 iram
1212 3643 1361 3723 Immonis,
1397 3647 1473 3726 quio
1496 3662 1549 3707 crs

345 3748 435 3813 ledor
452 3749 609 3813 circertser
625 3748 737 3811 aeditis
754 3749 863 3823 ederet,
885 3750 921 3812 in
937 3747 1026 3812 Iouis
1043 3755 1131 3813 temo
1146 3751 1281 3814 erimioe
1293 3748 1424 3833 formae
1438 3771 1549 3835 porra

345 3854 527 3918 histrionem
549 3855 590 3918 ml
611 3856 745 3920 eremos
767 3854 913 3919 terendos
934 3856 1135 3937 imposuerat.
1187 3855 1312 3922 Doctus
1334 3856 1434 3944 igitur
1458 3880 1551 3947 gram

345 3958 484 4023 metitus
519 3961 633 4027 nescio
668 3962 742 4049 quis
777 3972 809 4027 et
841 3962 982 4026 fortasse
1016 3964 1089 4048 ipse
1122 3964 1285 4048 epitomae
1320 3974 1433 4028 auctor
1467 3964 1550 4031 lulius

344 4062 456 4143 Paris,
486 4086 561 4131 cum
590 4088 726 4152 puerum
756 4065 968 4145 histrionem,
998 4092 1096 4157 quem
1124 4067 1279 4134 Valerius
1311 4092 1332 4134 a
1353 4068 1503 4135 Varrone
1527 4075 1551 4138 iu

344 4184 440 4240 tensa
466 4170 554 4239 louis
584 4174 628 4239 ad
657 4176 793 4241 exuuias
824 4173 983 4240 tenendas
1011 4177 1201 4263 impositum
1230 4197 1306 4243 esse
1342 4175 1488 4253 tradidit,
1519 4178 1550 4243 L

344 4280 535 4349 Ambiuium
564 4278 761 4368 Turpionem
792 4283 909 4360 fuisse,
938 4282 1185 4349 celeberrimum
1212 4282 1304 4349 illum
1334 4292 1485 4357 actorem,
1506 4301 1550 4350 aut

346 4391 533 4455 coniectura
555 4385 724 4477 colligeret
741 4400 805 4467 aut,
830 4389 918 4477 quod
931 4389 1012 4456 mihi
1027 4390 1160 4479 quidem
1176 4391 1248 4455 ueri
1265 4390 1405 4455 similius
1427 4392 1549 4457 uidetur.

345 4516 385 4561 ex
408 4497 589 4584 antiquiore
611 4498 700 4563 fonte
724 4497 955 4584 comperisset,
986 4499 1030 4564 ad
1052 4497 1154 4563 uerba
1170 4516 1307 4580 mmm
1329 4498 1502 4562 histrionem
1521 4502 1548 4563 in

344 4605 494 4689 margine
530 4604 653 4671 codicis
688 4604 843 4690 ascripsit
877 4603 964 4669 hanc
999 4617 1130 4682 notam,
1165 4604 1346 4669 Ammmcm
1375 4606 1544 4672 tiemonem.

346 4704 440 4789 Quae
468 4708 587 4775 deinde
615 4732 637 4777 a
662 4710 796 4783 librario
825 4710 970 4799 quodam
999 4714 1034 4779 in
1062 4710 1238 4781 uerborum
1264 4710 1413 4783 ordinem
1432 4726 1546 4801 recepta
