3409 5400
226 390 293 459 312
630 386 691 455 DE
713 378 1045 453 MODERATIONE.

225 549 349 639 populu
374 548 601 617 submittendo.
647 546 828 613 Numerum
852 566 982 632 quoque
1002 564 1116 607 eorum
1140 539 1276 605 dimidia
1299 546 1453 624 exparte

227 660 356 732 minuit,
391 657 474 721 ultro
503 658 562 743 Sp.
590 655 741 720 Lucretio
777 654 905 741 collega
934 650 1124 736 adsumpto,
1159 646 1341 733 adquam,
1377 646 1454 731 quia

228 766 334 829 maior
357 776 436 828 natu
460 773 538 838 erat,
562 765 705 850 priorem
728 764 838 827 fasces
861 758 1032 823 transferri
1054 756 1161 820 iussit.
1206 752 1333 840 Legem
1356 754 1453 816 etiam

230 870 369 934 comitiis
399 872 586 934 centuriatis
618 869 687 935 tulit
713 892 756 933 ne
785 869 858 956 quis
886 866 1101 951 magistratus
1130 862 1238 925 ciuem
1265 860 1454 925 Romanum

230 976 393 1040 aduersus
416 978 684 1061 prouocationem
706 976 882 1039 uerberare
911 982 967 1037 aut
996 989 1115 1034 necare
1139 967 1247 1032 uellet.
1291 964 1355 1040 Ita,
1388 986 1482 1052 quus

231 1082 370 1146 ciuitatis
401 1083 552 1147 condicio
581 1083 711 1147 liberior
743 1091 847 1155 esset,
882 1077 1055 1163 imperium
1087 1097 1184 1141 suum
1211 1072 1369 1161 paulatim
1397 1071 1454 1135 de·

130 1252 133 1259 ,
231 1188 356 1253 struxit.
403 1186 491 1269 Quid
514 1189 602 1275 quod
626 1189 726 1254 aedes
751 1210 831 1252 suas
856 1185 968 1257 diruit,
999 1185 1077 1271 quia
1099 1182 1278 1246 excelsiore
1299 1180 1373 1244 loco
1395 1200 1456 1265 po-

232 1298 314 1361 sitae
326 1297 430 1360 instar
449 1297 535 1359 arcis
548 1294 670 1361 habere
684 1290 902 1359 uidebantur?
915 1312 1026 1357 norme
1040 1299 1195 1376 quantum
1208 1289 1306 1354 domo
1322 1290 1456 1353 inferior

231 1410 357 1466 tantum
381 1401 487 1489 gloria
510 1404 659 1489 superior
683 1398 810 1465 euasit?

190 1504 222 1570 2.
322 1504 501 1572 Vix'iuuat
517 1507 607 1571 abire
631 1530 652 1573 a
667 1506 846 1581 Publicola,
870 1507 930 1572 sed
946 1505 1057 1570 uenire
1075 1503 1119 1568 ad
1136 1502 1266 1567 Furium
1284 1501 1457 1567 Camillum
1467 1523 1495 1568 to

232 1612 318 1681 libet.
367 1614 467 1678 Cuius
492 1624 559 1699 tam
586 1614 775 1680 moderatus
804 1636 844 1680 ex
865 1636 992 1701 magna
1019 1611 1204 1701 ignominia
1226 1612 1270 1675 ad
1293 1632 1458 1676 summum

231 1721 406 1807 imperium
423 1723 577 1785 transitus
601 1722 718 1796 suitur,
744 1744 818 1785 cum
835 1723 1039 1807 praesidium
1057 1704 1128 1781 eius
1146 1717 1236 1781 ciues
1259 1731 1357 1804 capta
1378 1718 1458 1781 urbe

235 1850 256 1893 a
280 1825 382 1890 Gallis
411 1826 543 1890 Ardeae
568 1828 727 1892 exulantis
757 1830 931 1913 petissent.
963 1850 1029 1893 non
1056 1827 1147 1912 prius
1171 1824 1276 1890 Veios
1306 1826 1349 1889 ad
1372 1825 1459 1889 acci·

234 1933 392 2020 piendum
421 1936 594 1998 exercitum
625 1936 686 1998 iret
714 1957 813 2020 quam
844 1935 885 1999 de
908 1936 1069 1999 dictatura
1092 1954 1153 1997 sua
1176 1933 1287 1997 omnia
1309 1931 1461 1996 sollemni

234 2042 305 2105 iure
329 2050 404 2104 acta
426 2040 638 2125 conperisset.
674 2041 873 2129 Magnificus
898 2041 1025 2107 Camilli
1041 2038 1245 2104 Veientanus
1268 2035 1461 2123 triumphus,
1471 2056 1498 2099 rs

237 2146 375 2233 egregia
399 2144 525 2210 Gallica
547 2147 701 2223 uictoria,
730 2148 790 2211 sed
819 2151 884 2213 ista
912 2149 1074 2212 cunctatio
1101 2146 1200 2232 longe
1228 2144 1460 2209 admirabilior.

236 2250 340 2316 Multo
364 2253 452 2317 enim
473 2252 638 2340 multoque
650 2316 652 2323 ,
663 2276 699 2317 se
719 2256 827 2339 ipsum
852 2276 952 2342 quam
968 2253 1097 2319 hostem
1115 2271 1272 2337 superare
1288 2252 1461 2338 operosius

237 2368 298 2431 est,
321 2380 382 2423 nec
406 2359 547 2425 aduersa
570 2382 793 2448 praepropera
808 2364 1013 2427 festinatione
1029 2360 1209 2447 fugientem
1228 2380 1290 2423 uec
1314 2356 1462 2423 secunda

239 2464 346 2531 effuso
369 2466 493 2552 gaudio
517 2466 825 2555 adprehendentem.

240 2766 267 2824 l.
290 2769 416 2834 populum
437 2768 470 2825 F.
484 2769 496 2842 ΙΙ
510 2769 536 2823 2.
556 2774 675 2824 diminuit
693 2769 748 2840 Fit
766 2773 856 2823 lutetio
874 2769 907 2824 A.
931 2769 994 2827 add.
1013 2790 1039 2826 u.
1065 2773 1175 2825 lucretio
1199 2786 1288 2838 merge
1309 2768 1342 2823 A.
1365 2770 1462 2822 lucetio
1517 2801 1519 2803 >

239 2835 273 2892 B.
289 2841 301 2906 ΙΙ
316 2841 389 2908 quia]
410 2845 455 2905 qui
475 2841 569 2915 0113.
588 2844 705 2908 priorum
725 2858 794 2896 corr.
813 2841 843 2895 Δ.
864 2846 968 2908 priores
986 2841 1046 2896 EF
1066 2848 1090 2895 et
1106 2857 1178 2906 cerr.
1200 2839 1229 2900 C.
1251 2839 1327 2894 Torr.
1343 2839 1357 2908 ΙΙ
1369 2841 1461 2906 etism]

240 2912 268 2962 ct
285 2907 314 2964 F.
324 2911 340 2979 ,Η
351 2909 376 2964 «l.
395 2929 522 2967 romanus
541 2915 573 2968 B.
586 2914 599 2982 ΙΙ
611 2911 635 2966 b.
654 2917 769 2966 ciuitatis
780 2915 909 2980 condicio]
930 2917 1023 2966 censio
1034 2916 1148 2965 ciuitatis
1162 2910 1191 2965 F.
1203 2910 1254 2979 118.
1274 2916 1353 2964 domo
1370 2927 1421 2964 om.
1433 2911 1462 2967 F.

279 2979 320 3035 10.
339 2984 389 3034 Vix
407 3011 441 3022 -κ
461 2984 527 3052 (ll.)
547 2986 637 3052 Cuius]
658 2987 730 3038 Furii
749 3001 852 3052 quoque
872 2987 976 3038 Camilli
989 2985 1021 3038 Γ.
1032 2986 1047 3054 ΙΙ
1061 2983 1101 3038 12.
1115 3002 1132 3036 a
1148 2985 1232 3034 Gallis
1250 2987 1317 3035 urbe
1334 2981 1462 3046 (marr.

283 3049 324 3106 13.
342 3052 449 3107 Ardeae
468 3056 612 3122 exulantis]
634 3064 694 3108 uate
712 3059 792 3122 capta
810 3055 841 3110 Γ.
861 3059 927 3108 arde
945 3058 1053 3108 ciuitate
1073 3057 1206 3108 exulantis
1225 3052 1281 3122 Eli
1301 3052 1342 3106 ii.
1367 3054 1410 3121 de]
1436 3056 1463 3104 iu

239 3121 304 3193 1).11
317 3121 358 3179 15.
377 3127 445 3195 iure]
465 3145 540 3179 more
557 3126 589 3181 F.
604 3123 615 3194 ii
630 3129 743 3179 ueianus
761 3126 792 3180 F.
805 3127 819 3194 ΙΙ
832 3125 874 3180 ib.
892 3130 947 3178 ista
964 3143 1013 3179 cat.
1032 3126 1061 3181 F.
1079 3127 1092 3194 ΙΙ
1109 3127 1241 3179 cunctatio
1264 3123 1322 3180 Ar.
1347 3127 1462 3178 cantatio

239 3193 275 3252 E.
293 3197 409 3250 cuutatio
427 3195 459 3252 F·
471 3197 485 3268 ΙΙ
498 3197 540 3253 17.
559 3202 693 3264 multoque
711 3214 761 3251 um.
780 3195 811 3251 Γ.
823 3199 837 3269 Η
849 3201 982 3264 operisius
999 3197 1029 3252 F.
1040 3198 1054 3268 ΙΙ
1068 3197 1109 3253 la
1127 3212 1244 3264 propera
1262 3193 1299 3250 Ε.

313 3481 426 3536 dimidia
444 3500 475 3536 cc
488 3488 570 3552 purte
587 3483 690 3545 minuit)
708 3485 832 3550 Explicat
843 3486 968 3536 Vorstius
986 3486 1060 3535 initio
1079 3484 1181 3534 Xlllill
1199 3485 1291 3535 fasces
1310 3484 1465 3535 consulibus

242 3557 472 3619 assumeremus,
492 3558 608 3624 singulis
629 3558 776 3606 duodecim.
819 3559 895 3616 Quae
914 3570 959 3607 res
982 3572 1040 3606 cum
1062 3556 1195 3606 inuidiosa
1212 3558 1348 3606 uideretur
1365 3556 1465 3620 populu

240 3625 378 3691 iamquam
397 3629 540 3692 duplicata,
560 3642 612 3678 uon
631 3629 718 3678 eiecta
736 3629 813 3694 regia
830 3629 978 3692 potestate.
1003 3628 1166 3678 Publicolam
1188 3628 1337 3676 instituisse
1355 3630 1384 3676 ut
1402 3628 1465 3678 duu-

241 3697 327 3746 dectm
351 3699 454 3750 tantum
478 3699 569 3750 fasces
593 3701 700 3758 essent,
726 3701 822 3760 quibus
848 3700 959 3750 alternis
977 3700 1116 3748 mensibus
1141 3698 1208 3750 alter
1227 3698 1321 3748 consul
1338 3699 1465 3754 uteretur,

239 3766 321 3829 idque
339 3769 491 3818 confirmari
514 3770 588 3832 putat
611 3769 734 3834 Dionysii
758 3771 784 3819 ct
808 3770 901 3820 Dionis
927 3771 1015 3819 Cassii
1040 3771 1205 3820 auctoritate.
1251 3769 1395 3830 inquibus
1413 3769 1467 3817 hou

242 3835 349 3898 quidem
367 3841 441 3888 recte
456 3841 528 3897 uidit,
549 3840 647 3890 Valerii
660 3842 745 3889 uerba
764 3840 841 3889 aliter
859 3841 979 3907 intellegi
996 3854 1049 3889 non
1067 3854 1165 3904 possm
1185 3841 1219 3890 de
1237 3840 1340 3903 reipsa
1359 3840 1466 3890 fallitur.

171 3938 176 3946 ·
240 3903 335 3966 Neque
354 3907 425 3956 enim
443 3924 569 3974 umquam
586 3911 689 3962 XXllll
708 3911 845 3960 consulum
865 3911 958 3959 fasces
977 3910 1062 3960 tuisse
1082 3911 1336 3967 declarntLiu11‚
1364 3906 1386 3968 l.
1406 3925 1466 3960 cum

242 3974 314 4023 dieat
333 3977 422 4025 omnia
440 3977 499 4028 iura
517 3981 658 4045 omniaque
676 3981 794 4046 insignia
813 3982 906 4046 regiae
921 3982 1062 4043 potestatis
1075 3982 1176 4045 primos
1190 3982 1316 4032 consules
1330 3983 1465 4039 tenuisser

240 4044 269 4094 id
278 4046 357 4095 modo
377 4048 483 4097 cautum
502 4063 565 4099 csse
584 4065 626 4108 uc,
647 4053 670 4100 si
690 4053 769 4100 ambo
789 4051 881 4100 tuscos
899 4052 1038 4110 haberent,
1058 4053 1208 4116 duplicatus
1220 4057 1307 4104 terror
1324 4053 1466 4103 uideretur.

239 4117 351 4166 Brutum
380 4119 541 4169 concedente
572 4121 678 4188 collega
702 4121 857 4185 (Tarquinio
888 4123 1030 4185 Collatino)
1058 4125 1175 4187 priorem
1206 4125 1297 4175 luscos
1328 4125 1466 4174 habuisse.

241 4188 405 4248 Quibuscum
424 4191 555 4240 consentit
573 4191 729 4255 Dionysius.
766 4192 859 4242 Diouis
878 4193 966 4243 Cassii
988 4209 1131 4255 quemnam
1150 4196 1238 4245 locum
1262 4196 1290 4245 in
1310 4198 1400 4245 mente
1418 4196 1466 4243 ha-

240 4259 329 4310 buerit
346 4259 470 4310 Vorstius
480 4263 611 4328 indagare
629 4277 682 4312 nou
701 4263 782 4327 potui.
819 4264 860 4313 ltu
879 4265 1015 4315 Valerium
1027 4266 1174 4316 Maximum
1192 4281 1288 4316 suero
1303 4267 1467 4316 discessisse

241 4331 363 4380 dicamus
382 4335 495 4396 oportet,
514 4333 612 4395 partim
630 4347 702 4382 notra
727 4336 917 4391 commentum.
945 4337 1041 4400 purtim
1065 4339 1099 4386 ud
1119 4337 1285 4387 Publicolam
1306 4337 1467 4388 referentem

241 4416 310 4466 quse
328 4403 402 4452 Bruti
422 4407 449 4453 et
466 4404 587 4454 Collatini
607 4407 691 4454 crant.
727 4405 826 4455 Nescio
844 4411 936 4456 temen
954 4423 989 4457 an
1015 4408 1135 4458 similiter
1159 4409 1290 4458 errauerit
1307 4409 1467 4458 Plutarchus

240 4471 260 4522 l.
288 4488 310 4520 c.
335 4476 544 4540 cum'populum
567 4477 748 4540 increpantem
774 4477 837 4526 tacit
861 4478 1041 4540 Publicolam,
1063 4481 1209 4551 μιμεῖσθαι
1231 4475 1393 4550 Ταρκύνιον,
1417 4473 1467 4532 ὑπὸ

243 4537 355 4610 ῥάβδοις
372 4541 445 4617 ὁμοῦ
460 4542 557 4606 πάσαις
572 4545 618 4600 aui
634 4548 749 4600 πελέκεσι
765 4545 885 4602 κατιόντα
902 4546 996 4621 μόνον.

311 4610 339 4667 2.
358 4616 396 4669 ut
414 4617 473 4671 Liu.
491 4619 524 4682 V,
543 4614 586 4674 tt.
604 4620 672 4674 Plut.
692 4621 765 4674 Cum.
783 4614 827 4674 24.
