3409 5400
293 439 358 506 ost
438 427 562 513 QVAE
587 427 757 512 CVIQVE
779 420 1024 490 MAGNIFICA
1048 417 1409 488 CONTIGERVNT.

250 596 283 660 2.
382 591 465 655 Tam
486 590 619 654 hercule
642 609 741 676 quam
765 586 858 650 curia
880 591 900 658 †
923 583 1103 668 superioris
1119 581 1260 645 Catonis
1288 581 1454 666 effigies
1482 580 1562 642 illia-

294 699 336 765 ad
361 699 454 762 cuius
479 698 611 783 generis
635 696 745 760 officia
768 690 977 775 expromitur.
1024 687 1158 751 Gratum
1182 685 1373 758 ordinem,
1415 687 1485 772 qui
1510 689 1561 744 ue

292 805 457 870 tissimum
479 803 528 865 rei
550 800 699 887 publicae
722 809 910 863 senatorem
926 803 1051 858 tantum
1074 815 1141 856 nou
1166 813 1309 876 semper
1335 812 1485 856 sec-um
1511 790 1558 852 ha

293 911 398 975 hilare
425 906 541 980 uoluit,
576 906 728 969 omnibus
757 901 902 966 numeris
930 899 1059 962 uirtutis
1089 898 1225 962 diuitem
1256 899 1476 984 magisque
1507 919 1553 958 so·

294 1017 409 1080 merito
436 1034 535 1099 quam
563 1011 714 1074 fortunae
742 1008 902 1074 beneficio
930 1025 1105 1090 magnum,
1134 1005 1230 1066 cuius
1262 1005 1373 1086 prius
1417 1001 1566 1064 cons&

296 1115 396 1207 quam
419 1117 584 1201 Scipionis
607 1117 744 1199 imperio
768 1112 875 1177 deleta
897 1110 1066 1195 Karthago
1090 1119 1147 1174 est.
1267 1095 1272 1104 ’

255 1224 286 1290 3.
384 1221 510 1286 Verum
525 1222 694 1307 specimen
707 1219 846 1283 honoris
870 1239 890 1280 a
905 1217 1059 1300 Scipione
1075 1235 1206 1299 quoque
1222 1213 1371 1277 Nasica
1392 1213 1551 1276 oborias.

802 1322 1014 1334 ---——

298 1381 323 1436 1.
341 1382 495 1434 mehercule
513 1377 545 1432 Γ.
568 1381 659 1430 hercle
680 1375 756 1430 Torr.
773 1375 787 1444 ΙΙ
804 1377 919 1444 effugies
943 1372 974 1426 F.
999 1365 1114 1441 effigiem
1138 1370 1168 1423 Γ.
1194 1372 1303 1438 effigiei
1332 1369 1427 1423 Tor-r.
1443 1372 1460 1436 ll
1479 1371 1550 1420 illim¹

298 1455 368 1506 unde
386 1451 423 1504 D.
441 1467 491 1503 om.
509 1447 621 1502 ETorr.
640 1447 696 1516 112.
715 1451 748 1498 ad
769 1447 855 1512 culus]
876 1461 925 1496 om.
947 1443 975 1496 C.
999 1447 1032 1494 ad
1052 1445 1110 1493 eius
1129 1441 1165 1493 E.
1184 1444 1218 1491 ad
1239 1445 1382 1492 eiusdem
1409 1441 1498 1492 Tor-r.
1519 1441 1550 1502 fi.

297 1524 363 1589 nonl
383 1526 411 1573 ut
430 1520 458 1574 F.
469 1522 484 1590 ΙΙ
495 1522 618 1572 habitare
636 1534 728 1570 aecum
742 1516 777 1569 D.
792 1515 804 1585 li
819 1515 843 1568 4.
858 1515 971 1580 uirtutis]
989 1519 1047 1564 ante
1062 1515 1177 1564 numeris
1190 1510 1226 1562 Ε.
1246 1514 1394 1562 uirtutum
1410 1509 1549 1563 Fl'i'orr.

312 1593 324 1660 ΙΙ
338 1590 364 1646 ii.
385 1595 474 1644 deleta
491 1593 611 1656 Kartago
630 1592 673 1638 est
691 1587 723 1639 A.
742 1589 871 1653 carthago
891 1587 979 1635 deleta
993 1587 1035 1634 est
1053 1581 1113 1634 Fr.
1133 1588 1175 1633 ost
1188 1583 1283 1632 deleta
1297 1585 1463 1651 Carthago
1481 1580 1547 1630 rw.
1571 1632 1572 1638 .

309 1662 360 1730 117.
381 1664 408 1727 ς.
426 1657 444 1712 3
461 1677 510 1713 ora
529 1659 586 1727 iili
598 1661 693 1709 lterum
715 1656 766 1710 CF
782 1663 808 1708 et
821 1671 867 1724 pr,
885 1653 915 1707 Α.
928 1653 941 1720 ΙΙ
953 1654 981 1720 a]
1001 1668 1050 1704 oua.
1071 1650 1129 1705 CF.
1147 1655 1173 1702 iu
1191 1650 1229 1702 D.

802 1743 1014 1756 ———=

300 1809 375 1864 Quae
397 1802 482 1850 uerba
504 1800 602 1863 liquide
626 1800 726 1846 eertum
751 1799 858 1863 aliquod
882 1797 960 1846 offleii
988 1808 1074 1862 genus
1093 1795 1173 1842 autea
1195 1795 1463 1843 commemoratum
1490 1807 1544 1842 esse
1571 1795 1572 1806 ¹

300 1871 490 1922 demonstrant.
532 1869 625 1930 Neque
650 1882 713 1917 uero
737 1883 862 1926 munera,
893 1881 962 1931 quae
984 1879 1034 1928 per
1057 1878 1088 1913 so
1119 1865 1162 1912 uix
1185 1863 1240 1912 alia
1263 1865 1404 1932 intellegi
1433 1875 1543 1928 possus

300 1957 379 2007 quam
404 1939 577 2007 gladiatoria,
608 1953 732 2002 umquam
756 1941 863 1990 ueteres
888 1937 1041 2000 simpliciter
1065 1936 1098 1983 de
1122 1935 1242 1994 exequiis
1266 1938 1438 1996 posuerunt
1464 1949 1542 1998 neque
1570 1959 1572 2011 γ

299 2011 423 2062 nouimus
442 2009 497 2057 alia
514 2023 638 2065 munera.
663 2008 804 2070 inquibus
824 2009 918 2058 eadem
938 2007 1082 2073 imaginum
1102 2005 1346 2066 praeferendarum
1371 2007 1540 2054 consuent-s
1569 2035 1570 2049 .

300 2082 387 2131 merit.
424 2082 500 2140 Quae
519 2094 579 2128 cum
597 2080 671 2127 clare
689 2080 843 2140 exposuerit
861 2077 1013 2132 Torrenius.
1033 2077 1172 2142 argutatur
1191 2076 1263 2124 certe
1276 2075 1426 2138 Kappius,
1450 2079 1478 2124 si
1497 2076 1539 2122 l'a

300 2153 394 2202 larium
415 2149 558 2199 ‘affectate'
577 2162 674 2198 munus
693 2148 850 2198 adhibuisse
869 2149 957 2211 putat.
980 2148 1048 2208 quod
1069 2147 1130 2208 post
1148 2145 1242 2194 lunera
1259 2146 1404 2196 nobilium
1426 2148 1536 2196 uirorus

302 2236 387 2285 saepe
404 2222 503 2284 populo
524 2233 636 2269 munera
657 2219 817 2285 gladiatoria
840 2219 904 2266 data
928 2217 1028 2267 essent.
1070 2215 1182 2264 Librarii
1205 2215 1322 2264 alteram
1351 2231 1461 2266 uocem
1487 2231 1534 2263 eos

301 2294 388 2342 altera
405 2291 558 2355 frequenter
574 2292 765 2351 permutarunt
784 2289 822 2338 Cf.
841 2290 920 2337 Corte
939 2288 972 2336 ad
992 2287 1091 2336 laroan.
1111 2285 1178 2342 vill,
1197 2281 1257 2336 iti.
1276 2286 1400 2349 interpr.
1421 2289 1459 2334 ad
1475 2289 1535 2334 Cara

301 2363 360 2422 1111,
379 2357 405 2419 8,
424 2355 449 2410 3.
475 2361 551 2412 Corn.
571 2359 637 2422 Nep.
656 2360 766 2411 Eumeu.
785 2356 811 2415 4.
830 2354 856 2408 4.

372 2429 398 2483 2.
418 2430 457 2481 Cf.
475 2431 545 2480 auct.
564 2431 597 2478 de
616 2429 664 2478 ulr.
681 2429 718 2479 lll.
736 2425 779 2478 si.

374 2513 450 2565 qaam
473 2498 549 2549 caria
571 2501 588 2561 †
613 2496 759 2564 asperioris
778 2495 886 2548 Catonis
907 2495 1016 2563 emes)
1042 2497 1117 2545 Haeo
1140 2499 1167 2545 et
1190 2511 1261 2558 quae
1284 2501 1449 2558 sequuntur
1472 2501 1529 2547 ada

303 2586 356 2622 nou
375 2569 461 2618 solum
480 2570 637 2632 deprauata,
656 2585 748 2618 uerum
767 2570 862 2624 etiarn.
885 2570 913 2616 ut
931 2569 994 2616 mihi
1014 2567 1119 2626 quidem
1139 2567 1254 2622 uidetur,
1278 2581 1386 2616 manca
1408 2573 1488 2624 suut.
1511 2577 1530 2617 ut

304 2643 338 2690 de
350 2643 426 2689 certa
437 2639 595 2688 emendandi
607 2639 709 2688 ratione
721 2652 805 2703 prope
818 2639 967 2700 desperem.
986 2638 1024 2686 'ld
1041 2651 1118 2686 unum
1132 2637 1309 2686 certissimum
1324 2641 1381 2696 est,
1398 2646 1528 2689 auctores

306 2713 341 2761 ad
352 2712 432 2760 linem
446 2710 632 2772 praecedentis
645 2711 769 2773 exempli,
787 2707 882 2775 unique
894 2706 935 2758 iiii
946 2707 1032 2759 irater
1044 2706 1109 2757 atrii
1124 2705 1280 2774 Capitolium
1299 2714 1349 2765 eat,
1370 2712 1528 2773 respexisse

304 2784 384 2841 atque
407 2780 446 2828 ita
469 2780 569 2829 curiam
594 2792 652 2825 cum
677 2781 805 2842 capitolio
829 2780 1031 2840 comparauisse
1055 2780 1082 2827 ut
1106 2780 1176 2828 illam
1202 2778 1308 2833 Catoni.
1335 2780 1393 2828 hoc
1417 2780 1526 2844 seipiout

304 2851 390 2899 instar
409 2848 467 2897 atrii
485 2848 573 2895 fuisse
592 2848 750 2910 perhiberet.
793 2851 822 2898 Iu
847 2851 899 2898 hue
922 2850 1002 2915 igitur
1025 2851 1156 2898 sententia
1179 2850 1316 2897 dicendum
1343 2853 1458 2902 omniuo
1478 2862 1525 2901 eru

308 2915 373 2968 Tam
391 2914 495 2966 hercole
513 2930 589 2981 quam
608 2914 683 2966 curia
701 2916 834 2984 asperiori
853 2916 947 2969 Catoni
971 2920 1017 2967 ulit
1039 2916 1184 2984 superioris
1203 2916 1310 2968 cuono
1329 2918 1444 2985 effigiei.
1482 2924 1524 2971 b'e

306 3002 357 3053 que
376 2988 455 3035 etiam
473 2987 545 3034 insta
562 2986 632 3037 inter
650 2990 789 3047 utrumque
810 2990 897 3037 locum
916 2990 1079 3051 comparatio
1100 2991 1196 3045 existit.
1221 3003 1254 3037 ne
1273 2989 1363 3038 dicam
1384 2992 1422 3040 de
1441 3007 1523 3042 eman·

306 3057 412 3107 datione
431 3057 501 3105 haud
521 3056 559 3104 ita
578 3056 657 3113 taciti.
677 3058 701 3105 ai
719 3072 777 3105 cum
792 3060 949 3108 editionibus
963 3060 1097 3109 ueteribus
1117 3064 1143 3109 ot
1155 3074 1213 3107 eum
1226 3059 1342 3121 Kapplo.
1360 3062 1409 3123 qui
1425 3064 1521 3112 iliarum

305 3128 467 3188 scripturam
484 3126 512 3175 iu
530 3128 679 3175 recentiora
697 3128 821 3189 exempla
839 3130 988 3186 reuocauit,
1007 3132 1130 3193 posueris
1150 3128 1214 3178 Tura
1232 3126 1336 3179 hercule
1353 3144 1435 3195 qum
1453 3132 1519 3183 caria

307 3199 390 3263 (quod
409 3198 486 3247 sexto
505 3209 570 3245 casn
589 3198 704 3259 positum
724 3199 863 3259 opinantur
881 3215 929 3261 pro
948 3214 962 3248 e
978 3198 1064 3259 cunc)
1080 3198 1226 3267 asperioris
1245 3197 1353 3250 cuono
1371 3200 1475 3267 effipia
1490 3200 1519 3251 ad

307 3268 363 3320 eius
383 3264 490 3334 peanis
511 3264 602 3334 officia
626 3266 800 3333 expromitur.
830 3284 888 3317 cum
913 3269 985 3317 nulla
1004 3271 1029 3318 iu
1049 3272 1091 3319 his
1117 3273 1151 3320 ait
1170 3272 1384 3333 comparaturum
1411 3275 1517 3336 partina

307 3342 493 3405 aequabilitas.
530 3339 564 3387 lit
585 3340 676 3387 umen
699 3341 767 3388 haee
791 3351 896 3403 quoque
914 3338 976 3386 terri
1001 3354 1084 3401 posse
1104 3342 1206 3391 censuit
1223 3342 1375 3391 Turranius.
1418 3345 1516 3394 Rectius

307 3412 399 3472 utique
418 3412 451 3461 de
473 3424 571 3459 manea
589 3410 721 3460 sententia
743 3424 847 3459 mecum
872 3413 1064 3459 consenserunt
1082 3412 1192 3479 Pighius
1211 3415 1238 3461 et
1256 3412 1389 3469 Veratius,
1415 3416 1445 3463 in
1462 3429 1515 3477 sup-

307 3482 407 3545 plenda
426 3482 493 3530 satis
512 3482 618 3544 quidem
637 3482 763 3536 audaces,
783 3495 843 3527 cum
856 3479 900 3528 ille
918 3478 1058 3596 legendum
1071 3485 1231 3545 proponeret
1245 3478 1309 3531 Tora
1326 3479 1431 3533 temo
1448 3500 1514 3551 qm

307 3549 384 3601 cana
393 3548 526 3617 superiori
536 3548 642 3601 Omont.-
654 3548 723 3600 ande
731 3547 831 3615 esfiqier
841 3546 913 3599 iltius
922 3563 940 3597 a
968 3546 1081 3599 suadem
1088 3550 1193 3615 ueneris
1202 3550 1292 3669 offrir
1300 3552 1467 3617 aptonius.
1478 3558 1513 3604 bie

309 3620 374 3672 Tam
392 3619 495 3671 hercule
512 3634 589 3686 qam
607 3619 684 3671 caria
700 3618 846 3686 superioris
866 3616 974 3669 Catonis
992 3616 1096 3683 effipiei.
1114 3618 1210 3671 eadee
1242 3620 1298 3671 eiar
1312 3621 1414 3686 ymnis
1431 3624 1512 3692 offitia

307 3690 477 3756 amonitus,
498 3706 566 3755 quae
585 3692 612 3740 in
631 3705 679 3740 suo
699 3691 821 3755 exemplo
840 3689 946 3737 retinuit
964 3688 1116 3747 'ronanus
1138 3692 1189 3739 nisl
1207 3694 1276 3751 quod
1294 3707 1342 3754 pro
1360 3690 1412 3742 eiua
1431 3698 1510 3758 posuit
1570 3696 1571 3701 ’

309 3758 431 3811 desdam
469 3762 582 3823 Propius
600 3764 634 3809 ad
653 3764 776 3811 traditam
796 3760 953 3822 scripturam
974 3758 1042 3808 haec
1055 3762 1183 3809 accedere
1196 3760 1324 3815 uidentur.
1343 3763 1364 3809 si
1379 3766 1509 3827 scripseris
1571 3760 1572 3849 i

306 3827 454 3904 superioria
473 3827 581 3880 Carsais
598 3828 704 3894 ffyrfei.
723 3844 790 3896 qaae
806 3828 881 3880 illiue
900 3824 937 3877 ud
957 3824 1035 3879 taius
1051 3832 1105 3889 (uel
1124 3829 1189 3884 nasi
1204 3828 1309 3895 peruia
1325 3828 1409 3897 officia
1427 3850 1510 3902 eapro-

307 3900 401 3947 autar,
427 3898 594 3962 habebisque
616 3902 669 3949 iam
693 3902 825 3965 integram
847 3897 1021 3955 sententiam
1047 3916 1081 3951 ea
1103 3902 1163 3964 ipsa
1186 3902 1295 3965 antiqua
1318 3902 1409 3951 Valerii
1434 3910 1509 3956 uerba

307 3976 371 4014 esse
389 3964 547 4015 confirmare
564 3982 617 4017 non
637 3971 730 4019 ausim.

308 4108 323 4157 d
378 4028 404 4084 3
423 4033 460 4151 cli
479 4034 538 4153 ispo.
557 4036 656 4094 xxix.
678 4036 718 4089 tl.
738 4039 814 4087 Ouid.
835 4038 896 4087 last.
915 4037 971 4095 illi,
990 4033 1052 4092 tili.
1070 4044 1135 4095 Ptin.
1154 4043 1181 4094 h.
1199 4057 1226 4091 u.
1245 4042 1302 4100 vll,
1320 4039 1361 4100 ³⁴,
1377 4040 1415 4095 ti.
1437 4048 1506 4101 Aust

326 4116 463 4156 emar.
518 4136 525 4148 .

384 4172 478 4227 Veram
495 4169 625 4239 specimen
642 4173 782 4256 honoriae
799 4174 932 4241 Scipione)
951 4178 1009 4228 Non
1025 4182 1113 4231 minus
1131 4185 1217 4234 altera
1235 4185 1348 4233 uitiosae
1365 4188 1503 4249 scripturae.

308 4262 377 4313 quae
396 4249 423 4296 iu
442 4245 589 4308 archetypo
608 4245 698 4293 codiee
717 4251 774 4295 erat
791 4244 899 4304 (Rerum
916 4248 1071 4315 specimen).
1093 4256 1177 4314 proba
1195 4257 1345 4305 emendatio
1362 4259 1409 4313 est,
1430 4275 1501 4322 quam

307 4318 456 4367 recentiora
479 4315 606 4366 nonnulla
623 4317 747 4378 exempla
769 4320 951 4382 manuscripta
969 4322 995 4369 et
1020 4323 1151 4373 editiones
1170 4325 1230 4373 inde
1255 4341 1272 4374 a
1289 4326 1409 4393 Pighiana
1424 4342 1500 4395 usque

307 4390 343 4436 ad
362 4388 553 4439 Torreulanam
576 4387 724 4450 proterunt,
748 4383 849 4438 Rerum
866 4388 1009 4456 specimen,
1036 4394 1165 4459 siquidem
1189 4398 1243 4444 tam
1266 4397 1375 4462 insignis
1395 4398 1418 4444 et
1438 4402 1498 4448 unici

305 4458 417 4508 honoris
440 4460 576 4522 specimen
601 4460 669 4509 hene
692 4472 781 4507 rarum
805 4460 856 4508 dici
880 4464 991 4523 poterat.
1036 4464 1164 4529 liquidem
1195 4468 1283 4515 tamen
1314 4480 1368 4514 cun
1387 4466 1495 4519 Torreuio

311 4522 407 4577 Veram
426 4531 606 4592 praetulerim,
625 4532 694 4596 quod
712 4529 870 4593 aliquotiens
890 4547 907 4580 a
919 4534 1033 4584 librariis
1046 4534 1072 4583 in
1083 4531 1182 4586 Rerum
1200 4538 1409 4599 corruptumuldl.
1437 4539 1494 4595 lam.

307 4607 342 4641 ua
360 4598 423 4659 quid
441 4601 619 4660 dissimulem,
644 4601 734 4651 dubito
757 4614 820 4650 uum
843 4605 917 4653 reete
940 4605 1046 4654 collatio
1070 4618 1131 4655 mea
1154 4607 1214 4655 libri
1236 4606 1361 4655 Danieliui
1379 4606 1443 4656 sileat
1466 4612 1493 4659 de
1571 4583 1572 4658 i
