3409 5400
377 563 420 630 18

377 726 439 794 sed
460 729 619 818 perquain
642 752 735 808 rar03
759 753 836 798 num
861 731 1029 820 deperdita
1052 750 1180 821 quoque
1203 755 1270 798 non
1293 733 1399 823 liquet.
1440 737 1534 802 Secun

378 837 466 903 enim
498 838 539 903 de
566 838 651 904 bello
682 839 807 905 Gallico
837 844 1071 908 commentario
1100 847 1142 922 (c.
1175 844 1230 923 25)
1259 866 1340 909 5555
1371 866 1438 908 5555
1464 846 1537 910 uidet

378 941 433 1019 ΠΙ,
457 945 488 1023 2,
515 947 574 1024 19,
596 947 653 1011 ubi
675 947 873 1012 fortitudinis
897 950 1065 1035 specimen
1088 975 1110 1017 a
1133 953 1276 1017 Caesare
1300 952 1417 1017 editum
1437 974 1537 1017 reeens

378 1057 539 1146 55515515,
565 1077 638 1122 cum
662 1054 749 1118 aliud
772 1057 955 1141 praesentis
970 1060 1070 1122 ammi
1094 1059 1287 1144 exemplum,
1311 1062 1397 1147 quod
1414 1062 1537 1126 statimr

378 1169 497 1255 quitur,
534 1162 664 1230 aliunde
696 1177 860 1248 sumptum
890 1165 947 1239 sit,
982 1165 1083 1231 nolim
1116 1168 1248 1233 infitiari
1279 1169 1420 1234 indidem
1447 1183 1475 1233 et
1498 1172 1537 1256 pr?

376 1273 523 1360 potuisse
558 1273 634 1357 peti.
693 1270 785 1335 Certe
828 1274 956 1337 tertium
999 1275 1038 1338 de
1078 1274 1162 1340 bello
1204 1277 1291 1341 ciuili
1333 1279 1537 1343 commentarit

378 1385 419 1460 (c.
446 1379 521 1456 105)
555 1391 629 1444 ante
659 1379 772 1445 oculos
800 1377 929 1456 habuit,
960 1402 1039 1446 cum*
1065 1383 1105 1446 de
1133 1385 1235 1447 uariis
1266 1385 1424 1472 prodigiis
1450 1407 1537 1472 pugn.

376 1486 604 1554 Pharsalicam
626 1487 853 1554 comitantibus
872 1491 1007 1555 referret
1028 1489 1053 1564 Ι,
1078 1491 1109 1566 6,
1136 1493 1187 1556 12.
1234 1489 1406 1571 Quaedam
1428 1515 1444 1555 e
1467 1514 1537 1578 supp

375 1598 494 1664 mentis
527 1618 655 1685 quoque
684 1595 801 1660 horum
831 1599 1137 1664 commentariorum
1169 1601 1342 1687 desumpta
1380 1612 1463 1676 sunt3
1497 1602 1537 1662 sic

376 1703 472 1770 Hirtii
499 1703 532 1770 b.
564 1704 656 1768 Alex.
690 1704 731 1768 55
762 1725 846 1789 quae
877 1704 918 1768 de
949 1705 1058 1770 Cassii
1084 1707 1227 1794 Longini
1258 1708 1397 1774 auaritia
1422 1729 1537 1773 uremur

376 1815 555 1902 produntur
578 1810 642 1885 lX,
672 1811 703 1887 4,
733 1813 763 1876 2.
809 1810 1073 1897 Discrepantiam
1102 1815 1187 1879 enim
1220 1817 1362 1881 nominis
1386 1817 1429 1880 ibi
1451 1817 1534 1880 anim

375 1944 526 1996 uersam,
556 1938 629 1985 cum
658 1918 746 1983 idem
774 1918 874 1984 homo
907 1919 997 2008 alteri
1029 1921 1175 1996 Sestius,
1207 1922 1298 1988 alteri
1329 1924 1428 1989 Silius
1456 1943 1533 1986 uoce

375 2029 581 2098 librariorum
605 2029 713 2113 potius
737 2038 872 2114 peccato
898 2025 996 2112 quam
1020 2027 1151 2092 diuerso
1175 2031 1258 2094 fonti
1280 2031 1501 2118 imputandam
1524 2051 1537 2092 5

378 2138 525 2204 arbitror.
579 2133 686 2200 Valde
710 2145 817 2209 autem
838 2130 952 2197 dubito
980 2155 1057 2198 num
1073 2136 1317 2201 narratiuncula
1340 2139 1380 2201 de
1404 2139 1537 2202 centuri(

377 2248 548 2316 cuiusdam
572 2245 636 2310 lide
662 2243 872 2308 Caesarianis
904 2242 1050 2328 partibus
1080 2245 1237 2328 praestita
1267 2245 1367 2329 petita
1398 2246 1440 2308 sit
1463 2267 1537 2308 exe

375 2357 537 2445 plemento
561 2353 675 2418 incerti
699 2351 852 2424 55515515,
877 2371 956 2415 nam
977 2347 1073 2414 Hirtii
1096 2372 1163 2415 non
1186 2363 1245 2426 est,
1274 2350 1420 2416 debello
1445 2351 1534 2414 Afric

378 2471 420 2548 (c.
443 2467 511 2548 45),
536 2463 691 2550 quoniam
710 2460 877 2546 copiosius
901 2459 1011 2524 relatis
1026 2459 1141 2522 ceteris
1164 2460 1313 2523 reticetur
1336 2458 1382 2523 ibi
1405 2458 1537 2523 centuri«

377 2593 508 2646 nomen,
544 2569 631 2658 quod
666 2578 751 2632 extat
785 2568 873 2654 apud
907 2565 1078 2633 Valerium
1113 2567 1292 2634 Maximum
1332 2566 1408 2630 11551
1445 2564 1537 2631 meni

378 2681 543 2765 scriptum.
589 2678 735 2766 Aggeris
768 2674 886 2739 deinde
914 2671 1079 2738 hostilium
1113 2674 1309 2741 cadauerum
1338 2676 1495 2763 congerie
1520 2700 1537 2741 a

377 2779 537 2853 Mundam
560 2786 707 2857 extructi,
733 2785 772 2847 de
798 2804 861 2868 quo
885 2779 961 2845 Val.
991 2780 1097 2845 retulit
1118 2780 1191 2856 VH,
1215 2783 1246 2856 6,
1271 2782 1302 2857 5,
1327 2785 1470 2847 incertus
1496 2788 1537 2846 au

378 2894 610 2959 commentarii
632 2892 671 2955 de
702 2890 786 2955 bello
815 2888 1032 2975 Hispaniensi
1060 2890 1106 2953 ita
1136 2892 1177 2969 (c.
1210 2889 1265 2968 32)
1296 2888 1537 2953 mentionemf

376 2996 1010 3081 5111111555551111555515511555511.
1058 2997 1126 3060 Sed
1155 2995 1222 3062 alia
1252 2994 1368 3060 eodem
1396 2995 1485 3061 bello
1515 3016 1537 3081 g

378 3096 440 3191 (ex.
466 3128 514 3195 gr.
537 3105 595 3182 IX,
620 3107 650 3181 3,
674 3106 719 3185 4),
749 3104 826 3190 quia
849 3105 1016 3189 copiosius
1041 3114 1072 3166 et
1095 3105 1278 3169 accuratius
1303 3126 1325 3168 a
1345 3100 1485 3168 Valerio
1512 3125 1537 3189 q‘

375 3216 411 3281 15
433 3213 497 3278 hoc
514 3234 613 3299 opere
630 3222 831 3286 enarrantur,
857 3210 987 3275 aliunde
1004 3209 1137 3276 fluxisse
1152 3211 1364 3277 manifestum
1380 3221 1441 3285 est,
1465 3211 1537 3274 fort.

377 3342 394 3383 e
420 3319 512 3385 CXV
534 3317 629 3396 Liuii,
655 3320 710 3407 qui
731 3318 828 3383 huius
852 3316 928 3383 belli
949 3315 1122 3384 historiam
1145 3318 1340 3383 continebat.

465 3426 576 3515 Magis
615 3428 712 3491 etiam
747 3426 946 3514 ambigimus
978 3424 1018 3488 de
1051 3424 1201 3514 Cornelio
1231 3423 1373 3514 Nepote,
1404 3426 1503 3488 euius

377 3534 598 3623 exemplorum
620 3534 694 3600 libri
717 3544 783 3598 tum
801 3533 858 3620 qui
879 3531 920 3595 de
943 3532 1023 3596 uiris
1039 3531 1218 3597 illustribus
1240 3533 1508 3617 erautinscripti‚
1535 3563 1537 3582 ·

375 3664 512 3729 rumque
535 3642 662 3709 indoles
687 3652 783 3729 atque
808 3640 979 3727 dispositio
997 3638 1163 3705 simillima
1185 3651 1254 3705 erat
1274 3641 1345 3704 eius
1370 3659 1475 3726 quam
1491 3640 1530 3716 15

281 3826 283 3833 y
376 3768 475 3835 opere
499 3761 629 3815 secutus
653 3761 703 3813 est
720 3747 884 3822 Valerius,
906 3748 1037 3813 facilem
1054 3747 1246 3833 praebuisse
1271 3746 1389 3810 debent
1413 3766 1537 3830 excerp

377 3854 596 3919 occasionem.
643 3852 719 3935 Qua
739 3876 837 3921 usum
861 3876 1028 3921 55155555
1052 3856 1147 3918 certis
1164 3854 1295 3940 quidem
1311 3854 1525 3938 argumentis

375 3958 455 4025 bare
483 3980 621 4046 nequeo.
675 3960 743 4023 Sed
774 3983 848 4025 eum
875 3960 1070 4025 Plutarchus
1109 3958 1266 4039 (Marcell.
1291 3958 1347 4039 30)
1383 3959 1426 4022 de
1458 3973 1534 4023 extr

376 4064 421 4130 M.
448 4065 574 4133 Claudii
596 4064 744 4131 Marcelli
766 4068 842 4132 satis
873 4066 978 4153 deque
1006 4065 1138 4131 ossibus
1168 4068 1238 4131 eius
1267 4065 1311 4131 ad
1339 4064 1446 4131 filium
1478 4089 1537 4153 per

377 4184 432 4237 aut
447 4194 514 4237 non
529 4174 662 4259 perlatis
675 4171 811 4259 Nepotis
824 4171 1019 4260 Valeriique
1025 4174 1244 4239 testimouium
1259 4172 1345 4238 Liuii
1352 4172 1373 4254 1)
1388 4184 1422 4237 et
1436 4174 1537 4261 Auge

376 4278 469 4346 aliter
497 4281 703 4347 referentium
740 4282 924 4347 auctoritati
952 4282 1156 4368 opposuerit,
1194 4280 1373 4347 uerisimile
1409 4281 1537 4346 saltem

375 4386 546 4453 Valerium
569 4385 625 4467 (V,
651 4390 668 4453 1
694 4400 755 4453 ext.
780 4388 813 4471 6)
837 4389 1080 4475 praetermissis
1104 4387 1189 4460 aliis,
1219 4409 1303 4475 quae
1326 4409 1451 4475 parum
1478 4386 1528 4450 ad

374 4496 533 4581 pertinere
546 4494 742 4574 uiderentur,
751 4532 795 4543 —-
806 4516 913 4582 neque
926 4495 1013 4560 enim
1026 4492 1148 4571 omnia,
1161 4514 1245 4581 quae
1258 4495 1351 4560 abeo
1365 4492 1537 4580 compreh

441 4692 447 4727 ¹
568 4694 575 4707 .

425 4694 465 4842 ji
486 4695 524 4815 Chi
542 4688 825 4817 ildialihln’nlhn
850 4759 1093 4824 clcuddliareelli.
1117 4754 1175 4818 elus
1194 4774 1274 4835 quem
1297 4771 1434 4837 generum
1463 4761 1524 4818 sibl

374 4836 493 4905 nouerat.
531 4837 583 4903 (Cf.
601 4836 708 4890 Heereu
727 4839 761 4890 de
778 4840 841 4891 1551.
862 4840 1004 4893 Plutarchi.
1024 4857 1051 4905 p.
1072 4834 1141 4908 124).
