<?xml version="1.0" encoding="UTF-8"?>
<!DOCTYPE html PUBLIC "-//W3C//DTD XHTML 1.0 Transitional//EN"
    "http://www.w3.org/TR/xhtml1/DTD/xhtml1-transitional.dtd">
<html xmlns="http://www.w3.org/1999/xhtml" xml:lang="en" lang="en">
 <head>
  <title>
</title>
<meta http-equiv="Content-Type" content="text/html;charset=utf-8" />
  <meta name='ocr-system' content='tesseract 3.04.00' />
  <meta name='ocr-capabilities' content='ocr_page ocr_carea ocr_par ocr_line ocrx_word'/>
</head>
<body>
  <div class='ocr_page' id='page_1' title='image "./valerimaximifac00parigoog_0105.png"; bbox 0 0 3409 5400; ppageno 0'>
   <div class='ocr_carea' id='block_1_1' title="bbox 321 498 367 571">
    <p class='ocr_par' dir='ltr' id='par_1_1' title="bbox 321 498 367 571">
     <span class='ocr_line' id='line_1_1' title="bbox 321 498 367 571; baseline 0 0"><span class='ocrx_word' id='word_1_1' title='bbox 321 498 367 571; x_wconf 72' lang='lat' dir='ltr'>id</span> 
     </span>
    </p>
   </div>
   <div class='ocr_carea' id='block_1_2' title="bbox 321 650 1574 4823">
    <p class='ocr_par' dir='ltr' id='par_1_2' title="bbox 321 650 1539 1584">
     <span class='ocr_line' id='line_1_2' title="bbox 321 650 1529 749; baseline -0.002 -24"><span class='ocrx_word' id='word_1_2' title='bbox 321 681 362 725; x_wconf 75' lang='lat' dir='ltr'>es</span> <span class='ocrx_word' id='word_1_3' title='bbox 384 668 520 749; x_wconf 74' lang='lat' dir='ltr'>unoque</span> <span class='ocrx_word' id='word_1_4' title='bbox 543 676 665 745; x_wconf 80' lang='lat' dir='ltr'>genere</span> <span class='ocrx_word' id='word_1_5' title='bbox 687 652 852 744; x_wconf 78' lang='lat' dir='ltr'><strong>hodieque</strong></span> <span class='ocrx_word' id='word_1_6' title='bbox 876 663 1022 723; x_wconf 73' lang='lat' dir='ltr'>extarent</span> <span class='ocrx_word' id='word_1_7' title='bbox 1050 650 1141 730; x_wconf 88' lang='lat' dir='ltr'>libri,</span> <span class='ocrx_word' id='word_1_8' title='bbox 1172 653 1285 721; x_wconf 86' lang='lat' dir='ltr'>omnia</span> <span class='ocrx_word' id='word_1_9' title='bbox 1314 653 1362 720; x_wconf 87' lang='lat' dir='ltr'>ita</span> <span class='ocrx_word' id='word_1_10' title='bbox 1390 654 1529 744; x_wconf 90' lang='lat' dir='ltr'>impedita</span> 
     </span>
     <span class='ocr_line' id='line_1_3' title="bbox 322 762 1531 852; baseline -0.004 -18"><span class='ocrx_word' id='word_1_11' title='bbox 322 776 436 834; x_wconf 85' lang='lat' dir='ltr'>essent</span> <span class='ocrx_word' id='word_1_12' title='bbox 463 775 500 832; x_wconf 85' lang='lat' dir='ltr'>ut</span> <span class='ocrx_word' id='word_1_13' title='bbox 527 767 631 834; x_wconf 73' lang='lat' dir='ltr'>uitus</span> <span class='ocrx_word' id='word_1_14' title='bbox 658 767 726 831; x_wconf 77' lang='lat' dir='ltr'>uix-</span> <span class='ocrx_word' id='word_1_15' title='bbox 741 766 949 831; x_wconf 89' lang='lat' dir='ltr'>inueniretur.</span> <span class='ocrx_word' id='word_1_16' title='bbox 1007 762 1102 827; x_wconf 88' lang='lat' dir='ltr'>Nunc</span> <span class='ocrx_word' id='word_1_17' title='bbox 1136 762 1226 827; x_wconf 92' lang='lat' dir='ltr'>nulla</span> <span class='ocrx_word' id='word_1_18' title='bbox 1255 762 1324 827; x_wconf 84' lang='lat' dir='ltr'>fere</span> <span class='ocrx_word' id='word_1_19' title='bbox 1360 764 1531 852; x_wconf 75' lang='lat' dir='ltr'>relinquitur</span> 
     </span>
     <span class='ocr_line' id='line_1_4' title="bbox 323 870 1533 959; baseline -0.002 -20"><span class='ocrx_word' id='word_1_20' title='bbox 323 873 509 941; x_wconf 84' lang='lat' dir='ltr'>difficultas.</span> <span class='ocrx_word' id='word_1_21' title='bbox 531 871 603 939; x_wconf 88' lang='lat' dir='ltr'>Iam</span> <span class='ocrx_word' id='word_1_22' title='bbox 614 874 704 941; x_wconf 83' lang='lat' dir='ltr'>euim</span> <span class='ocrx_word' id='word_1_23' title='bbox 715 871 1046 951; x_wconf 85' lang='lat' dir='ltr'>commemorauimus</span> <span class='ocrx_word' id='word_1_24' title='bbox 1062 870 1192 937; x_wconf 88' lang='lat' dir='ltr'>doctum</span> <span class='ocrx_word' id='word_1_25' title='bbox 1206 870 1371 959; x_wconf 79' lang='lat' dir='ltr'>quendam</span> <span class='ocrx_word' id='word_1_26' title='bbox 1382 870 1533 937; x_wconf 87' lang='lat' dir='ltr'>hominem</span> 
     </span>
     <span class='ocr_line' id='line_1_5' title="bbox 322 978 1533 1057; baseline -0.007 -5"><span class='ocrx_word' id='word_1_27' title='bbox 322 980 468 1057; x_wconf 65' lang='lat' dir='ltr'>suardo,</span> <span class='ocrx_word' id='word_1_28' title='bbox 492 991 528 1045; x_wconf 88' lang='lat' dir='ltr'>ut</span> <span class='ocrx_word' id='word_1_29' title='bbox 549 980 693 1057; x_wconf 83' lang='lat' dir='ltr'>uidetur,</span> <span class='ocrx_word' id='word_1_30' title='bbox 723 982 852 1048; x_wconf 85' lang='lat' dir='ltr'>decimo</span> <span class='ocrx_word' id='word_1_31' title='bbox 881 981 1090 1047; x_wconf 77' lang='lat' dir='ltr'>recensuisse</span> <span class='ocrx_word' id='word_1_32' title='bbox 1120 978 1267 1045; x_wconf 79' lang='lat' dir='ltr'>codicem</span> <span class='ocrx_word' id='word_1_33' title='bbox 1298 990 1442 1045; x_wconf 88' lang='lat' dir='ltr'>nostrum</span> <span class='ocrx_word' id='word_1_34' title='bbox 1462 978 1533 1044; x_wconf 91' lang='lat' dir='ltr'>Ber·</span> 
     </span>
     <span class='ocr_line' id='line_1_6' title="bbox 323 1086 1534 1177; baseline -0.005 -22"><span class='ocrx_word' id='word_1_35' title='bbox 323 1110 463 1158; x_wconf 73' lang='lat' dir='ltr'>numam</span> <span class='ocrx_word' id='word_1_36' title='bbox 485 1089 528 1163; x_wconf 82' lang='lat' dir='ltr'>A,</span> <span class='ocrx_word' id='word_1_37' title='bbox 549 1088 650 1176; x_wconf 88' lang='lat' dir='ltr'>inque</span> <span class='ocrx_word' id='word_1_38' title='bbox 673 1109 713 1153; x_wconf 89' lang='lat' dir='ltr'>eo</span> <span class='ocrx_word' id='word_1_39' title='bbox 737 1091 870 1177; x_wconf 77' lang='lat' dir='ltr'>negotio</span> <span class='ocrx_word' id='word_1_40' title='bbox 900 1088 1044 1153; x_wconf 80' lang='lat' dir='ltr'>maxime</span> <span class='ocrx_word' id='word_1_41' title='bbox 1076 1086 1222 1153; x_wconf 89' lang='lat' dir='ltr'>adiutum</span> <span class='ocrx_word' id='word_1_42' title='bbox 1250 1106 1327 1151; x_wconf 88' lang='lat' dir='ltr'>esse</span> <span class='ocrx_word' id='word_1_43' title='bbox 1355 1086 1534 1152; x_wconf 88' lang='lat' dir='ltr'>Paridensis</span> 
     </span>
     <span class='ocr_line' id='line_1_7' title="bbox 323 1192 1535 1283; baseline 0.001 -26"><span class='ocrx_word' id='word_1_44' title='bbox 323 1197 488 1282; x_wconf 86' lang='lat' dir='ltr'>epitomae</span> <span class='ocrx_word' id='word_1_45' title='bbox 510 1194 659 1281; x_wconf 81' lang='lat' dir='ltr'>exemplo</span> <span class='ocrx_word' id='word_1_46' title='bbox 683 1206 738 1261; x_wconf 90' lang='lat' dir='ltr'>aut</span> <span class='ocrx_word' id='word_1_47' title='bbox 764 1196 903 1271; x_wconf 86' lang='lat' dir='ltr'>eodem,</span> <span class='ocrx_word' id='word_1_48' title='bbox 935 1218 954 1259; x_wconf 89' lang='lat' dir='ltr'>e</span> <span class='ocrx_word' id='word_1_49' title='bbox 985 1218 1049 1283; x_wconf 93' lang='lat' dir='ltr'>quo</span> <span class='ocrx_word' id='word_1_50' title='bbox 1082 1204 1156 1261; x_wconf 89' lang='lat' dir='ltr'>ante</span> <span class='ocrx_word' id='word_1_51' title='bbox 1187 1192 1250 1259; x_wconf 90' lang='lat' dir='ltr'>hos</span> <span class='ocrx_word' id='word_1_52' title='bbox 1282 1196 1416 1281; x_wconf 79' lang='lat' dir='ltr'>triginta</span> <span class='ocrx_word' id='word_1_53' title='bbox 1441 1214 1535 1258; x_wconf 88' lang='lat' dir='ltr'>annos</span> 
     </span>
     <span class='ocr_line' id='line_1_8' title="bbox 324 1300 1539 1390; baseline -0.003 -21"><span class='ocrx_word' id='word_1_54' title='bbox 324 1304 413 1390; x_wconf 77' lang='lat' dir='ltr'>Aug.</span> <span class='ocrx_word' id='word_1_55' title='bbox 435 1302 547 1369; x_wconf 86' lang='lat' dir='ltr'>Maius</span> <span class='ocrx_word' id='word_1_56' title='bbox 559 1302 835 1389; x_wconf 85' lang='lat' dir='ltr'>ideompeudium</span> <span class='ocrx_word' id='word_1_57' title='bbox 851 1303 962 1379; x_wconf 80' lang='lat' dir='ltr'>edidit,</span> <span class='ocrx_word' id='word_1_58' title='bbox 986 1313 1042 1369; x_wconf 87' lang='lat' dir='ltr'>aut</span> <span class='ocrx_word' id='word_1_59' title='bbox 1058 1314 1144 1367; x_wconf 86' lang='lat' dir='ltr'>certe</span> <span class='ocrx_word' id='word_1_60' title='bbox 1160 1300 1257 1367; x_wconf 87' lang='lat' dir='ltr'>huius</span> <span class='ocrx_word' id='word_1_61' title='bbox 1278 1301 1450 1377; x_wconf 82' lang='lat' dir='ltr'>simillimo,</span> <span class='ocrx_word' id='word_1_62' title='bbox 1471 1322 1539 1365; x_wconf 91' lang='lat' dir='ltr'>cum</span> 
     </span>
     <span class='ocr_line' id='line_1_9' title="bbox 325 1407 1539 1500; baseline -0.003 -23"><span class='ocrx_word' id='word_1_63' title='bbox 325 1410 581 1496; x_wconf 86' lang='lat' dir='ltr'>discrepantiam</span> <span class='ocrx_word' id='word_1_64' title='bbox 596 1410 687 1475; x_wconf 84' lang='lat' dir='ltr'>-iuter</span> <span class='ocrx_word' id='word_1_65' title='bbox 710 1422 863 1500; x_wconf 84' lang='lat' dir='ltr'>excerpta</span> <span class='ocrx_word' id='word_1_66' title='bbox 872 1408 1035 1477; x_wconf 88' lang='lat' dir='ltr'>Beruensi</span> <span class='ocrx_word' id='word_1_67' title='bbox 1056 1410 1138 1475; x_wconf 92' lang='lat' dir='ltr'>libro</span> <span class='ocrx_word' id='word_1_68' title='bbox 1162 1410 1287 1475; x_wconf 89' lang='lat' dir='ltr'>inserta</span> <span class='ocrx_word' id='word_1_69' title='bbox 1310 1418 1341 1473; x_wconf 89' lang='lat' dir='ltr'>et</span> <span class='ocrx_word' id='word_1_70' title='bbox 1353 1407 1539 1475; x_wconf 86' lang='lat' dir='ltr'>Vaticanum</span> 
     </span>
     <span class='ocr_line' id='line_1_10' title="bbox 325 1517 927 1584; baseline 0.002 -3"><span class='ocrx_word' id='word_1_71' title='bbox 325 1517 474 1581; x_wconf 85' lang='lat' dir='ltr'>codicem</span> <span class='ocrx_word' id='word_1_72' title='bbox 496 1517 679 1581; x_wconf 89' lang='lat' dir='ltr'>inuenerim</span> <span class='ocrx_word' id='word_1_73' title='bbox 701 1517 770 1581; x_wconf 82' lang='lat' dir='ltr'>fere</span> <span class='ocrx_word' id='word_1_74' title='bbox 793 1517 927 1584; x_wconf 88' lang='lat' dir='ltr'>nullam.</span> 
     </span>
    </p>

    <p class='ocr_par' dir='ltr' id='par_1_3' title="bbox 326 1621 1574 4067">
     <span class='ocr_line' id='line_1_11' title="bbox 415 1621 1541 1712; baseline 0 -23"><span class='ocrx_word' id='word_1_75' title='bbox 415 1621 532 1689; x_wconf 79' lang='lat' dir='ltr'>Tribus</span> <span class='ocrx_word' id='word_1_76' title='bbox 564 1633 689 1689; x_wconf 70' lang='lat' dir='ltr'>tanaim</span> <span class='ocrx_word' id='word_1_77' title='bbox 715 1624 981 1695; x_wconf 78' lang='lat' dir='ltr'>locisuotabilia</span> <span class='ocrx_word' id='word_1_78' title='bbox 1003 1622 1290 1712; x_wconf 87' lang='lat' dir='ltr'>deprehenduntur</span> <span class='ocrx_word' id='word_1_79' title='bbox 1318 1622 1541 1700; x_wconf 83' lang='lat' dir='ltr'>additamenta,</span> 
     </span>
     <span class='ocr_line' id='line_1_12' title="bbox 326 1729 1544 1821; baseline -0.004 -24"><span class='ocrx_word' id='word_1_80' title='bbox 326 1754 413 1820; x_wconf 87' lang='lat' dir='ltr'>quae</span> <span class='ocrx_word' id='word_1_81' title='bbox 435 1750 503 1796; x_wconf 87' lang='lat' dir='ltr'>nou</span> <span class='ocrx_word' id='word_1_82' title='bbox 525 1729 680 1808; x_wconf 76' lang='lat' dir='ltr'>eParidc</span> <span class='ocrx_word' id='word_1_83' title='bbox 703 1732 806 1817; x_wconf 86' lang='lat' dir='ltr'>petita</span> <span class='ocrx_word' id='word_1_84' title='bbox 827 1744 884 1797; x_wconf 86' lang='lat' dir='ltr'>aut</span> <span class='ocrx_word' id='word_1_85' title='bbox 904 1735 977 1821; x_wconf 89' lang='lat' dir='ltr'>ipse</span> <span class='ocrx_word' id='word_1_86' title='bbox 1000 1732 1152 1797; x_wconf 90' lang='lat' dir='ltr'>librarius</span> <span class='ocrx_word' id='word_1_87' title='bbox 1176 1754 1216 1796; x_wconf 86' lang='lat' dir='ltr'>ex</span> <span class='ocrx_word' id='word_1_88' title='bbox 1231 1731 1363 1819; x_wconf 81' lang='lat' dir='ltr'>ingenio</span> <span class='ocrx_word' id='word_1_89' title='bbox 1389 1731 1544 1797; x_wconf 90' lang='lat' dir='ltr'>adiecisse</span> 
     </span>
     <span class='ocr_line' id='line_1_13' title="bbox 327 1837 1545 1923; baseline -0.004 -17"><span class='ocrx_word' id='word_1_90' title='bbox 327 1851 383 1906; x_wconf 90' lang='lat' dir='ltr'>aut</span> <span class='ocrx_word' id='word_1_91' title='bbox 405 1837 537 1903; x_wconf 77' lang='lat' dir='ltr'>aliunde</span> <span class='ocrx_word' id='word_1_92' title='bbox 560 1838 733 1923; x_wconf 85' lang='lat' dir='ltr'>accepisse</span> <span class='ocrx_word' id='word_1_93' title='bbox 756 1839 993 1906; x_wconf 83' lang='lat' dir='ltr'>existimandus</span> <span class='ocrx_word' id='word_1_94' title='bbox 1017 1850 1077 1905; x_wconf 89' lang='lat' dir='ltr'>est.</span> <span class='ocrx_word' id='word_1_95' title='bbox 1127 1837 1322 1905; x_wconf 87' lang='lat' dir='ltr'>Dubitamus</span> <span class='ocrx_word' id='word_1_96' title='bbox 1345 1839 1483 1904; x_wconf 82' lang='lat' dir='ltr'>maxime</span> <span class='ocrx_word' id='word_1_97' title='bbox 1506 1837 1545 1901; x_wconf 89' lang='lat' dir='ltr'>de</span> 
     </span>
     <span class='ocr_line' id='line_1_14' title="bbox 326 1944 1546 2035; baseline -0.002 -24"><span class='ocrx_word' id='word_1_98' title='bbox 326 1968 380 2012; x_wconf 93' lang='lat' dir='ltr'>uu.</span> <span class='ocrx_word' id='word_1_99' title='bbox 404 1951 459 2009; x_wconf 78' lang='lat' dir='ltr'>cut</span> <span class='ocrx_word' id='word_1_100' title='bbox 481 1945 568 2008; x_wconf 80' lang='lat' dir='ltr'>tristi</span> <span class='ocrx_word' id='word_1_101' title='bbox 590 1946 681 2019; x_wconf 77' lang='lat' dir='ltr'>tran,</span> <span class='ocrx_word' id='word_1_102' title='bbox 706 1967 791 2032; x_wconf 89' lang='lat' dir='ltr'>quae</span> <span class='ocrx_word' id='word_1_103' title='bbox 815 1948 962 2034; x_wconf 88' lang='lat' dir='ltr'>ascripta</span> <span class='ocrx_word' id='word_1_104' title='bbox 983 1947 1017 2011; x_wconf 93' lang='lat' dir='ltr'>in</span> <span class='ocrx_word' id='word_1_105' title='bbox 1040 1948 1190 2035; x_wconf 82' lang='lat' dir='ltr'>margine</span> <span class='ocrx_word' id='word_1_106' title='bbox 1214 1944 1278 2020; x_wconf 85' lang='lat' dir='ltr'>VI,</span> <span class='ocrx_word' id='word_1_107' title='bbox 1309 1946 1348 2021; x_wconf 78' lang='grc'>2,</span> <span class='ocrx_word' id='word_1_108' title='bbox 1381 1947 1400 2009; x_wconf 84' lang='grc'>7</span> <span class='ocrx_word' id='word_1_109' title='bbox 1431 1944 1473 2009; x_wconf 88' lang='lat' dir='ltr'>ad</span> <span class='ocrx_word' id='word_1_110' title='bbox 1495 1966 1546 2009; x_wconf 83' lang='lat' dir='ltr'>cx·</span> 
     </span>
     <span class='ocr_line' id='line_1_15' title="bbox 326 2048 1548 2140; baseline -0.004 -21"><span class='ocrx_word' id='word_1_111' title='bbox 326 2052 482 2140; x_wconf 85' lang='lat' dir='ltr'>piendum</span> <span class='ocrx_word' id='word_1_112' title='bbox 505 2048 674 2137; x_wconf 82' lang='lat' dir='ltr'>archetypi</span> <span class='ocrx_word' id='word_1_113' title='bbox 700 2052 856 2118; x_wconf 88' lang='lat' dir='ltr'>lacunam</span> <span class='ocrx_word' id='word_1_114' title='bbox 886 2074 969 2119; x_wconf 88' lang='lat' dir='ltr'>sane</span> <span class='ocrx_word' id='word_1_115' title='bbox 999 2054 1207 2119; x_wconf 77' lang='lat' dir='ltr'>coniecturae</span> <span class='ocrx_word' id='word_1_116' title='bbox 1236 2052 1380 2139; x_wconf 88' lang='lat' dir='ltr'>speciem</span> <span class='ocrx_word' id='word_1_117' title='bbox 1407 2072 1485 2138; x_wconf 89' lang='lat' dir='ltr'>prae</span> <span class='ocrx_word' id='word_1_118' title='bbox 1512 2074 1548 2115; x_wconf 90' lang='lat' dir='ltr'>se</span> 
     </span>
     <span class='ocr_line' id='line_1_16' title="bbox 327 2156 1549 2249; baseline -0.003 -22"><span class='ocrx_word' id='word_1_119' title='bbox 327 2161 444 2227; x_wconf 67' lang='lat' dir='ltr'>suunt</span> <span class='ocrx_word' id='word_1_120' title='bbox 497 2156 585 2223; x_wconf 89' lang='lat' dir='ltr'>Nam</span> <span class='ocrx_word' id='word_1_121' title='bbox 608 2160 772 2244; x_wconf 89' lang='lat' dir='ltr'>oppositio</span> <span class='ocrx_word' id='word_1_122' title='bbox 799 2159 857 2225; x_wconf 86' lang='lat' dir='ltr'>illa</span> <span class='ocrx_word' id='word_1_123' title='bbox 880 2164 947 2242; x_wconf 76' lang='lat' dir='ltr'>(aar</span> <span class='ocrx_word' id='word_1_124' title='bbox 975 2162 1074 2243; x_wconf 65' lang='lat' dir='ltr'>tara)</span> <span class='ocrx_word' id='word_1_125' title='bbox 1101 2171 1136 2225; x_wconf 91' lang='lat' dir='ltr'>ut</span> <span class='ocrx_word' id='word_1_126' title='bbox 1158 2169 1290 2249; x_wconf 86' lang='lat' dir='ltr'>propter</span> <span class='ocrx_word' id='word_1_127' title='bbox 1313 2158 1549 2248; x_wconf 81' lang='lat' dir='ltr'>praecedentia,</span> 
     </span>
     <span class='ocr_line' id='line_1_17' title="bbox 327 2266 1551 2351; baseline -0.004 -16"><span class='ocrx_word' id='word_1_128' title='bbox 327 2274 438 2335; x_wconf 59' lang='lat' dir='ltr'>ceses</span> <span class='ocrx_word' id='word_1_129' title='bbox 458 2267 495 2331; x_wconf 80' lang='lat' dir='ltr'>in</span> <span class='ocrx_word' id='word_1_130' title='bbox 509 2272 604 2349; x_wconf 76' lang='lat' dir='ltr'>pare</span> <span class='ocrx_word' id='word_1_131' title='bbox 625 2272 742 2331; x_wconf 78' lang='lat' dir='ltr'>metato</span> <span class='ocrx_word' id='word_1_132' title='bbox 763 2269 852 2331; x_wconf 80' lang='lat' dir='ltr'>caltu</span> <span class='ocrx_word' id='word_1_133' title='bbox 869 2273 1037 2351; x_wconf 59' lang='lat' dir='ltr'>,atrrtmque</span> <span class='ocrx_word' id='word_1_134' title='bbox 1060 2270 1160 2345; x_wconf 74' lang='lat' dir='ltr'>coeit,</span> <span class='ocrx_word' id='word_1_135' title='bbox 1191 2288 1232 2332; x_wconf 77' lang='lat' dir='ltr'>ne</span> <span class='ocrx_word' id='word_1_136' title='bbox 1256 2274 1311 2332; x_wconf 72' lang='lat' dir='ltr'>crat</span> <span class='ocrx_word' id='word_1_137' title='bbox 1331 2267 1427 2331; x_wconf 73' lang='lat' dir='ltr'>hilari</span> <span class='ocrx_word' id='word_1_138' title='bbox 1440 2266 1551 2350; x_wconf 82' lang='lat' dir='ltr'>fronte</span> 
     </span>
     <span class='ocr_line' id='line_1_18' title="bbox 327 2372 1552 2460; baseline -0.003 -19"><span class='ocrx_word' id='word_1_139' title='bbox 327 2374 456 2441; x_wconf 67' lang='lat' dir='ltr'>stater</span> <span class='ocrx_word' id='word_1_140' title='bbox 470 2394 639 2460; x_wconf 66' lang='lat' dir='ltr'>conoscere</span> <span class='ocrx_word' id='word_1_141' title='bbox 649 2376 830 2458; x_wconf 79' lang='lat' dir='ltr'>potentiam,</span> <span class='ocrx_word' id='word_1_142' title='bbox 853 2376 988 2441; x_wconf 90' lang='lat' dir='ltr'>omnino</span> <span class='ocrx_word' id='word_1_143' title='bbox 1013 2376 1206 2441; x_wconf 87' lang='lat' dir='ltr'>necessaria</span> <span class='ocrx_word' id='word_1_144' title='bbox 1228 2384 1307 2449; x_wconf 85' lang='lat' dir='ltr'>erat,</span> <span class='ocrx_word' id='word_1_145' title='bbox 1330 2375 1378 2439; x_wconf 86' lang='lat' dir='ltr'>ita</span> <span class='ocrx_word' id='word_1_146' title='bbox 1399 2372 1552 2439; x_wconf 85' lang='lat' dir='ltr'>facillime</span> 
     </span>
     <span class='ocr_line' id='line_1_19' title="bbox 329 2474 1555 2571; baseline -0.003 -24"><span class='ocrx_word' id='word_1_147' title='bbox 329 2474 442 2558; x_wconf 61' lang='lat' dir='ltr'>obuia,</span> <span class='ocrx_word' id='word_1_148' title='bbox 462 2504 537 2547; x_wconf 90' lang='lat' dir='ltr'>eum</span> <span class='ocrx_word' id='word_1_149' title='bbox 559 2484 693 2548; x_wconf 86' lang='lat' dir='ltr'>iuterim</span> <span class='ocrx_word' id='word_1_150' title='bbox 718 2482 1023 2559; x_wconf 67' lang='lat' dir='ltr'>cousentaneum,</span> <span class='ocrx_word' id='word_1_151' title='bbox 1048 2504 1132 2571; x_wconf 91' lang='lat' dir='ltr'>quae</span> <span class='ocrx_word' id='word_1_152' title='bbox 1156 2483 1293 2547; x_wconf 80' lang='lat' dir='ltr'>allicitur</span> <span class='ocrx_word' id='word_1_153' title='bbox 1316 2503 1370 2547; x_wconf 88' lang='lat' dir='ltr'>uu.</span> <span class='ocrx_word' id='word_1_154' title='bbox 1393 2486 1448 2545; x_wconf 81' lang='lat' dir='ltr'>cat</span> <span class='ocrx_word' id='word_1_155' title='bbox 1469 2482 1555 2545; x_wconf 78' lang='lat' dir='ltr'>tristi</span> 
     </span>
     <span class='ocr_line' id='line_1_20' title="bbox 328 2586 1556 2677; baseline -0.002 -24"><span class='ocrx_word' id='word_1_156' title='bbox 328 2591 421 2665; x_wconf 69' lang='lat' dir='ltr'>iram,</span> <span class='ocrx_word' id='word_1_157' title='bbox 443 2590 665 2676; x_wconf 84' lang='lat' dir='ltr'>uixposuisse</span> <span class='ocrx_word' id='word_1_158' title='bbox 681 2599 789 2677; x_wconf 88' lang='lat' dir='ltr'>potest</span> <span class='ocrx_word' id='word_1_159' title='bbox 803 2587 969 2665; x_wconf 85' lang='lat' dir='ltr'>Valerius,</span> <span class='ocrx_word' id='word_1_160' title='bbox 992 2590 1027 2655; x_wconf 90' lang='lat' dir='ltr'>ni</span> <span class='ocrx_word' id='word_1_161' title='bbox 1050 2588 1247 2656; x_wconf 87' lang='lat' dir='ltr'>dormitasse</span> <span class='ocrx_word' id='word_1_162' title='bbox 1267 2610 1342 2653; x_wconf 89' lang='lat' dir='ltr'>eum</span> <span class='ocrx_word' id='word_1_163' title='bbox 1365 2586 1556 2653; x_wconf 82' lang='lat' dir='ltr'>credideris.</span> 
     </span>
     <span class='ocr_line' id='line_1_21' title="bbox 329 2684 1558 2784; baseline -0.002 -21"><span class='ocrx_word' id='word_1_164' title='bbox 329 2693 543 2763; x_wconf 83' lang='lat' dir='ltr'>Desideratur</span> <span class='ocrx_word' id='word_1_165' title='bbox 566 2684 675 2784; x_wconf 80' lang='lat' dir='ltr'>potius</span> <span class='ocrx_word' id='word_1_166' title='bbox 703 2706 758 2766; x_wconf 75' lang='lat' dir='ltr'>crat</span> <span class='ocrx_word' id='word_1_167' title='bbox 777 2700 866 2764; x_wconf 80' lang='lat' dir='ltr'>tristi</span> <span class='ocrx_word' id='word_1_168' title='bbox 892 2717 958 2762; x_wconf 78' lang='lat' dir='ltr'>sum</span> <span class='ocrx_word' id='word_1_169' title='bbox 988 2695 1042 2762; x_wconf 90' lang='lat' dir='ltr'>uel</span> <span class='ocrx_word' id='word_1_170' title='bbox 1064 2696 1172 2762; x_wconf 91' lang='lat' dir='ltr'>simile</span> <span class='ocrx_word' id='word_1_171' title='bbox 1199 2695 1332 2784; x_wconf 90' lang='lat' dir='ltr'>aliquid.</span> <span class='ocrx_word' id='word_1_172' title='bbox 1379 2694 1444 2778; x_wconf 74' lang='lat' dir='ltr'>(cf.</span> <span class='ocrx_word' id='word_1_173' title='bbox 1467 2717 1558 2760; x_wconf 91' lang='lat' dir='ltr'>com·</span> 
     </span>
     <span class='ocr_line' id='line_1_22' title="bbox 330 2801 1560 2894; baseline -0.003 -25"><span class='ocrx_word' id='word_1_174' title='bbox 330 2812 468 2869; x_wconf 79' lang='lat' dir='ltr'>menter.</span> <span class='ocrx_word' id='word_1_175' title='bbox 492 2809 608 2883; x_wconf 85' lang='lat' dir='ltr'>nostr.)</span> <span class='ocrx_word' id='word_1_176' title='bbox 663 2804 715 2870; x_wconf 83' lang='lat' dir='ltr'>Ac</span> <span class='ocrx_word' id='word_1_177' title='bbox 738 2827 780 2871; x_wconf 88' lang='lat' dir='ltr'>ue</span> <span class='ocrx_word' id='word_1_178' title='bbox 802 2827 844 2871; x_wconf 86' lang='lat' dir='ltr'>ea</span> <span class='ocrx_word' id='word_1_179' title='bbox 867 2804 1015 2894; x_wconf 81' lang='lat' dir='ltr'>quidem,</span> <span class='ocrx_word' id='word_1_180' title='bbox 1044 2825 1128 2892; x_wconf 90' lang='lat' dir='ltr'>quae</span> <span class='ocrx_word' id='word_1_181' title='bbox 1151 2801 1212 2881; x_wconf 82' lang='lat' dir='ltr'>vt,</span> <span class='ocrx_word' id='word_1_182' title='bbox 1242 2805 1282 2880; x_wconf 80' lang='lat'>2,</span> <span class='ocrx_word' id='word_1_183' title='bbox 1305 2805 1326 2870; x_wconf 83' lang='lat'><strong>3</strong></span> <span class='ocrx_word' id='word_1_184' title='bbox 1349 2805 1384 2868; x_wconf 94' lang='lat' dir='ltr'>in</span> <span class='ocrx_word' id='word_1_185' title='bbox 1406 2803 1560 2890; x_wconf 84' lang='lat' dir='ltr'>margine</span> 
     </span>
     <span class='ocr_line' id='line_1_23' title="bbox 329 2909 1562 2999; baseline -0.003 -23"><span class='ocrx_word' id='word_1_186' title='bbox 329 2909 510 2976; x_wconf 83' lang='lat' dir='ltr'>Bemensis</span> <span class='ocrx_word' id='word_1_187' title='bbox 528 2909 603 2976; x_wconf 86' lang='lat' dir='ltr'>libri</span> <span class='ocrx_word' id='word_1_188' title='bbox 618 2913 762 2999; x_wconf 85' lang='lat' dir='ltr'>ascripta</span> <span class='ocrx_word' id='word_1_189' title='bbox 777 2924 863 2989; x_wconf 84' lang='lat' dir='ltr'>sunt,</span> <span class='ocrx_word' id='word_1_190' title='bbox 881 2918 1060 2996; x_wconf 76' lang='lat' dir='ltr'>prementes</span> <span class='ocrx_word' id='word_1_191' title='bbox 1082 2933 1147 2989; x_wconf 87' lang='lat' dir='ltr'>erc,</span> <span class='ocrx_word' id='word_1_192' title='bbox 1171 2911 1289 2999; x_wconf 93' lang='lat' dir='ltr'>quibus</span> <span class='ocrx_word' id='word_1_193' title='bbox 1313 2911 1449 2998; x_wconf 79' lang='lat' dir='ltr'>egregie</span> <span class='ocrx_word' id='word_1_194' title='bbox 1477 2929 1562 2974; x_wconf 89' lang='lat' dir='ltr'>sane</span> 
     </span>
     <span class='ocr_line' id='line_1_24' title="bbox 331 3016 1563 3106; baseline -0.002 -24"><span class='ocrx_word' id='word_1_195' title='bbox 331 3016 489 3083; x_wconf 83' lang='lat' dir='ltr'>damnum</span> <span class='ocrx_word' id='word_1_196' title='bbox 511 3016 690 3106; x_wconf 87' lang='lat' dir='ltr'>archetypo</span> <span class='ocrx_word' id='word_1_197' title='bbox 713 3019 822 3084; x_wconf 91' lang='lat' dir='ltr'>codici</span> <span class='ocrx_word' id='word_1_198' title='bbox 848 3019 973 3088; x_wconf 90' lang='lat' dir='ltr'>illatum</span> <span class='ocrx_word' id='word_1_199' title='bbox 1001 3021 1159 3095; x_wconf 86' lang='lat' dir='ltr'>relicitur,</span> <span class='ocrx_word' id='word_1_200' title='bbox 1186 3017 1277 3084; x_wconf 88' lang='lat' dir='ltr'>haud</span> <span class='ocrx_word' id='word_1_201' title='bbox 1307 3019 1415 3084; x_wconf 89' lang='lat' dir='ltr'>insciti</span> <span class='ocrx_word' id='word_1_202' title='bbox 1448 3037 1563 3082; x_wconf 83' lang='lat' dir='ltr'>emen-</span> 
     </span>
     <span class='ocr_line' id='line_1_25' title="bbox 332 3123 1565 3213; baseline -0.002 -23"><span class='ocrx_word' id='word_1_203' title='bbox 332 3124 458 3190; x_wconf 88' lang='lat' dir='ltr'>datoris</span> <span class='ocrx_word' id='word_1_204' title='bbox 484 3126 593 3211; x_wconf 90' lang='lat' dir='ltr'>potius</span> <span class='ocrx_word' id='word_1_205' title='bbox 623 3126 818 3192; x_wconf 88' lang='lat' dir='ltr'>diuinatioui</span> <span class='ocrx_word' id='word_1_206' title='bbox 846 3125 987 3195; x_wconf 86' lang='lat' dir='ltr'>tribuere</span> <span class='ocrx_word' id='word_1_207' title='bbox 1016 3125 1255 3203; x_wconf 83' lang='lat' dir='ltr'>dubitaremus,</span> <span class='ocrx_word' id='word_1_208' title='bbox 1287 3147 1388 3213; x_wconf 88' lang='lat' dir='ltr'>quam</span> <span class='ocrx_word' id='word_1_209' title='bbox 1424 3145 1466 3188; x_wconf 83' lang='lat' dir='ltr'>ex</span> <span class='ocrx_word' id='word_1_210' title='bbox 1495 3123 1565 3189; x_wconf 88' lang='lat' dir='ltr'>alio</span> 
     </span>
     <span class='ocr_line' id='line_1_26' title="bbox 330 3229 1568 3321; baseline -0.002 -25"><span class='ocrx_word' id='word_1_211' title='bbox 330 3231 413 3296; x_wconf 91' lang='lat' dir='ltr'>libro</span> <span class='ocrx_word' id='word_1_212' title='bbox 442 3231 574 3297; x_wconf 88' lang='lat' dir='ltr'>diuerso</span> <span class='ocrx_word' id='word_1_213' title='bbox 604 3233 646 3298; x_wconf 88' lang='lat' dir='ltr'>ab</span> <span class='ocrx_word' id='word_1_214' title='bbox 676 3231 854 3321; x_wconf 86' lang='lat' dir='ltr'>archetypo</span> <span class='ocrx_word' id='word_1_215' title='bbox 883 3245 1030 3299; x_wconf 88' lang='lat' dir='ltr'>correcta</span> <span class='ocrx_word' id='word_1_216' title='bbox 1059 3234 1260 3308; x_wconf 84' lang='lat' dir='ltr'>existimare,</span> <span class='ocrx_word' id='word_1_217' title='bbox 1296 3233 1362 3298; x_wconf 90' lang='lat' dir='ltr'>nisi</span> <span class='ocrx_word' id='word_1_218' title='bbox 1391 3230 1449 3296; x_wconf 84' lang='lat' dir='ltr'>tali</span> <span class='ocrx_word' id='word_1_219' title='bbox 1478 3229 1568 3294; x_wconf 91' lang='lat' dir='ltr'>libro</span> 
     </span>
     <span class='ocr_line' id='line_1_27' title="bbox 332 3339 1571 3428; baseline -0.004 -23"><span class='ocrx_word' id='word_1_220' title='bbox 332 3360 408 3405; x_wconf 80' lang='lat' dir='ltr'>eum</span> <span class='ocrx_word' id='word_1_221' title='bbox 434 3358 533 3407; x_wconf 88' lang='lat' dir='ltr'>usum</span> <span class='ocrx_word' id='word_1_222' title='bbox 559 3360 635 3406; x_wconf 85' lang='lat' dir='ltr'>esse</span> <span class='ocrx_word' id='word_1_223' title='bbox 664 3341 776 3406; x_wconf 90' lang='lat' dir='ltr'>tertius</span> <span class='ocrx_word' id='word_1_224' title='bbox 804 3341 897 3408; x_wconf 66' lang='lat' dir='ltr'>toene</span> <span class='ocrx_word' id='word_1_225' title='bbox 926 3339 986 3417; x_wconf 79' lang='grc' dir='ltr'>ΠΙ,</span> <span class='ocrx_word' id='word_1_226' title='bbox 1020 3341 1057 3416; x_wconf 81' lang='grc'>2,</span> <span class='ocrx_word' id='word_1_227' title='bbox 1086 3341 1132 3406; x_wconf 80' lang='lat'>10</span> <span class='ocrx_word' id='word_1_228' title='bbox 1167 3340 1291 3428; x_wconf 81' lang='lat' dir='ltr'>insigni</span> <span class='ocrx_word' id='word_1_229' title='bbox 1321 3339 1571 3406; x_wconf 85' lang='lat' dir='ltr'>demonstraret</span> 
     </span>
     <span class='ocr_line' id='line_1_28' title="bbox 332 3443 1572 3535; baseline -0.002 -25"><span class='ocrx_word' id='word_1_230' title='bbox 332 3445 491 3535; x_wconf 89' lang='lat' dir='ltr'>exemplo,</span> <span class='ocrx_word' id='word_1_231' title='bbox 514 3447 571 3512; x_wconf 91' lang='lat' dir='ltr'>ubi</span> <span class='ocrx_word' id='word_1_232' title='bbox 592 3447 715 3513; x_wconf 89' lang='lat' dir='ltr'>lacuna</span> <span class='ocrx_word' id='word_1_233' title='bbox 728 3447 853 3513; x_wconf 88' lang='lat' dir='ltr'>codicis</span> <span class='ocrx_word' id='word_1_234' title='bbox 871 3446 1049 3535; x_wconf 81' lang='lat' dir='ltr'>archetypi,</span> <span class='ocrx_word' id='word_1_235' title='bbox 1073 3457 1155 3524; x_wconf 84' lang='lat' dir='ltr'>orta,</span> <span class='ocrx_word' id='word_1_236' title='bbox 1179 3445 1267 3534; x_wconf 91' lang='lat' dir='ltr'>quod</span> <span class='ocrx_word' id='word_1_237' title='bbox 1278 3445 1431 3511; x_wconf 92' lang='lat' dir='ltr'>librarius</span> <span class='ocrx_word' id='word_1_238' title='bbox 1456 3443 1572 3509; x_wconf 89' lang='lat' dir='ltr'>ueloci</span> 
     </span>
     <span class='ocr_line' id='line_1_29' title="bbox 332 3547 1574 3640; baseline -0.004 -21"><span class='ocrx_word' id='word_1_239' title='bbox 332 3553 427 3621; x_wconf 92' lang='lat' dir='ltr'>oculo</span> <span class='ocrx_word' id='word_1_240' title='bbox 451 3577 473 3620; x_wconf 90' lang='lat' dir='ltr'>a</span> <span class='ocrx_word' id='word_1_241' title='bbox 496 3553 626 3640; x_wconf 82' lang='lat' dir='ltr'>syllaba</span> <span class='ocrx_word' id='word_1_242' title='bbox 648 3575 717 3620; x_wconf 84' lang='lat' dir='ltr'>cam</span> <span class='ocrx_word' id='word_1_243' title='bbox 744 3556 780 3620; x_wconf 92' lang='lat' dir='ltr'>in</span> <span class='ocrx_word' id='word_1_244' title='bbox 801 3576 835 3620; x_wconf 87' lang='lat' dir='ltr'>u.</span> <span class='ocrx_word' id='word_1_245' title='bbox 852 3551 1005 3640; x_wconf 59' lang='lat' dir='ltr'>wicum</span> <span class='ocrx_word' id='word_1_246' title='bbox 1033 3553 1077 3619; x_wconf 90' lang='lat' dir='ltr'>ad</span> <span class='ocrx_word' id='word_1_247' title='bbox 1105 3547 1245 3620; x_wconf 83' lang='lat' dir='ltr'>eandem</span> <span class='ocrx_word' id='word_1_248' title='bbox 1267 3554 1302 3617; x_wconf 91' lang='lat' dir='ltr'>in</span> <span class='ocrx_word' id='word_1_249' title='bbox 1324 3575 1357 3616; x_wconf 92' lang='lat' dir='ltr'>u.</span> <span class='ocrx_word' id='word_1_250' title='bbox 1380 3571 1574 3635; x_wconf 70' lang='lat' dir='ltr'>camporum</span> 
     </span>
     <span class='ocr_line' id='line_1_30' title="bbox 333 3657 1574 3751; baseline -0.003 -27"><span class='ocrx_word' id='word_1_251' title='bbox 333 3661 540 3738; x_wconf 84' lang='lat' dir='ltr'>transilierat,</span> <span class='ocrx_word' id='word_1_252' title='bbox 564 3664 611 3728; x_wconf 89' lang='lat' dir='ltr'>ita</span> <span class='ocrx_word' id='word_1_253' title='bbox 633 3662 762 3751; x_wconf 86' lang='lat' dir='ltr'>expleta</span> <span class='ocrx_word' id='word_1_254' title='bbox 783 3673 835 3727; x_wconf 88' lang='lat' dir='ltr'>est</span> <span class='ocrx_word' id='word_1_255' title='bbox 856 3673 892 3726; x_wconf 90' lang='lat' dir='ltr'>ut</span> <span class='ocrx_word' id='word_1_256' title='bbox 920 3661 962 3725; x_wconf 88' lang='lat' dir='ltr'>de</span> <span class='ocrx_word' id='word_1_257' title='bbox 985 3663 1174 3726; x_wconf 86' lang='lat' dir='ltr'>coniectura</span> <span class='ocrx_word' id='word_1_258' title='bbox 1200 3660 1392 3727; x_wconf 87' lang='lat' dir='ltr'>recentioris</span> <span class='ocrx_word' id='word_1_259' title='bbox 1416 3657 1574 3722; x_wconf 87' lang='lat' dir='ltr'>hominis</span> 
     </span>
     <span class='ocr_line' id='line_1_31' title="bbox 334 3767 1574 3858; baseline -0.001 -29"><span class='ocrx_word' id='word_1_260' title='bbox 334 3767 473 3854; x_wconf 78' lang='lat' dir='ltr'>cogitari</span> <span class='ocrx_word' id='word_1_261' title='bbox 501 3770 634 3834; x_wconf 86' lang='lat' dir='ltr'>omuino</span> <span class='ocrx_word' id='word_1_262' title='bbox 658 3780 810 3856; x_wconf 81' lang='lat' dir='ltr'>nequeat</span> <span class='ocrx_word' id='word_1_263' title='bbox 856 3767 1024 3858; x_wconf 77' lang='lat' dir='ltr'>leguntur</span> <span class='ocrx_word' id='word_1_264' title='bbox 1042 3769 1128 3834; x_wconf 88' lang='lat' dir='ltr'>enim</span> <span class='ocrx_word' id='word_1_265' title='bbox 1146 3768 1180 3832; x_wconf 94' lang='lat' dir='ltr'>in</span> <span class='ocrx_word' id='word_1_266' title='bbox 1195 3767 1346 3855; x_wconf 82' lang='lat' dir='ltr'>margine</span> <span class='ocrx_word' id='word_1_267' title='bbox 1362 3788 1419 3830; x_wconf 89' lang='lat' dir='ltr'>uu.</span> <span class='ocrx_word' id='word_1_268' title='bbox 1431 3767 1574 3829; x_wconf 82' lang='lat' dir='ltr'>classem</span> 
     </span>
     <span class='ocr_line' id='line_1_32' title="bbox 332 3871 1574 3962; baseline -0.004 -23"><span class='ocrx_word' id='word_1_269' title='bbox 332 3876 441 3939; x_wconf 70' lang='lat' dir='ltr'>emico</span> <span class='ocrx_word' id='word_1_270' title='bbox 463 3873 595 3938; x_wconf 73' lang='lat' dir='ltr'>lubricis</span> <span class='ocrx_word' id='word_1_271' title='bbox 611 3878 718 3962; x_wconf 65' lang='lat' dir='ltr'>priapi</span> <span class='ocrx_word' id='word_1_272' title='bbox 741 3878 832 3959; x_wconf 77' lang='lat' dir='ltr'>quari</span> <span class='ocrx_word' id='word_1_273' title='bbox 855 3897 940 3952; x_wconf 82' lang='lat' dir='ltr'>cum,</span> <span class='ocrx_word' id='word_1_274' title='bbox 964 3874 1143 3942; x_wconf 85' lang='lat' dir='ltr'>inserenda</span> <span class='ocrx_word' id='word_1_275' title='bbox 1165 3877 1200 3941; x_wconf 92' lang='lat' dir='ltr'>in</span> <span class='ocrx_word' id='word_1_276' title='bbox 1227 3885 1375 3940; x_wconf 90' lang='lat' dir='ltr'>monstro</span> <span class='ocrx_word' id='word_1_277' title='bbox 1399 3871 1574 3948; x_wconf 67' lang='lat' dir='ltr'>uocabuli,</span> 
     </span>
     <span class='ocr_line' id='line_1_33' title="bbox 335 3975 1223 4067; baseline 0.007 -26"><span class='ocrx_word' id='word_1_278' title='bbox 335 3975 424 4066; x_wconf 93' lang='lat' dir='ltr'>quod</span> <span class='ocrx_word' id='word_1_279' title='bbox 447 3979 533 4044; x_wconf 89' lang='lat' dir='ltr'>inter</span> <span class='ocrx_word' id='word_1_280' title='bbox 554 3981 631 4067; x_wconf 89' lang='lat' dir='ltr'>ipsa</span> <span class='ocrx_word' id='word_1_281' title='bbox 652 3979 756 4047; x_wconf 89' lang='lat' dir='ltr'>uerba</span> <span class='ocrx_word' id='word_1_282' title='bbox 778 3994 836 4058; x_wconf 83' lang='lat' dir='ltr'>cst,</span> <span class='ocrx_word' id='word_1_283' title='bbox 854 3983 1126 4066; x_wconf 75' lang='lat' dir='ltr'>pacicomporum.</span> <span class='ocrx_word' id='word_1_284' title='bbox 1221 3997 1223 4002; x_wconf 82' lang='grc'>’</span> 
     </span>
    </p>

    <p class='ocr_par' dir='ltr' id='par_1_4' title="bbox 334 4083 1574 4823">
     <span class='ocr_line' id='line_1_34' title="bbox 424 4083 1574 4173; baseline -0.003 -22"><span class='ocrx_word' id='word_1_285' title='bbox 424 4084 632 4173; x_wconf 86' lang='lat' dir='ltr'>Quapropter</span> <span class='ocrx_word' id='word_1_286' title='bbox 662 4110 737 4154; x_wconf 88' lang='lat' dir='ltr'>eum</span> <span class='ocrx_word' id='word_1_287' title='bbox 766 4089 834 4154; x_wconf 86' lang='lat' dir='ltr'>iam</span> <span class='ocrx_word' id='word_1_288' title='bbox 863 4099 990 4156; x_wconf 87' lang='lat' dir='ltr'>constet</span> <span class='ocrx_word' id='word_1_289' title='bbox 1017 4086 1210 4155; x_wconf 87' lang='lat' dir='ltr'>adhibuisse</span> <span class='ocrx_word' id='word_1_290' title='bbox 1239 4097 1462 4154; x_wconf 83' lang='lat' dir='ltr'>correctorem</span> <span class='ocrx_word' id='word_1_291' title='bbox 1498 4083 1574 4150; x_wconf 69' lang='lat' dir='ltr'>libr</span> 
     </span>
     <span class='ocr_line' id='line_1_35' title="bbox 334 4177 1571 4285; baseline -0.003 -25"><span class='ocrx_word' id='word_1_292' title='bbox 334 4192 433 4262; x_wconf 85' lang='lat' dir='ltr'>Bere.</span> <span class='ocrx_word' id='word_1_293' title='bbox 462 4205 591 4281; x_wconf 89' lang='lat' dir='ltr'>praeter</span> <span class='ocrx_word' id='word_1_294' title='bbox 621 4194 752 4261; x_wconf 88' lang='lat' dir='ltr'>Paridis</span> <span class='ocrx_word' id='word_1_295' title='bbox 785 4197 961 4283; x_wconf 81' lang='lat' dir='ltr'>epitomum</span> <span class='ocrx_word' id='word_1_296' title='bbox 995 4193 1084 4262; x_wconf 90' lang='lat' dir='ltr'>aliud</span> <span class='ocrx_word' id='word_1_297' title='bbox 1120 4217 1250 4285; x_wconf 92' lang='lat' dir='ltr'>quoque</span> <span class='ocrx_word' id='word_1_298' title='bbox 1284 4177 1404 4283; x_wconf 82' lang='lat' dir='ltr'>integri</span> <span class='ocrx_word' id='word_1_299' title='bbox 1440 4191 1571 4258; x_wconf 87' lang='lat' dir='ltr'>Valeri</span> 
     </span>
     <span class='ocr_line' id='line_1_36' title="bbox 337 4299 1574 4391; baseline -0.002 -26"><span class='ocrx_word' id='word_1_300' title='bbox 337 4300 520 4387; x_wconf 84' lang='lat' dir='ltr'>exemplar,</span> <span class='ocrx_word' id='word_1_301' title='bbox 549 4304 714 4390; x_wconf 90' lang='lat' dir='ltr'>quaeritur</span> <span class='ocrx_word' id='word_1_302' title='bbox 736 4323 823 4370; x_wconf 88' lang='lat' dir='ltr'>anne</span> <span class='ocrx_word' id='word_1_303' title='bbox 846 4323 887 4367; x_wconf 87' lang='lat' dir='ltr'>ex</span> <span class='ocrx_word' id='word_1_304' title='bbox 911 4325 951 4368; x_wconf 90' lang='lat' dir='ltr'>eo</span> <span class='ocrx_word' id='word_1_305' title='bbox 975 4299 1223 4370; x_wconf 88' lang='lat' dir='ltr'>emendationes</span> <span class='ocrx_word' id='word_1_306' title='bbox 1251 4301 1434 4391; x_wconf 88' lang='lat' dir='ltr'>permultae</span> <span class='ocrx_word' id='word_1_307' title='bbox 1468 4299 1574 4364; x_wconf 84' lang='lat' dir='ltr'>fluxe</span> 
     </span>
     <span class='ocr_line' id='line_1_37' title="bbox 336 4409 1574 4504; baseline -0.002 -31"><span class='ocrx_word' id='word_1_308' title='bbox 336 4410 410 4484; x_wconf 82' lang='lat' dir='ltr'>rint,</span> <span class='ocrx_word' id='word_1_309' title='bbox 434 4429 519 4496; x_wconf 85' lang='lat' dir='ltr'>quae</span> <span class='ocrx_word' id='word_1_310' title='bbox 540 4429 608 4475; x_wconf 90' lang='lat' dir='ltr'>non</span> <span class='ocrx_word' id='word_1_311' title='bbox 630 4409 785 4476; x_wconf 89' lang='lat' dir='ltr'>eParide</span> <span class='ocrx_word' id='word_1_312' title='bbox 801 4410 1003 4499; x_wconf 88' lang='lat' dir='ltr'>desumptae,</span> <span class='ocrx_word' id='word_1_313' title='bbox 1028 4411 1168 4477; x_wconf 91' lang='lat' dir='ltr'>eandem</span> <span class='ocrx_word' id='word_1_314' title='bbox 1184 4421 1293 4477; x_wconf 89' lang='lat' dir='ltr'>tamen</span> <span class='ocrx_word' id='word_1_315' title='bbox 1308 4429 1447 4504; x_wconf 85' lang='lat' dir='ltr'>manum</span> <span class='ocrx_word' id='word_1_316' title='bbox 1475 4417 1574 4494; x_wconf 71' lang='lat' dir='ltr'>atqu&lt;</span> 
     </span>
     <span class='ocr_line' id='line_1_38' title="bbox 336 4515 1574 4608; baseline -0.002 -27"><span class='ocrx_word' id='word_1_317' title='bbox 336 4516 485 4604; x_wconf 89' lang='lat' dir='ltr'>reliquae</span> <span class='ocrx_word' id='word_1_318' title='bbox 505 4515 785 4602; x_wconf 80' lang='lat' dir='ltr'>interpolationes,</span> <span class='ocrx_word' id='word_1_319' title='bbox 809 4539 948 4605; x_wconf 84' lang='lat' dir='ltr'>quarum</span> <span class='ocrx_word' id='word_1_320' title='bbox 971 4520 1135 4608; x_wconf 83' lang='lat' dir='ltr'>originem</span> <span class='ocrx_word' id='word_1_321' title='bbox 1156 4517 1387 4594; x_wconf 87' lang='lat' dir='ltr'>iudicauimus,</span> <span class='ocrx_word' id='word_1_322' title='bbox 1411 4515 1574 4604; x_wconf 91' lang='lat' dir='ltr'>produnt</span> 
     </span>
     <span class='ocr_line' id='line_1_39' title="bbox 338 4621 1574 4716; baseline 0 -28"><span class='ocrx_word' id='word_1_323' title='bbox 338 4621 438 4702; x_wconf 89' lang='lat' dir='ltr'>Quod</span> <span class='ocrx_word' id='word_1_324' title='bbox 459 4623 491 4690; x_wconf 89' lang='lat' dir='ltr'>si</span> <span class='ocrx_word' id='word_1_325' title='bbox 512 4624 759 4692; x_wconf 88' lang='lat' dir='ltr'>concedendum</span> <span class='ocrx_word' id='word_1_326' title='bbox 775 4624 844 4700; x_wconf 82' lang='lat' dir='ltr'>erit,</span> <span class='ocrx_word' id='word_1_327' title='bbox 868 4621 1034 4692; x_wconf 87' lang='lat' dir='ltr'>habebunt</span> <span class='ocrx_word' id='word_1_328' title='bbox 1057 4637 1089 4692; x_wconf 90' lang='lat' dir='ltr'>et</span> <span class='ocrx_word' id='word_1_329' title='bbox 1106 4629 1201 4716; x_wconf 89' lang='lat' dir='ltr'>ipsae</span> <span class='ocrx_word' id='word_1_330' title='bbox 1217 4647 1314 4692; x_wconf 88' lang='lat' dir='ltr'>suam</span> <span class='ocrx_word' id='word_1_331' title='bbox 1330 4623 1574 4692; x_wconf 88' lang='lat' dir='ltr'>auctoritatem</span> 
     </span>
     <span class='ocr_line' id='line_1_40' title="bbox 337 4729 1574 4823; baseline 0.001 -27"><span class='ocrx_word' id='word_1_332' title='bbox 337 4729 484 4818; x_wconf 82' lang='lat' dir='ltr'>profecto</span> <span class='ocrx_word' id='word_1_333' title='bbox 511 4753 579 4800; x_wconf 87' lang='lat' dir='ltr'>uon</span> <span class='ocrx_word' id='word_1_334' title='bbox 607 4732 845 4821; x_wconf 87' lang='lat' dir='ltr'>spernendam,</span> <span class='ocrx_word' id='word_1_335' title='bbox 877 4732 998 4822; x_wconf 86' lang='lat' dir='ltr'>quippe</span> <span class='ocrx_word' id='word_1_336' title='bbox 1028 4753 1113 4823; x_wconf 87' lang='lat' dir='ltr'>quae</span> <span class='ocrx_word' id='word_1_337' title='bbox 1140 4734 1176 4802; x_wconf 89' lang='lat' dir='ltr'>iu</span> <span class='ocrx_word' id='word_1_338' title='bbox 1205 4733 1289 4802; x_wconf 90' lang='lat' dir='ltr'>libro</span> <span class='ocrx_word' id='word_1_339' title='bbox 1320 4733 1403 4802; x_wconf 88' lang='lat' dir='ltr'>satis</span> <span class='ocrx_word' id='word_1_340' title='bbox 1436 4729 1574 4820; x_wconf 74' lang='lat' dir='ltr'>quiden</span> 
     </span>
    </p>
   </div>
   <div class='ocr_carea' id='block_1_3' title="bbox 0 0 1730 5400">
    <p class='ocr_par' dir='ltr' id='par_1_5' title="bbox 0 0 1730 5400">
     <span class='ocr_line' id='line_1_41' title="bbox 0 0 1730 5400; baseline 0 0"><span class='ocrx_word' id='word_1_341' title='bbox 0 0 1730 5400; x_wconf 95' lang='lat' dir='ltr'> </span> 
     </span>
    </p>
   </div>
  </div>
 </body>
</html>
