3409 5400
287 484 353 553 370
754 474 812 539 nu
837 420 1045 538 nuruum.

209 607 216 623 ⁸
285 644 464 710 Persarum
499 638 631 705 adulata
664 646 831 721 tamquam
868 632 1088 698 Alexandrum
1124 632 1288 697 salutauit.
1334 630 1516 695 Admonita

287 749 404 815 deinde
420 800 425 817 .
439 748 558 811 erroris
589 764 647 831 per
683 762 846 807 summum
878 740 1126 825 trepidationem
1158 739 1376 804 excusationis
1410 736 1515 801 uerba

287 854 472 943 quaerebat.
512 852 583 917 Oui·
597 848 793 921 Alexander,
818 844 918 911 ‘Nihil
942 846 1011 922 esd,
1034 848 1148 933 inquit,
1172 846 1272 934 ‘quod
1293 845 1357 909 hoe
1378 844 1513 907 nomine

286 960 513 1035 confundaris;
536 978 614 1021 nam
638 966 669 1019 et
690 953 745 1017 hic
757 952 945 1019 Alexander
968 953 1038 1017 est?
1082 952 1155 1018 Vtri
1169 956 1259 1040 prius
1284 946 1511 1040 gratulemur?

287 1070 343 1155 qui
365 1067 430 1131 hoc
463 1066 570 1130 dicere
600 1062 701 1127 uoluit
735 1082 778 1125 an
813 1060 867 1122 cui
900 1060 1012 1123 audire
1047 1058 1211 1147 contigit?
1256 1058 1389 1123 Maximi
1425 1056 1533 1119 enims

286 1175 387 1238 animi
410 1193 477 1247 rex,
502 1180 533 1234 et
554 1170 621 1233 iam
644 1179 745 1232 totum
780 1176 939 1230 terrarum
968 1168 1080 1231 orbem
1110 1177 1165 1231 aut
1191 1166 1337 1230 uictoriis
1368 1174 1424 1229 aut
1452 1184 1512 1249 spe

286 1278 483 1365 conplexus,
512 1288 576 1339 tam
606 1276 722 1359 paucis
752 1274 863 1337 uerbis
895 1294 931 1336 se
961 1296 1035 1338 eum
1064 1274 1182 1337 comite
1206 1295 1267 1339 suo
1290 1274 1427 1361 partitus
1452 1281 1511 1335 est.

287 1384 317 1451 Ο
341 1384 462 1448 donum
485 1381 615 1447 inclitae
633 1382 737 1454 uocis,
761 1379 850 1443 danti
873 1380 994 1464 pariter
1009 1392 1107 1466 atquc
1122 1381 1294 1467 accipienti
1310 1375 1512 1467 speciosum!

287 1490 386 1571 Quod
408 1489 558 1575 priuatim
582 1508 711 1573 quoque
733 1486 847 1550 merito
871 1507 1021 1562 ueneror,
1045 1486 1221 1552 clarissimi
1243 1510 1282 1551 ac
1304 1484 1512 1552 disertissimi

285 1598 347 1663 uiri
370 1595 648 1681 promptissimam
673 1613 755 1679 erga
776 1612 829 1656 me
853 1592 1106 1657 beniuolentiam
1136 1606 1297 1679 expertus.
1342 1590 1413 1657 Nec
1442 1609 1546 1656 mero

285 1713 341 1765 tuo
365 1722 406 1764 ne
429 1720 546 1785 parum
570 1698 745 1763 conueniat
766 1696 847 1761 mihi
869 1697 1063 1786 Pompeium
1083 1720 1193 1765 meum
1213 1701 1318 1765 instar
1338 1719 1414 1763 esse
1436 1696 1510 1761 Ale·

284 1806 416 1881 xandri,
446 1828 520 1868 eum
548 1805 594 1869 illi
624 1803 827 1889 Hephaestio
857 1827 936 1869 suus
967 1806 1046 1870 alter
1076 1807 1172 1870 fuerit
1194 1806 1390 1872 Alexander.
1436 1804 1511 1891 Ego

284 1932 364 1975 uero
397 1912 595 1997 grauissimo
626 1911 753 1974 crimini
784 1895 860 1975 sim*
878 1912 1049 1989 obnoxius
1078 1915 1259 1978 constantis
1289 1924 1319 1975 et
1346 1912 1511 1999 benignae

285 2018 446 2083 amicitiae
481 2016 629 2103 exempla
657 2017 727 2081 sine
755 2016 821 2081 ulla
850 2020 921 2082 eius
952 2019 1117 2083 mentione
1146 2031 1387 2106 transgressus,
1418 2020 1510 2082 euius

283 2126 319 2188 in
342 2124 452 2189 animo
476 2122 564 2187 uelut
585 2124 619 2186 iu
642 2134 812 2209 parentum
837 2126 1140 2190 amantissimorum
1163 2138 1293 2211 pectere
1315 2125 1431 2190 laetior
1460 2125 1547 2187 uin

284 2242 336 2294 tae
359 2251 453 2295 meae
478 2238 582 2295 status
606 2231 721 2316 uiguit,
745 2232 867 2295 tristior
889 2231 1075 2317 adquieuit3
1105 2254 1127 2297 a
1149 2256 1214 2320 quo
1244 2234 1390 2298 omnium
1420 2254 1508 2295 com·

282 2335 455 2401 modorum
476 2337 679 2401 incrementa
700 2336 784 2399 ultro
808 2337 919 2402 oblata
935 2339 1026 2422 ecpi;
1050 2360 1109 2423 per
1124 2361 1220 2425 quem
1236 2342 1333 2403 tutior
1348 2338 1509 2403 aduersus

284 2464 382 2507 casus
406 2443 495 2516 steti;
520 2444 575 2527 qui
599 2441 709 2507 studia
732 2454 843 2507 nostra
873 2444 972 2507 ductu
1000 2456 1032 2507 ct
1062 2446 1221 2530 auspiciis
1251 2448 1322 2510 suis
1349 2444 1511 2509 lucidiora

284 2554 316 2609 ct
338 2546 499 2611 alacriora
520 2547 669 2611 reddidit.
716 2546 828 2635 Itaque
860 2552 938 2634 paui
965 2550 1124 2615 inuidiam
1156 2552 1363 2638 quorundam
1394 2552 1509 2637 optimi

285 2650 383 2717 amici
404 2652 538 2726 iactura,
561 2652 713 2717 uidelicet
736 2655 811 2740 quia
842 2655 949 2720 fructu
978 2667 1148 2733 temeram,
1177 2680 1244 2723 non
1272 2658 1405 2745 quidem
1432 2678 1547 2724 meoet

239 2831 252 2848 ⁶
283 2757 411 2834 merito.
434 2757 572 2842 gratiam
596 2779 715 2834 arenul,
739 2772 1004 2849 quantacumque
1026 2765 1095 2839 fuit.
1126 2787 1199 2830 eum
1227 2764 1280 2829 his
1310 2767 1365 2852 qui
1394 2787 1436 2830 ea
1462 2765 1510 2827 uti

283 2861 456 2927 uoluerunt
477 2863 623 2947 partitus.
657 2865 782 2932 Verum
804 2868 894 2933 nulla
916 2880 983 2933 tam
1005 2872 1157 2936 modesta
1177 2872 1315 2937 felicitas
1340 2884 1399 2946 cst,
1424 2891 1508 2958 quas

283 2967 497 3072 malignitatis
523 2967 637 3034 dentes
660 2973 764 3036 uitare
787 2977 904 3060 possit.
949 2975 991 3040 Et
1014 3000 1077 3064 que
1101 2998 1237 3044 secessu
1262 2978 1425 3068 quosdam
1455 2978 1508 3042 fu·

790 3108 1002 3121 -2—-.-..

284 3161 310 3218 4.
329 3163 498 3214 contunderis
516 3161 553 3214 D.
568 3163 651 3282 'Avm
669 3193 704 3205 -
722 3163 772 3232 (1.)
791 3173 904 3232 partitus
921 3172 974 3238 est]
994 3171 1158 3241 transposuit
1173 3173 1238 3226 haec
1250 3180 1316 3243 pest
1332 3191 1357 3226 rt.
1375 3170 1425 3240 (8.)
1444 3191 1506 3239 spe·

284 3236 385 3284 closum
409 3229 445 3292 Ρ,
470 3230 517 3284 sed
540 3231 573 3282 da
591 3241 616 3284 ct
638 3234 678 3287 tit
700 3239 756 3288 Vtri
781 3243 850 3292 enim
876 3244 959 3306 prius.
982 3240 995 3311 Ι)
1017 3242 1042 3297 5.
1065 3247 1179 3296 uoluerit
1195 3261 1242 3314 pr.
1266 3245 1298 3299 A.
1327 3248 1410 3297 noluit
1433 3245 1494 3312 Ε.)

284 3305 414 3374 contingit
437 3301 468 3356 F.
486 3304 500 3371 Ι)
517 3303 597 3384 euim]
622 3309 718 3372 quippe
742 3307 804 3376 111)
825 3309 851 3366 fi.
877 3318 904 3365 et
927 3313 993 3380 iuml
1018 3317 1100 3366 ctiam
1124 3314 1356 3370 AODEFTorr.
1384 3315 1507 3370 Correxit

282 3373 448 3432 Perizonius.
475 3379 500 3424 et
522 3387 562 3424 stc
585 3371 689 3442 [11111.
708 3383 730 3430 O
750 3383 846 3432 donum
866 3411 900 3421 -·
922 3382 989 3449 (10.)
1015 3389 1141 3450 expertus
1164 3403 1215 3442 eru.
1235 3404 1280 3457 pr.
1303 3387 1339 3442 Ε.
1355 3386 1369 3454 ΙΙ
1386 3390 1504 3454 inclytae

284 3459 355 3498 corr.
373 3445 405 3496 A.
426 3443 438 3516 ΙΙ
460 3461 492 3494 ac
511 3443 545 3496 E.
571 3448 597 3495 ei
615 3441 646 3496 F.
666 3443 677 3513 ΙΙ
697 3439 722 3498 9.
741 3455 815 3508 Quod
834 3456 958 3516 priunum
976 3482 1010 3492 -
1029 3459 1068 3523 (p.
1086 3454 1153 3516 371,
1177 3457 1215 3523 6.)
1244 3462 1340 3512 uiderit
1362 3474 1412 3512 out.
1430 3457 1461 3511 Γ.
1479 3459 1493 3526 Ι)

283 3513 327 3568 10.
344 3521 435 3568 mutuo
456 3513 510 3635 Opi
525 3509 556 3566 12
584 3513 631 3582 illi]
652 3523 679 3565 et
697 3518 734 3566 iiii
753 3521 864 3572 coniecit
877 3523 961 3577 Perit.
976 3524 989 3592 ΙΙ
1003 3543 1068 3596 ergo
1086 3526 1124 3582 D.
1139 3525 1152 3596 ΙΙ
1169 3527 1209 3582 ld.
1229 3532 1393 3598 grauissimo
1412 3527 1502 3581 Μ.

294 3585 307 3654 Ι)
322 3603 381 3638 sum
399 3585 434 3640 E.
446 3584 484 3656 ΙΙΙ
508 3625 514 3638 .
533 3589 589 3636 ulla
606 3601 656 3637 om.
674 3585 703 3640 F.
715 3587 728 3654 1)
742 3586 783 3640 15.
802 3598 938 3653 pectorum
951 3609 997 3661 pr.
1014 3596 1046 3650 A.
1060 3596 1073 3668 ss
1094 3601 1186 3652 lectior
1203 3599 1233 3652 F.
1250 3600 1264 3668 Ι)
1281 3604 1353 3652 uitae
1372 3605 1504 3654 maenius

275 3671 322 3723 pr.
341 3655 453 3724 41116.
471 3657 680 3724 commodorum]
696 3664 760 3724 post
777 3661 942 3713 incrementa
962 3661 1038 3718 Tere.
1057 3674 1288 3724 accommodorum
1302 3671 1359 3739 RH
1373 3670 1416 3725 ll.
1434 3675 1504 3723 uitro

275 3741 321 3792 pr.
339 3727 371 3778 A.
386 3725 398 3796 ΙΙ
412 3730 481 3778 tutor
501 3725 529 3778 Ο.
542 3727 555 3795 Ι)
569 3723 610 3779 18.
629 3729 757 3780 lucidiora
776 3745 824 3782 um.
838 3746 885 3798 pr.
906 3731 935 3784 C.
948 3732 961 3801 u
975 3733 1018 3786 20.
1031 3739 1103 3804 quiq
1124 3745 1192 3808 quod
1205 3741 1237 3796 F·
1249 3743 1263 3811 Η
1276 3745 1388 3795 [metum
1406 3742 1430 3795 A
1436 3740 1502 3795 DF,

290 3794 304 3861 ΙΙ
316 3795 359 3848 21.
379 3799 458 3849 suerii
476 3795 507 3850 F.
521 3796 534 3866 ΙΙ
547 3799 590 3864 qui
609 3797 653 3864 ca]
674 3801 764 3862 quieta
777 3816 823 3868 pr.
841 3800 873 3853 A.

788 3916 1001 3932 Ἦ
1143 3922 1161 3955 .

351 3969 396 4036 qui
412 3970 461 4022 Aac
478 3968 567 4024 dicen
583 3972 676 4034 uoluit)
694 3975 791 4026 Fateor
809 3993 852 4028 me
870 3994 924 4028 non
941 3981 1022 4043 plane
1040 3983 1198 4054 intellegere
1217 3989 1281 4040 iilud
1299 3989 1391 4046 misit.
1413 4007 1501 4056 neque

278 4043 437 4106 percepisse
455 4057 588 4108 umquam.
609 4059 660 4110 quo
678 4049 758 4096 modo
777 4049 810 4096 ad
830 4051 901 4099 haue
920 4065 976 4100 rem
994 4055 1128 4117 pertinent
1150 4060 1225 4126 regis
1245 4060 1348 4110 dicendi
1367 4064 1499 4116 uoluntas.

278 4111 408 4176 Suspicor
425 4116 514 4162 autern
534 4115 677 4174 Valerium,
697 4117 748 4166 hoo
767 4133 872 4184 quoque
891 4121 950 4171 loco
969 4125 1072 4175 dicendi
1091 4141 1192 4195 genere
1211 4143 1303 4189 usum.
1323 4147 1376 4193 qno
1393 4137 1500 4184 nimium

279 4187 405 4248 quantum
424 4183 572 4234 delectatus
591 4189 642 4244 est.
662 4188 806 4250 scripsisse
825 4188 872 4256 qai
887 4189 937 4242 lanc
954 4191 1045 4246 dicere
1062 4195 1155 4252 euicit.
1176 4201 1193 4253 i.
1207 4215 1231 4254 e.
1245 4203 1290 4264 qui
1302 4203 1371 4253 adeo
1390 4216 1501 4274 magna·

276 4256 364 4304 nimus
383 4257 454 4312 erat.
479 4257 506 4304 ut
531 4256 671 4319 praeclaro
694 4259 741 4308 iila
765 4261 857 4312 ederet
879 4265 971 4318 uerba.
1008 4266 1053 4316 Sic
1071 4269 1120 4327 111.
1149 4267 1175 4327 l.
1205 4269 1215 4322 l
1242 4275 1393 4337 composuit
1416 4275 1501 4342 spolia

275 4339 372 4408 rapere
388 4323 481 4379 ualuit.
503 4325 545 4383 lli.
564 4320 591 4382 2,
609 4323 634 4406 t·
644 4324 746 4408 imitari
764 4327 900 4384 Romulum
917 4334 1011 4391 ualuit.
1037 4338 1072 4395 li.
1098 4337 1129 4400 7,
1154 4337 1171 4392 d
1195 4340 1233 4393 ad
1255 4341 1305 4394 inc
1322 4343 1500 4411 perapeadan

275 4409 412 4463 impurum
425 4402 556 4464 paternae
572 4409 647 4448 aucte
663 4398 807 4452 mnistmio
825 4403 948 4471 sufficere
965 4406 1076 4461 caluisti
1088 4413 1147 4469 etc..
1167 4415 1264 4474 quinus
1284 4415 1351 4465 loeis
1370 4419 1502 4481 perpetua

274 4468 302 4516 ln
336 4469 513 4519 deterioribus
542 4469 677 4519 codicibus
704 4472 871 4526 librariorum
897 4478 1032 4529 fluctuatio
1065 4485 1108 4531 est
1134 4484 1203 4534 inter
1233 4489 1318 4537 uerba
1351 4486 1442 4538 sulm
1474 4493 1502 4538 et

273 4536 348 4588 selle.
365 4537 438 4618 'Sed
457 4541 536 4590 etiam
559 4542 586 4590 iu
604 4542 711 4604 optimis
730 4546 879 4610 quibusque
897 4549 972 4599 libris
992 4552 1043 4610 IX,
1061 4548 1092 4611 3.
1112 4550 1130 4603 4
1149 4549 1272 4609 diuidere
1295 4555 1380 4610 uehit
1402 4560 1501 4628 legitur

273 4621 323 4674 pro
341 4603 461 4660 desidere
481 4609 573 4664 ualuit.

343 4674 492 4746 Pompeiam
509 4690 602 4750 aarum)
620 4685 657 4740 Gi.
675 4689 762 4751 praei.
779 4705 806 4756 p.
824 4685 842 4743 4
861 4693 888 4744 et
906 4707 983 4760 seqq.
