3409 5400
615 550 696 621 LIB.
720 550 764 631 V,
788 551 825 619 0.
849 554 881 631 e,
904 560 933 635 ς.
959 556 989 622 7.
1012 555 1043 623 8.
1222 620 1227 631 ,
1378 565 1442 632 441

225 714 298 781 Viri
321 736 359 779 ac
382 714 525 781 feminae
542 715 707 817 'quidquid
732 716 804 781 auri
826 716 998 805 argentiue
1021 715 1219 796 habuerunt,
1250 724 1327 789 item
1349 727 1442 811 pueri

224 824 370 912 insignia
392 822 605 911 ingenuitatis
630 822 672 887 ad
688 823 938 889 sustentandam
956 825 1111 909 temporis
1130 826 1350 917 difficultatem
1366 855 1443 898 eon·
1499 832 1503 838 ’

225 932 373 995 tulerunt.
423 930 473 995 Ae
502 952 543 993 ne
568 929 726 994 beneficio
756 940 891 995 senatus
920 933 1056 1013 quidem,
1086 933 1143 1020 qui
1170 937 1360 1002 muneribus
1391 938 1443 1005 his

223 1038 353 1102 functos
377 1037 483 1102 tributi
506 1056 604 1101 onere
620 1035 825 1111 liberauerat,
850 1038 1025 1125 quisquam
1041 1040 1086 1104 uti
1101 1040 1212 1119 uoluit,
1235 1042 1296 1107 sed
1310 1032 1444 1131 insuper

193 1144 257 1209 aid
281 1166 396 1210 omnes
421 1145 674 1231 promptissimis
699 1146 818 1209 animis
847 1146 1087 1230 praestiterunt.
1143 1147 1220 1215 Non
1246 1149 1445 1237 ignorabant

224 1252 312 1315 enim
327 1252 430 1338 captis
447 1248 539 1325 Veis,
555 1273 629 1315 cum
645 1250 847 1317 decimarmn
862 1253 1005 1329 nomine,
1025 1274 1108 1340 quas
1126 1254 1281 1322 Camillus
1296 1269 1442 1333 uouerat,

224 1379 337 1423 aurum
360 1354 505 1442 Apollini
527 1356 687 1442 Delphico
717 1358 800 1423 mitti
824 1371 987 1447 oporteret
1015 1382 1122 1447 neque
1145 1362 1275 1428 emendi
1298 1364 1370 1429 eius
1393 1366 1442 1431 fa·

223 1465 327 1529 cultas
351 1473 449 1539 esset,
473 1474 641 1531 matronas
666 1476 857 1541 ornamenta
880 1490 943 1533 sua
963 1469 998 1533 in
1022 1470 1185 1534 aerarium
1206 1469 1373 1547 retulisse;
1397 1473 1442 1538 si-

221 1570 401 1659 militerque
425 1571 597 1636 audierant
618 1570 706 1636 mille
730 1573 839 1658 pondo
864 1575 947 1651 auri,
970 1575 1163 1663 quotGallis
1186 1598 1246 1662 pro
1270 1576 1442 1643 obsidione

185 1678 375 1765 ioGapitolii
403 1676 531 1744 omissa
561 1678 777 1755 debebantur,
814 1703 926 1747 earum
958 1682 1046 1747 cultu
1076 1684 1212 1768 expleta.
1269 1686 1383 1776 ltaque
1412 1700 1444 1753 et

221 1786 354 1875 proprio
378 1785 512 1873 iugenio
536 1798 567 1849 et
590 1787 737 1873 exemplo
761 1789 933 1855 uetustatis
960 1788 1118 1855 admoniti
1145 1791 1235 1857 nulla
1264 1794 1329 1859 sibi
1350 1797 1385 1859 in
1406 1818 1442 1860 re

222 1893 420 1959 cessandum
445 1894 720 1961 existimauerunt.

725 2022 936 2034 —.—

225 2072 249 2126 l.
267 2074 347 2136 atque
368 2071 445 2129 Torr.
463 2072 477 2143 ΙΙ
494 2068 520 2125 ³.
545 2076 649 2140 quidem
674 2088 723 2125 om.
741 2070 1004 2141 nonnarum.
1021 2076 1035 2146 Η
1050 2079 1093 2129 his
1118 2079 1272 2130 muneribus
1292 2033 1368 2134 lbra
1386 2078 1400 2147 ΙΙ
1416 2080 1442 2135 i.

222 2146 324 2195 honore
342 2141 370 2197 F.
383 2143 396 2213 ΙΙ
408 2144 562 2211 quiequam]
582 2146 642 2208 quis
661 2142 696 2196 Ε.
709 2142 767 2266 pi.
787 2145 882 2196 delflco
899 2144 932 2198 A.
952 2144 965 2214 11
985 2146 1009 2199 8.
1029 2149 1213 2215 similiterque]
1236 2166 1288 2216 qus
1306 2166 1355 2205 om.
1374 2150 1406 2203 F.
1417 2151 1431 2220 ΙΙ

221 2212 248 2269 e.
268 2215 340 2282 quot]
362 2218 430 2281 quod
449 2212 534 2269 ΑΘΕ
555 2232 623 2282 qrrae
641 2212 701 2266 DE
731 2229 785 2267 err.
805 2231 883 2281 quem
902 2214 933 2267 Γ.
945 2218 959 2285 Η
973 2217 1012 2273 10.
1031 2217 1440 2283 promissaAGDEFI'Torr.

235 2286 247 2355 ΙΙ
262 2288 332 2337 cultu
352 2312 363 2339 e
379 2301 425 2354 pr.
443 2284 474 2339 A.
489 2288 501 2353 η
516 2289 649 2351 expiatum
668 2284 852 2339 Acnurt'.
867 2284 994 2357 liliaque]
1008 2307 1059 2356 que
1071 2305 1120 2344 om.
1134 2289 1167 2342 E.
1182 2287 1194 2361 ΙΙ
1211 2289 1251 2345 ll.
1266 2293 1293 2343 et
1306 2293 1440 2360 exemplo]

222 2362 249 2409 et
267 2372 316 2411 ortt.
330 2370 375 2427 pr.
395 2354 426 2409 Δ.
439 2357 452 2425 ΙΙ
464 2358 535 2409 nullo
554 2360 605 2409 eibi
624 2358 680 2408 iure
699 2353 736 2411 D.

222 2520 273 2570 dici
291 2518 379 2583 possit
397 2513 463 2569 dore
480 2516 561 2568 alicui
581 2514 747 2584 impmdium.
790 2521 909 2571 Maxime
931 2536 997 2571 uero
1021 2536 1055 2573 ne
1080 2524 1226 2590 reciperem
1249 2539 1344 2575 nocem
1363 2525 1443 2575 ualde
1484 2512 1488 2518 ’

223 2592 377 2653 suspectam
395 2590 478 2640 mouit
497 2604 539 2641 me
558 2589 627 2639 Liuii
645 2590 804 2649 auctoritas,
824 2607 841 2642 a
860 2608 913 2654 quo
931 2593 970 2643 ita
987 2593 1039 2643 hoc
1056 2594 1116 2645 loco
1134 2596 1233 2660 pendet
1250 2596 1389 2656 Valerius,
1413 2599 1443 2647 ut

222 2666 324 2724 tantum
342 2676 396 2724 non
415 2662 499 2713 uerba
517 2662 575 2712 eius
594 2661 731 2712 mutuatus
751 2664 794 2716 eit.
836 2664 885 2715 ilie
909 2667 998 2716 autem
1023 2666 1131 2730 scripsit
1153 2671 1184 2717 ut
1205 2681 1257 2718 non
1275 2680 1366 2734 eques.
1390 2682 1443 2718 non

222 2731 339 2786 centurio
358 2729 514 2800 stipendium
533 2729 690 2800 acciperent.
725 2734 766 2784 De
786 2735 912 2786 Grononii
929 2736 1054 2800 opinione
1078 2738 1125 2802 (de
1147 2753 1241 2802 pecua.
1265 2741 1319 2792 net.
1341 2739 1391 2798 lli,
1415 2757 1442 2804 p.

221 2801 287 2872 272)
306 2819 359 2855 non
378 2807 421 2855 est
438 2806 508 2867 quod
519 2806 626 2864 addam,
646 2805 689 2871 qui
703 2820 762 2856 cunr
776 2805 803 2856 in
815 2807 951 2856 codicibus
964 2804 1060 2866 beriae,
1079 2810 1108 2857 ut
1119 2811 1164 2866 ait,
1183 2813 1264 2860 notae
1276 2812 1443 2874 repperisset

221 2891 273 2928 non
291 2890 367 2944 eques
384 2873 556 2943 impendium,
584 2890 636 2926 nou
654 2874 771 2936 acaurio
793 2873 968 2946 stipendium.
993 2881 1020 2929 et
1042 2880 1102 2943 ipse
1126 2880 1188 2931 iliud
1213 2883 1309 2945 probat
1333 2883 1360 2932 et
1382 2897 1442 2947 per·

221 2947 432 3000 euasit'Vorstio
452 2951 532 3014 atque
551 2947 686 3000 'l'orrenie

291 3016 331 3070 Ac
349 3034 381 3069 ne
393 3015 516 3088 beneficio
534 3023 639 3070 renunes
651 3015 764 3086 quidem)
782 3019 875 3072 Adteci
890 3022 1071 3072 econiectura
1083 3019 1194 3089 quidem,
1214 3025 1282 3090 quod
1297 3025 1443 3075 uerisimile

223 3093 264 3141 est
282 3091 449 3142 intercidisse
467 3091 494 3141 in
513 3091 649 3142 codicibus
671 3095 733 3141 ante
753 3089 807 3158 qui.
850 3091 943 3142 Solam
967 3095 1038 3143 euim
1060 3095 1216 3156 particulam
1241 3109 1273 3145 ne
1296 3097 1443 3157 nrrmqu‘am

223 3162 334 3214 eandem
359 3162 412 3211 uim
436 3163 538 3212 habere
562 3163 641 3224 atque
666 3175 698 3212 ue
715 3189 750 3202 -
775 3159 878 3232 quidem
903 3165 1014 3232 egregie
1037 3171 1109 3215 certe
1134 3167 1167 3216 de
1190 3179 1290 3230 prosae
1314 3167 1443 3217 orationis

222 3233 376 3284 auctoribus
390 3233 513 3296 exposuit
526 3233 679 3301 Maduigius
698 3234 731 3282 ad
746 3235 799 3286 Cic.
813 3235 847 3284 de
865 3235 909 3286 flu.
922 3234 943 3293 1.
965 3233 1006 3292 lt.
1025 3228 1060 3285 ³9
1079 3253 1105 3300 p.
1118 3232 1162 3287 82.
1190 3237 1228 3288 Cf.
1242 3238 1322 3293 etiam
1342 3253 1367 3300 p.
1380 3234 1442 3288 818.

223 3303 397 3365 interpretum
415 3304 547 3353 neminem
566 3305 609 3354 his
630 3305 719 3354 uerbis
739 3306 871 3354 offensum
890 3319 1026 3356 essenon
1038 3307 1129 3364 miror,
1148 3321 1311 3368 quamquam
1323 3322 1376 3356 uno
1389 3308 1442 3357 aiio

223 3375 290 3432 loco,
311 3373 355 3422 ubi
373 3374 400 3422 in
419 3375 573 3424 melioribus
593 3374 691 3424 Valerii
710 3375 845 3424 codicibus
864 3389 896 3425 ne
915 3376 953 3424 ita
972 3377 1086 3440 positum
1106 3378 1212 3444 legitur.
1231 3377 1288 3434 vii,
1306 3373 1333 3435 2,
1353 3379 1408 3426 ext.
1425 3373 1443 3427 8

223 3461 238 3496 e
257 3444 431 3494 deterioribus
451 3445 625 3494 emendarunt
640 3457 689 3494 neu
707 3443 830 3510 capituto.
851 3448 970 3496 remedio
989 3447 1114 3496 facillimo
1134 3447 1249 3508 quidem,
1269 3448 1317 3495 sed
1336 3462 1397 3496 cum
1416 3450 1444 3497 et

222 3517 285 3581 ipsa
302 3514 434 3578 particula
452 3529 500 3564 uec
517 3530 565 3590 pro
584 3529 662 3564 nc-
675 3511 785 3581 quidem,
805 3531 887 3577 qnam
906 3517 952 3566 alii
969 3516 1123 3567 interiorum
1135 3520 1284 3579 temporum
1296 3517 1443 3581 scriptores

223 3586 430 3652 frequentarunt,
450 3601 468 3635 a
487 3585 593 3636 Valerio
612 3599 741 3650 perquam
760 3600 821 3636 raro
841 3585 962 3636 adbibita
980 3586 1027 3645 eit,
1052 3602 1105 3638 nou
1128 3601 1196 3638 sene
1216 3588 1285 3636 adeo
1303 3588 1442 3650 probabili.

223 3661 311 3718 Quare
330 3657 365 3706 ibi
385 3671 489 3722 quoque
507 3658 570 3722 post
586 3670 618 3704 ue
635 3653 750 3720 capitata
769 3655 921 3706 addidimus
939 3652 1058 3723 quidun.
1083 3660 1153 3721 quod
1175 3656 1308 3708 interiisse
1327 3658 1353 3708 in
1372 3660 1443 3708 codi-

223 3731 298 3780 cibus
318 3729 380 3778 nnie
399 3725 483 3795 inquit
501 3727 558 3777 lolii
576 3726 679 3776 Paridis
698 3725 893 3789 compendium,
911 3729 1022 3776 retentis
1040 3729 1126 3791 ipsius
1139 3728 1238 3779 Valerii
1252 3729 1352 3787 uerbis,
1370 3732 1442 3781 lucu·

222 3802 308 3852 lenter
325 3800 489 3864 comprobat.
526 3797 644 3862 Simplici
663 3799 752 3847 antem
771 3810 818 3846 nec
841 3813 891 3862 pro
914 3812 947 3848 ne
965 3825 1000 3834 —
1019 3795 1122 3865 quidem
1145 3801 1188 3850 bis
1214 3801 1354 3849 dumtaxat
1376 3815 1442 3850 usus

222 3874 265 3927 est
282 3872 325 3922 hio
344 3872 458 3935 scriptor
476 3870 519 3928 iil,
541 3867 564 3927 l,
584 3861 601 3917 2
619 3863 675 3918 Nec
693 3865 742 3917 bue
760 3881 790 3917 re
808 3864 841 3918 ab
861 3867 964 3936 incepto
981 3868 1082 3920 meum
1095 3870 1183 3937 potuit
1203 3873 1230 3921 et
1247 3870 1295 3928 IX,
1313 3866 1339 3930 3.
1359 3866 1377 3920 8
1393 3886 1442 3922 nec

222 3941 294 3994 renio
312 3939 365 3992 inm
378 3939 529 4009 prolapsus.
567 3941 641 3999 Quod
668 3943 756 3989 tamen
781 3939 832 3988 hoc
857 3941 932 4000 loco,
958 3939 992 3990 de
1010 3957 1061 4006 quo
1080 3943 1187 4010 agimus
1204 3946 1314 4006 propter
1331 3957 1441 4007 praece·

223 4015 290 4066 deus
309 4011 347 4064 Ac
366 4029 419 4064 non
438 4013 575 4062 terendum
594 4011 657 4061 mibi
678 4011 789 4060 uidetur.

292 4081 352 4136 Non
370 4079 528 4152 ipncrnbant
546 4081 622 4143 edm)
648 4077 879 4140 centauri.
902 4082 970 4135 Ptut
996 4082 1069 4133 Cam.
1093 4081 1119 4135 8.
1142 4083 1216 4136 nost.
1240 4100 1265 4137 u.
1282 4085 1391 4148 pilentis
1415 4102 1442 4151 p.

220 4155 274 4210 245
292 4157 367 4208 Mill.

290 4226 461 4296 similiterque
478 4221 628 4284 audieruut)
646 4224 688 4278 cr
704 4224 763 4276 Liu.
783 4225 814 4284 V,
834 4220 877 4278 50.
896 4225 973 4278 Diod.
993 4223 1047 4279 Sic.
1064 4224 1148 4284 Xllli,
1170 4222 1228 4285 llb,
1247 4242 1274 4290 p.
1288 4222 1349 4281 730.
1368 4227 1442 4280 Fest.

222 4315 247 4351 u.
266 4300 394 4350 matronis
412 4316 439 4363 p.
460 4293 509 4350 lbd
528 4297 601 4350 Moti

293 4373 354 4437 pact
372 4367 457 4419 Gallis
470 4384 523 4436 pro
540 4366 677 4421 obsidione
697 4364 823 4435 Capitolii
834 4365 931 4419 omissa
943 4364 1113 4422 debebantur,
1133 4381 1222 4418 rarum
1240 4365 1311 4418 cuitu
1329 4365 1442 4434 erpietu)

222 4440 370 4506 Archetypi
389 4441 488 4490 codicis
507 4442 638 4504 scriptura
656 4441 725 4490 haec
744 4442 809 4496 erat,
828 4435 899 4506 pund
916 4437 1002 4490 Gallie
1014 4454 1067 4506 pro
1085 4435 1220 4498 obsidione
1238 4435 1364 4504 Capitolii
1376 4453 1440 4506 pro·

222 4510 303 4566 mirra
321 4507 481 4563 debebantur
499 4524 588 4561 earum
612 4507 681 4560 cultu
704 4512 761 4568 (aut
779 4507 884 4565 cuium)
907 4509 1042 4578 capicium.
1084 4511 1158 4561 Vnde
1181 4511 1272 4572 possis
1297 4524 1356 4557 cum
1374 4509 1439 4560 Tor·

223 4585 297 4636 renio
316 4585 344 4634 et
360 4583 465 4646 Kappio
484 4581 616 4646 suspicari
635 4595 688 4630 una
705 4581 794 4631 littera
813 4582 902 4632 deleta
918 4583 1063 4650 legendum
1082 4575 1233 4645 essequod
1250 4576 1337 4630 Gallia
1349 4607 1383 4616 -—
1396 4576 1440 4630 dc·

223 4651 332 4706 bebatur
344 4682 378 4690 —
391 4651 527 4720 eupletum.
548 4652 752 4718 habendumque
765 4665 828 4702 esse
847 4669 896 4716 pro
913 4653 1030 4730 genitiuo
1045 4647 1144 4717 pondo.
1165 4652 1228 4712 apto
1241 4666 1258 4699 a
1269 4647 1349 4703 mille.
1369 4653 1439 4716 quod

223 4725 391 4778 substantioe
409 4725 525 4789 positum
544 4739 604 4774 cum
638 4722 734 4772 enitioo
747 4725 923 4790 coniungatur
935 4739 953 4773 a
971 4722 1098 4773 Cicerone
1115 4722 1143 4770 iu
1161 4721 1240 4770 senta
1256 4721 1284 4771 in
1297 4721 1437 4772 Antonium

223 4795 254 4860 5.
275 4793 321 4858 15,
342 4793 409 4856 Quia
425 4810 545 4870 umqrrnm
562 4793 591 4845 iu
609 4737 654 4845 ibo
673 4790 737 4844 luno
755 4791 875 4846 iuuentus
896 4798 947 4854 est,
971 4790 1015 4862 qui
1038 4789 1071 4844 Ia
1090 4788 1201 4843 Antonio
1225 4789 1295 4842 mide
1311 4807 1439 4844 nummum
