3409 5400
505 499 511 516 ι
547 559 607 624 Dii
630 552 1010 624 PRAENOMINIBVS.
1323 557 1387 625 749

158 722 302 808 patricia
324 719 450 786 familia
473 741 535 784 usa
558 730 609 784 est
630 719 750 794 Fabia,
777 717 900 784 idcirco
925 717 1012 804 quod
1035 717 1186 780 trecentis
1214 737 1273 781 sex
1299 715 1387 801 opud

160 828 355 896 Cremeram
380 827 499 892 flumen
524 827 631 892 caesis
661 827 716 912 qui
745 847 830 890 unus
860 845 900 888 ex
928 845 969 889 ea
992 823 1092 909 stirpe
1122 822 1269 887 extiterat
1291 821 1388 886 ducta

159 937 196 999 iu
221 935 464 1000 matrimonium
488 955 588 999 uxore
612 932 679 997 tilia
702 931 848 997 Numerii
868 930 996 996 Otacilii
1019 929 1240 994 Maleuentani
1263 927 1325 993 sub
1348 947 1388 990 co

162 1052 263 1130 pacto
287 1051 322 1104 ut
345 1061 441 1130 quem
464 1042 605 1126 primum
628 1038 730 1104 filium
754 1038 956 1115 sustulisset,
985 1039 1016 1102 ei
1043 1037 1182 1102 materni
1211 1036 1265 1099 aui
1294 1053 1388 1120 prae-

120 1161 146 1205 ὃ
164 1168 288 1213 nomen
311 1149 492 1233 inponeret,
516 1146 761 1232 obtemperauit.

256 1253 474 1340 Antiquarum
498 1253 670 1318 mulierum
693 1253 853 1339 frequenti
868 1254 904 1317 in
924 1271 988 1316 usu
1010 1251 1227 1338 praenomina
1248 1245 1430 1323 lucranti.

110 1389 112 1414 ι
166 1357 296 1438 Rutila,
326 1359 504 1437 Caesellio,
537 1358 728 1435 Rodacilla,
761 1357 922 1433 Murrula,
955 1357 1062 1424 Burra
1091 1379 1112 1424 a
1145 1356 1255 1422 colore
1283 1355 1389 1420 ducta.

166 1466 226 1534 Illa
249 1468 463 1555 praenomina
491 1489 512 1531 a
538 1467 618 1530 uiris
647 1477 750 1530 tracta
773 1477 865 1540 sunt,
896 1465 994 1540 Gaia,
1021 1463 1141 1539 Lucia,
1165 1463 1298 1539 Publia,
1321 1461 1389 1526 Nu·

168 1575 282 1639 meria.
330 1573 479 1637 Ceterum
504 1572 588 1638 Gaia
610 1595 674 1638 usu
697 1593 796 1658 super
828 1591 944 1638 omues
969 1571 1132 1637 celebrata
1160 1581 1218 1637 est.
1270 1569 1391 1634 Ferunt

169 1801 195 1860 3.
214 1805 321 1856 iotaciiii
338 1803 400 1856 Por.
411 1801 425 1870 ΙΙ
436 1800 462 1856 o.
481 1805 507 1856 in
526 1819 575 1854 usu
596 1805 724 1870 ireqrmnti
746 1801 821 1856 Tarr.
833 1802 847 1872 Η
858 1803 884 1856 7.
903 1805 1001 1856 Rutilia
1018 1803 1081 1857 Par.
1098 1805 1196 1856 Rutilia
1210 1801 1286 1856 Tarr.
1298 1799 1311 1869 ΙΙ
1324 1804 1390 1853 Cae·

171 1877 247 1937 seila,
267 1877 420 1932 Rodaceiia.
439 1876 560 1926 Maronia
573 1870 651 1926 Tora
665 1874 677 1942 ΙΙ
692 1876 762 1924 dicta
777 1872 853 1926 Torr.
865 1873 879 1942 ΙΙ
890 1871 916 1927 8.
935 1877 991 1927 iata
1004 1873 1081 1931 Tora
1093 1874 1106 1945 ΙΙ
1118 1873 1143 1930 8.
1156 1873 1215 1929 eru.
1234 1875 1299 1926 Cala
1313 1870 1390 1926 Tarr.

182 1943 231 2015 1111.
250 1948 339 1999 omnia
358 1943 435 2000 Tarr.
446 1943 460 2013 ΙΙ
472 1947 565 1997 Fertur
584 1943 660 2000 Torr.

242 2155 345 2225 Rutila)
373 2160 462 2210 Codex
482 2160 626 2210 Vaticanus
644 2155 760 2220 Rutilia.
780 2177 861 2224 qoam
880 2162 1038 2226 scripturam
1057 2163 1152 2224 probat
1169 2161 1356 2212 Groteiendius
1374 2161 1391 2212 1.

172 2248 195 2284 c.
214 2247 240 2295 p.
260 2229 310 2282 ill
329 2231 409 2280 citato
428 2229 501 2280 Festi
520 2229 578 2281 loco
597 2247 623 2295 p.
635 2227 688 2282 2112
700 2232 784 2290 Milli,
802 2229 930 2283 Rutilium
941 2230 1030 2297 rasura
1047 2229 1185 2299 ripaiyioat,
1204 2229 1279 2282 caiae
1296 2228 1393 2281 caloris

172 2299 306 2354 studiosae
324 2299 402 2352 etiam
420 2297 543 2368 autiquae
567 2299 688 2352 mulieres
702 2300 829 2367 sumat,
853 2300 922 2353 eade
945 2307 1082 2354 normal
1103 2302 1255 2369 copaomiaa
1277 2298 1392 2359 rutilias,

172 2377 203 2423 al
219 2367 320 2422 indicat
329 2370 487 2439 frequenter
498 2369 638 2437 Asraaiua.
673 2371 726 2422 Sed
745 2375 817 2423 recte
835 2374 888 2423 iam
906 2375 933 2424 in
951 2374 994 2423 hia
1006 2371 1124 2425 Βιιὶὶιιιιι
1141 2375 1169 2424 et
1179 2370 1286 2423 Betim
1302 2385 1392 2422 emen·

174 2443 349 2494 ‹laruntSoaii
370 2458 399 2494 er
418 2444 445 2493 et
464 2443 585 2501 Vrsinus,
605 2445 673 2509 quod
692 2444 815 2508 probauit
832 2444 961 2495 Mulierus
978 2445 1095 2507 ascripto
1114 2445 1191 2496 Varr.
1203 2445 1236 2494 ‹ie
1255 2443 1320 2512 ling.
1332 2443 1391 2494 Lat.

173 2515 232 2573 1111,
250 2507 293 2572 83,
313 2511 324 2563 i
360 2511 512 2564 omnimo
529 2510 607 2565 ualde
624 2512 702 2580 rasae
719 2513 815 2565 rutilae
833 2511 928 2576 dictae,
947 2517 1041 2580 eatque
1060 2516 1165 2566 omnino
1179 2515 1284 2565 rutilum
1296 2515 1392 2573 roiam,

173 2601 228 2637 non
246 2585 368 2636 rutilium.
406 2585 472 2635 Vide
492 2600 561 2648 quae
581 2585 705 2650 exempla
723 2587 861 2654 congessit
879 2589 911 2640 0.
929 2586 1034 2638 Mulier.
1074 2586 1167 2651 Neque
1185 2586 1347 2636 haerentium
1366 2586 1392 2634 in

175 2671 218 2716 oo,
238 2657 306 2723 quod
325 2671 373 2721 pro
393 2657 561 2725 cognomine,
580 2671 632 2707 non
651 2671 699 2721 pro
712 2658 884 2721 praenomine
896 2657 1181 2722 hancappeiiationcm
1195 2657 1273 2707 alieri
1284 2655 1391 2713 Faetus.

110 2790 111 2795 Ἰ
174 2743 235 2779 aum
253 2727 333 2779 etiam
353 2728 422 2792 quoi
441 2742 538 2779 nomen
556 2730 654 2792 postea
672 2730 706 2779 ab
720 2729 853 2793 epitomae
872 2730 981 2780 auctore
1000 2730 1067 2779 inter
1078 2730 1252 2795 praenomina
1270 2744 1287 2779 a
1302 2729 1392 2778 colore

174 2800 296 2851 deriuata
314 2801 476 2857 recensetur,
496 2800 581 2849 Burra
598 2814 747 2868 cognomen
766 2800 826 2849 aliia
845 2801 931 2852 fucrit

248 2867 388 2933 Caerellia)
415 2870 582 2922 Praennmen
605 2871 657 2920 hoc
675 2871 780 2921 ductum
799 2886 863 2922 ease
882 2872 995 2936 apparet
1013 2888 1030 2921 ιι
1048 2873 1139 2923 caesio
1158 2873 1247 2922 colore
1267 2871 1305 2923 Ci.
1325 2870 1392 2921 Gaii.

171 2942 207 3001 11,
226 2935 270 3000 26,
290 2936 331 2991 iil.
359 2940 412 2991 Suo
432 2942 546 2993 dubitari
564 2942 653 3006 potest
676 2956 737 2994 nam
757 2958 823 2995 uera
841 2944 901 2995 eius
924 2944 1010 2994 iorma
1027 2944 1055 2993 in
1077 2945 1170 2994 codice
1188 2944 1317 2993 Vaticano
1336 2956 1392 2991 acr-

172 3013 239 3063 naia
257 3013 299 3063 sit.
341 3012 514 3062 Scribonium
537 3013 654 3064 tortasse
673 3016 722 3064 erit
740 3009 860 3065 Gaeaulia
884 3015 990 3067 erest
1010 3031 1035 3066 u.
1054 3014 1174 3065 iiauiiiae
1193 3030 1219 3078 p.
1236 3008 1290 3065 214
1309 3012 1392 3070 ituit,

171 3080 310 3203 1111111αέ
321 3081 470 3204 (iqgmcum
488 3082 549 3136 Ant
568 3082 719 3153 Augustino
743 3082 878 3152 ilauillue)
897 3100 914 3137 a
931 3084 1006 3137 raaia
1022 3082 1119 3140 οωὶίι.
1145 3081 1394 3153 quemadmodum

172 3167 272 3207 aanor
309 3168 340 3203 ae
408 3169 430 3204 c.

245 3219 399 3288 mmmm)
419 3224 478 3275 lion
496 3240 592 3275 noman
610 3226 673 3277 aiibi
692 3228 825 3278 inuentum
845 3243 899 3278 non
917 3228 960 3277 est
976 3242 1062 3293 noque
1073 3228 1142 3278 unde
1159 3228 1263 3279 tinxerit
1279 3228 1393 3278 constat.

173 3293 362 3347 Gmtotendiue
380 3294 461 3360 igitur
479 3310 504 3357 p.
525 3291 573 3346 177
599 3296 741 3364 legantium
765 3299 918 3361 auspicatur
940 3294 1075 3348 Radiciiia
1098 3300 1178 3359 idque
1200 3298 1316 3361 positum
1339 3296 1394 3345 cai·

175 3364 268 3418 elimat
285 3379 333 3428 pro
347 3362 502 3421 iiaudioiiia‚
521 3363 618 3416 collato
636 3366 709 3417 Fert.
722 3382 747 3419 ιι.
759 3367 898 3430 persillum
915 3382 943 3431 p.
960 3363 1010 3418 217
1031 3368 1106 3418 Milli.
1141 3367 1243 3417 Vereor
1261 3369 1289 3415 ni
1307 3370 1392 3419 rcctct

174 3449 263 3500 neque
286 3435 356 3486 enim
380 3434 414 3484 ‹ie
437 3434 525 3485 colore
548 3434 600 3484 hoc
623 3436 728 3486 ductum
752 3450 815 3487 essa
840 3438 891 3486 dici
915 3438 1019 3500 poterit.
1064 3438 1154 3505 Magia
1181 3438 1262 3487 etiam
1289 3440 1395 3487 caterae

175 3506 297 3560 eiusdem
315 3504 365 3555 uiri
384 3504 549 3555 coniecturas
573 3506 709 3571 improbo,
737 3506 905 3556 scabendum
929 3502 1076 3557 iimirtella
1099 3522 1115 3558 e
1138 3506 1211 3558 rost
1231 3524 1255 3559 u.
1274 3504 1337 3557 raai
1353 3520 1395 3556 ca·

175 3575 250 3635 loris,
269 3577 316 3627 ant
332 3572 478 3633 Rabreilla
497 3590 610 3639 quarum
627 3579 723 3628 neutra
741 3577 822 3627 uliam
846 3578 929 3628 habet
946 3577 1143 3631 similitudinem
1163 3579 1226 3629 ucri.
1267 3578 1395 3627 Fortasse

176 3652 270 3701 auctor
287 3660 452 3713 praenomen
471 3661 489 3696 a
502 3648 607 3699 Graeca
624 3650 696 3699 rusci
709 3649 806 3699 eoloris
819 3650 1007 3713 appellatione,
1026 3664 1097 3712 quae
1114 3652 1158 3700 est
1175 3646 1265 3719 ῥόδαξ,
1283 3644 1397 3718 &aanor

176 3721 263 3771 ortum
281 3720 401 3785 putabat,
425 3720 645 3784 quamadmodum
664 3720 745 3783 panio
764 3720 826 3770 anie
844 3718 955 3782 Spurioa
978 3735 996 3769 a
1014 3721 1118 3771 Graeco
1135 3716 1282 3790 σπορᾶὡω.
1318 3721 1395 3770 certe

176 3792 328 3856 corruptum
347 3804 443 3841 noman
461 3804 526 3843 esse
543 3791 679 3843 affirmare
697 3804 750 3843 nou
768 3791 865 3844 anaim.

247 3858 384 3926 Marruuia)
402 3862 495 3911 Ortum
514 3862 618 3914 uidetur
634 3863 686 3912 hoc
703 3876 866 3928 praenomen
885 3879 903 3914 a
920 3876 1034 3921 murrea,
1056 3864 1126 3929 quod
1145 3864 1261 3915 colorem
1280 3862 1396 3915 denotat.

176 3933 246 3985 Nam
265 3934 335 3997 apud
353 3932 473 3995 Propert,
491 3931 551 3992 1111,
573 3930 620 3993 10,
638 3929 674 3985 22
692 3948 824 3985 murreum
844 3934 978 3999 onychem
995 3936 1164 4003 grammatici
1181 3938 1253 3986 recte
1270 3935 1332 3986 flaui
1350 3950 1394 3985 cn·

175 4005 244 4055 ioris
262 4016 326 4055 ease
345 4004 464 4062 censent,
483 4018 560 4069 quem
581 4004 698 4055 colorum
716 4005 743 4056 in
761 4020 794 4057 eo
813 4006 902 4071 lapide
920 4006 1155 4058 honoratissimum
1168 4008 1252 4059 tuisse
1270 4008 1396 4059 iocamur

175 4074 246 4125 Plio.
263 4076 290 4126 h.
309 4089 335 4125 n.
354 4074 477 4133 xxxvi.
496 4070 522 4134 8,
544 4069 584 4127 12.
609 4076 648 4127 Cf.
666 4075 756 4128 fichol.
774 4078 809 4128 ari
829 4078 892 4129 lior.
911 4077 946 4126 111
968 4091 1050 4130 carm,
1071 4073 1117 4137 14,
1140 4075 1184 4131 22.
1220 4080 1261 4129 lta
1278 4079 1396 4129 sortasse

176 4146 214 4195 ab
232 4146 326 4195 eodem
345 4146 434 4195 coiere
452 4146 558 4195 ductum
577 4146 620 4197 est
636 4161 734 4197 nomen
752 4149 813 4214 equi
832 4148 969 4206 circensis,
988 4151 1033 4213 qni
1045 4152 1156 4201 uocatur
1167 4151 1258 4201 Murra
1275 4151 1302 4200 in
1313 4150 1395 4200 inser.

176 4232 222 4281 ap.
246 4216 385 4267 Gruterum
409 4232 435 4281 p.
457 4210 519 4267 341.
550 4218 735 4269 Groteiendiae
761 4222 872 4283 propter
895 4220 1027 4270 Venerem
1049 4220 1182 4273 Murtaam
1204 4222 1248 4271 nel
1270 4220 1396 4270 iinrtiam

175 4288 275 4353 (Varro
295 4289 328 4339 da
346 4288 411 4355 ling.
428 4286 489 4339 Lat.
507 4288 539 4345 V,
560 4284 620 4341 iol.
639 4289 749 4341 Festet
767 4290 841 4343 Paul.
856 4290 924 4340 diac.
942 4306 967 4355 p.
984 4286 1043 4348 148,
1066 4288 1116 4344 tiu
1134 4292 1220 4357 iiiiii)
1238 4287 1396 4341 Maricam

176 4360 223 4409 irai
240 4354 393 4410 Martialem
412 4358 455 4409 nei
474 4372 508 4409 ex
526 4359 654 4427 analogia
672 4361 814 4412 &canitae
831 4358 961 4413 Meroua
978 4364 1060 4413 sembi
1077 4365 1177 4416 maluit
1222 4365 1338 4422 Quorum
1356 4361 1395 4410 ni·

175 4432 270 4480 timum
288 4443 341 4481 nan
359 4430 573 4496 improbauerim,
592 4432 616 4481 ei
635 4430 739 4482 referas
758 4432 793 4483 ai
811 4432 926 4485 calorem
940 4436 1080 4495 murteum,
1099 4448 1177 4502 quem
1189 4432 1308 4482 isidorus
1326 4431 1395 4500 orig.

176 4500 242 4559 Χ11.
268 4498 280 4553 1
307 4500 369 4550 dicit
391 4513 464 4559 esee,
489 4503 533 4567 qui
552 4500 595 4552 est
612 4516 725 4566 pressae
744 4504 771 4553 in
792 4518 923 4570 purpura,
950 4508 978 4557 in
1000 4507 1077 4571 equis
1102 4504 1269 4555 commendat
1291 4502 1396 4554 Paiiad.

174 4572 233 4633 1111,
253 4566 295 4625 13.
319 4571 357 4623 Gi.
376 4572 446 4624 Patr.
463 4570 520 4625 Sat
537 4568 582 4625 21.

248 4640 351 4708 Burro)
375 4644 392 4697 1.
411 4658 435 4695 e.
454 4644 522 4705 ruia,
538 4640 634 4717 πυρῤά.
662 4647 700 4700 Oi.
719 4646 794 4702 Paul.
814 4651 882 4705 diac.
901 4666 927 4703 u.
944 4653 1053 4701 burrum
1071 4663 1097 4712 p.
1116 4640 1153 4698 :io
1171 4647 1231 4698 ooli.
1249 4664 1272 4702 a.
1291 4664 1317 4700 u.
1334 4650 1394 4701 bur·

179 4716 271 4771 runica
287 4714 361 4781 potio
380 4716 451 4778 apud
469 4716 583 4767 eundem
600 4733 627 4783 p.
645 4711 688 4769 36.
715 4718 782 4773 Ειιιι.
802 4736 864 4774 ann.
883 4720 927 4783 Vi,
947 4717 965 4774 5
983 4720 1055 4785 apud
1073 4719 1213 4773 Merulam.

251 4785 368 4845 cam
386 4784 468 4856 Gaia)
487 4788 525 4843 ut
544 4788 597 4845 Cia.
614 4804 664 4858 pro
682 4788 749 4843 Mur.
769 4788 812 4855 12,
830 4788 874 4845 21.
