3409 5400
1458 494 1478 557 7

247 657 362 723 bilium
383 653 468 730 libri,
491 654 670 734 (decimum
686 653 773 718 enim
789 651 830 716 de
844 653 1113 738 praenominibus
1128 675 1236 741 neque
1253 655 1351 723 huius
1367 661 1477 746 operis

246 775 375 853 purtem
397 785 505 850 neque
529 763 662 826 omnine
678 757 804 824 Valerii
820 781 897 824 esse
912 760 1074 846 singulari
1098 761 1316 848 disputatione
1340 767 1476 832 domon-

247 870 450 954 strabitur¹),
487 871 669 935 confectum
703 880 753 932 est
785 869 872 934 intra
906 890 1028 934 annum
1050 871 1124 940 ‚781
1154 881 1187 934 et
1220 872 1282 937 785
1322 897 1352 938 e.
1383 897 1415 939 u.
1447 899 1476 940 c.
1518 948 1530 966 .

250 981 397 1062 (rs-³2
419 1001 452 1066 p.
478 977 554 1042 Chr.
578 986 636 1053 n).
682 977 787 1042 Nemo
812 979 899 1043 enim
920 978 990 1042 iam
1013 977 1137 1042 dubitat
1160 979 1239 1065 quin
1261 980 1478 1047 acerbissime

249 1101 281 1152 et
303 1087 597 1154 uehementissime
610 1086 669 1152 illa
685 1088 859 1161 execratio,
884 1107 968 1172 quae
991 1084 1109 1173 legitur
1131 1084 1189 1162 IX,
1217 1089 1268 1162 11,
1283 1083 1353 1153 ext.
1376 1090 1408 1164 t,
1433 1089 1478 1154 ad

247 1198 408 1262 Seianum
432 1194 606 1260 referenda
630 1204 660 1258 et
690 1207 765 1280 post
787 1196 917 1258 ruinam
940 1196 1010 1259 eius
1034 1196 1097 1258 uiri
1120 1195 1320 1283 caedemque
1343 1197 1476 1282 propin-

250 1324 388 1392 quorum
412 1303 609 1388 scriptasit.
667 1301 774 1389 Atque
804 1303 851 1367 ita
881 1299 1009 1366 Valerii
1038 1303 1265 1367 memorabilia
1295 1305 1478 1367 recentiora

249 1434 325 1477 esse
343 1409 462 1475 Velleii
480 1409 643 1474 Paterculi
663 1407 821 1483 historiis,
844 1430 921 1472 cum
934 1409 1025 1472 in'eo
1041 1408 1149 1474 libello
1173 1409 1225 1489 (Π,
1244 1412 1320 1489 127)
1337 1412 1475 1475 summis

247 1517 400 1584 laudibus
426 1517 579 1582 efferatur
595 1517 749 1594 Seianus,
775 1517 940 1582 contendit
963 1517 1002 1580 G.
1025 1515 1050 1581 l.
1074 1515 1219 1582 Vossius
1243 1517 1284 1581 dc
1306 1517 1383 1582 bist.
1403 1517 1475 1581 Lat.

248 1625 273 1698 i,
297 1623 395 1706 w).
449 1623 518 1690 Sed
547 1625 631 1688 inter
661 1646 777 1689 necem
808 1626 923 1689 Seiani
954 1635 986 1688 et
1015 1624 1218 1710 praedictam
1249 1626 1319 1689 eius
1343 1647 1476 1690 execra-

249 1736 371 1799 tionem
393 1731 566 1820 paruulum
590 1732 758 1798 dumtaxat
779 1743 908 1818 tempus
931 1733 1135 1797 interiectum
1158 1755 1235 1798 esse
1257 1744 1378 1820 potest,
1403 1752 1477 1796 cum

250 1853 281 1906 et
303 1863 425 1906 nomen
447 1841 510 1904 uiri
533 1839 662 1905 silentio
685 1841 956 1926 praetermissum
978 1840 1067 1906 nulla
1083 1842 1243 1926 apertiore
1260 1853 1356 1929 atque
1381 1861 1477 1905 accu-

247 1952 367 2016 ratiore
398 1959 454 2014 an
480 1969 643 2034 personae
667 1959 723 2012 aut
754 1948 900 2012 criminis
932 1935 1174 2035 significatione
1205 1948 1318 2014 addita
1346 1949 1476 2012 facinus

248 2057 369 2122 indicet
401 2058 586 2143 nuperrime
618 2056 749 2120 demum
780 2068 1011 2142 perpetratum,
1043 2057 1130 2142 quod
1161 2058 1247 2119 uiuis
1280 2057 1378 2120 etiam
1408 2068 1476 2118 tum

250 2165 412 2230 columbus
436 2162 606 2230 hominum
629 2164 748 2229 animis
774 2162 1010 2229 obuersabatur
1041 2174 1072 2227 et
1103 2164 1379 2228 concitatissimus
1410 2185 1475 2249 quo

248 2272 410 2338 inuehitur
433 2271 574 2336 affectus
604 2282 769 2334 recentem
799 2272 884 2335 iram
913 2270 1042 2356 prodat.
1095 2269 1208 2357 Itaque
1235 2272 1292 2333 uix
1321 2268 1475 2332 credibile

248 2391 298 2444 est
319 2379 547 2464 interpositum
575 2391 703 2464 tempus
732 2380 829 2442 unius
854 2379 933 2441 anni
963 2380 1109 2463 spatimrr
1136 2398 1325 2463 superasse.
1378 2375 1477 2455 Quod

249 2488 278 2552 si
302 2485 507 2560 conceditur,
535 2505 602 2550 non
625 2487 745 2550 iniuria
768 2509 785 2548 e
807 2487 953 2560 ratione,
984 2507 1051 2570 qua
1080 2507 1187 2571 paene
1217 2485 1252 2548 in
1283 2485 1347 2547 fine
1377 2483 1475 2546 totius
1563 2531 1566 2538 .

248 2594 358 2680 operis
382 2603 598 2658 annectrurtur
613 2594 728 2658 Seiani
752 2593 915 2657 temerarii
937 2603 1075 2656 conatus
1092 2613 1269 2678 eorumque
1292 2591 1476 2664 detestatio,

248 2702 402 2789 colligere
425 2700 508 2765 mibi
537 2700 652 2767 uideor
673 2702 911 2787 praecedentes
941 2699 1043 2765 libros
1075 2700 1116 2765 ab
1140 2711 1272 2765 auctore
1300 2700 1369 2763 iarn
1399 2709 1475 2762 ante

249 2812 363 2875 Seiani
393 2809 557 2873 interitum
587 2810 691 2875 firisse
722 2808 902 2874 absolutos.
960 2808 1063 2873 Aliter
1101 2810 1188 2872 enim
1227 2828 1327 2894 quam
1356 2808 1475 2870 mirum

250 2932 337 2984 esset
368 2917 457 3006 quod
480 2939 547 2981 non
576 2919 643 2982 iarn
674 2918 781 3001 priore
813 2914 923 3003 aliquo
951 2916 1116 2981 uolumine
1148 2916 1273 2980 notauit
1303 2914 1475 3000 perfidiam

247 3026 401 3100 bominis,
425 3026 479 3088 cui
502 3034 603 3089 totum
627 3046 664 3088 sc
686 3026 882 3111 permiserat
893 3024 1052 3098 TiberiuS,
1077 3044 1174 3110 quem
1193 3023 1308 3087 intima
1330 3020 1476 3085 coluerat

248 3135 409 3205 amicitia,
444 3154 542 3220 quem
576 3134 714 3197 summis
753 3144 903 3197 euectum
939 3132 1119 3199 bonoribus
1156 3134 1219 3198 sibi
1254 3141 1379 3196 tannen
1408 3150 1476 3191 non

249 3238 475 3327 aequauerat?
512 3240 594 3314 Cur,
617 3239 769 3326 inquam,
801 3240 994 3325 increpandi
1024 3243 1234 3306 occasionem
1265 3239 1385 3303 totiens
1416 3235 1474 3299 ob·

247 3348 359 3421 laram,
382 3368 456 3411 cum
473 3348 630 3413 scriberet
644 3348 687 3411 de
703 3349 853 3434 ingratia
878 3348 919 3411 de
935 3350 1124 3422 temeritate,
1148 3349 1189 3411 de
1208 3346 1356 3433 perfidia,
1380 3362 1475 3429 prae·

248 3455 444 3519 termisisset
473 3457 529 3541 qui
556 3466 623 3520 tam
650 3454 787 3520 libenter
813 3476 939 3520 morem
963 3458 1068 3541 gessit
1089 3454 1305 3540 imperatorii
1344 3453 1405 3515 Cui
1427 3453 1476 3514 rei

249 3584 379 3627 omnem
404 3562 515 3627 eximit
536 3562 770 3629 dubitationem
800 3563 888 3649 quod
910 3561 1011 3626 Iuliae
1035 3562 1163 3639 (Liuiae
1187 3561 1390 3647 Augustae),
1422 3557 1475 3619 'li-

248 3670 330 3735 berii
359 3670 493 3746 matris,
524 3692 610 3759 quae
642 3671 729 3735 diem
758 3670 838 3735 obiit
867 3688 1056 3755 supremum
1088 3690 1119 3732 a.
1150 3668 1215 3732 782
1247 3668 1302 3746 (29
1326 3687 1358 3751 p.
1381 3662 1474 3743 Chr.)

315 3903 340 3969 Ι)
359 3906 388 3955 in
407 3904 507 3971 aliquoi
525 3904 628 3955 saeculi
646 3905 697 3955 XV
716 3902 847 3966 exemplis
866 3916 942 3959 mss„
962 3902 991 3951 ut
1013 3903 1041 3951 in
1054 3903 1130 3953 codd.
1148 3902 1278 3951 Vindobb.
1299 3900 1432 3949 chxrn
1451 3901 1478 3949 et

247 3977 394 4029 chxun
413 3994 456 4043 ap.
475 3978 671 4034 Endlicberum,
690 3978 717 4027 in
736 3976 792 4026 cod.
807 3974 921 4025 Florcni.
942 3974 1090 4025 CLXXXV
1108 3975 1135 4023 in
1146 3973 1268 4023 llandinii
1286 3974 1336 4022 cat.
1355 3972 1474 4021 biblioth.

245 4049 376 4113 Leopold.
400 4049 427 4105 Ἰ,
446 4064 471 4113 p.
497 4042 564 4103 493,
595 4048 746 4097 Valerianis
778 4046 848 4095 curis
873 4047 980 4109 praeter
1004 4046 1171 4095 subditicium
1195 4044 1259 4093 illud
1285 4045 1343 4092 libri
1380 4042 1475 4091 decimi

246 4122 429 4188 fragrnentum
447 4120 594 4169 annectitur
612 4120 727 4182 epistole
752 4118 885 4183 quaedam
909 4118 1017 4167 ‘Valerii
1041 4118 1152 4166 Maximi
1178 4118 1211 4163 ed
1231 4113 1353 4163 Rufinum
1371 4116 1405 4162 de
1422 4126 1477 4161 non

246 4193 371 4243 ducende
389 4192 480 4241 uxore·
500 4192 558 4241 siue
578 4192 772 4241 ‘dissuasiones
791 4204 824 4241 ne
845 4191 926 4240 ducat
942 4189 1061 4239 uxorem*
1078 4188 1215 4251 inscripta,
1238 4201 1326 4251 quam,
1349 4186 1474 4249 quoniam

247 4280 266 4313 a
284 4264 348 4313 uiris
368 4264 452 4312 doctis
472 4278 557 4327 neque
576 4264 668 4311 habite
694 4264 736 4311 osi
755 4276 880 4326 umquem
898 4276 984 4325 neque
1003 4260 1144 4309 habebitur
1163 4258 1240 4306 huius
1260 4257 1376 4305 arrcioris
1395 4268 1472 4319 opus,

246 4348 478 4385 commemorasse
496 4336 602 4384 abunde
621 4334 677 4385 erit.
703 4334 781 4381 Edita
800 4334 842 4382 est
862 4347 896 4381 ca
914 4332 1029 4395 epistole
1045 4332 1113 4381 inter
1128 4329 1282 4393 Hieronymi
1301 4344 1361 4391 opp.
1380 4326 1474 4389 spuria

245 4422 292 4469 ap.
313 4406 427 4455 Vellere.
447 4405 493 4456 Xl.
513 4406 562 4456 eol.
582 4402 641 4456 240.
663 4405 700 4455 Cf.
720 4404 823 4455 Fabric.
843 4404 962 4453 biblioth.
972 4404 1031 4453 Lat
1045 4402 1064 4460 1,
1083 4419 1108 4465 p.
1129 4396 1191 4459 337,
1209 4398 1242 4457 ll,
1261 4416 1286 4463 p.
1306 4394 1365 4449 lbi.
1393 4398 1422 4445 G.
1442 4396 1472 4444 E.

244 4477 352 4528 Miller.
371 4478 469 4527 eiuleit.
489 4477 520 4533 V,
538 4494 564 4541 p.
584 4472 644 4528 ³6³.

313 4546 339 4611 ²)
359 4549 396 4598 Ci.
417 4550 496 4597 eiiam
516 4548 618 4599 Fabrie.
643 4549 706 4598 bibl.
727 4548 787 4598 Lei.
807 4547 836 4596 T.
863 4547 901 4605 ΙΙ,
927 4562 949 4597 e.
975 4542 998 4597 5.
1035 4544 1145 4603 Mulier,
1170 4544 1236 4593 dies.
1263 4544 1296 4591 ‹le
1315 4538 1373 4589 Vel.
1399 4538 1471 4588 Max.

245 4622 273 4683 2.
298 4614 337 4669 13.
374 4620 517 4669 Hoffmann
536 4621 563 4669 in
581 4620 705 4674 uer-stoue
724 4620 810 4669 Germ.
831 4616 938 4685 (stuttg.
960 4612 1040 4681 isra)
1059 4634 1084 4681 p.
1103 4611 1128 4667 b.
1160 4615 1238 4679 Atqui
1257 4612 1393 4663 Valerium
1410 4624 1474 4659 mox

245 4691 587 4815 iiiiidrirffrllseiibprim
611 4692 747 4743 uolumina
773 4692 835 4741 ente
861 4691 1047 4755 composuisse
1078 4704 1159 4755 quern
1182 4685 1300 4738 Velleius
1332 4680 1474 4731 conticeret
