3409 5400
278 516 343 583 tat
517 510 577 579 Dii
599 506 892 579 HVMANITATE
911 506 971 577 ut·
991 504 1257 577 CLEMENTIA.

278 694 346 741 non
373 682 434 739 est.
489 672 655 739 Hannibal
689 672 737 738 ii.
771 670 959 739 Gracchum
998 661 1212 737 Lucanorum
1243 670 1503 737 circumuentum

277 780 406 847 insidiis
435 802 511 845 cunr
539 800 669 845 summo
695 779 823 845 honore
851 778 1039 864 sepulturae
1065 777 1239 845 mandauit
1262 786 1297 843 et
1318 798 1400 845 essu
1428 776 1501 841 eius

277 889 315 953 iu
334 889 475 973 patriam
498 887 661 973 portanda
676 885 831 951 militibus
847 888 969 951 nostris
984 884 1127 949 tradidit.
1169 882 1337 951 Hannibal
1351 882 1398 947 M.
1409 881 1501 949 Mer·-

278 993 395 1061 cellum
417 996 453 1059 in
475 1014 558 1080 agro
580 992 721 1069 Bruttio,
750 993 829 1057 dum
855 1002 993 1057 conahrs
1015 990 1205 1055 Poenorum
1227 989 1378 1077 cupidius
1400 1010 1501 1076 quam

278 1100 516 1166 consideratius
532 1098 729 1186 speculatur,
751 1100 979 1184 interemptum
993 1097 1266 1185 legitimofunere
1289 1094 1410 1171 exunt,
1432 1094 1526 1165 Pte-⁵

278 1208 418 1291 uinoque
441 1204 560 1291 sagulo
583 1216 615 1269 et
637 1226 761 1270 corona
783 1206 942 1270 donamm
962 1203 1077 1269 laurea
1098 1223 1182 1291 rogo
1196 1204 1362 1289 imposuit.
1406 1200 1498 1287 Ergo

278 1310 489 1377 humanitatis
504 1309 644 1376 dulcedo
661 1312 759 1377 etiam
773 1312 808 1377 in
824 1311 962 1376 efferata
975 1310 1188 1377 barbaronrm
1203 1310 1339 1397 ingenia
1351 1318 1503 1394 penetm

279 1428 455 1506 toruosque
478 1427 510 1481 ct
532 1428 639 1485 truces
661 1417 807 1485 hostium
836 1416 940 1483 mollit
966 1416 1081 1482 oculos
1108 1438 1149 1482 ac
1175 1416 1334 1481 uictoriae
1353 1413 1499 1481 insolen-

281 1630 305 1690 l.
323 1630 468 1699 iiaunibd]
486 1632 549 1696 lpse
566 1628 598 1687 t'.
610 1629 662 1698 113.
679 1634 840 1697 reportanda
856 1628 886 1683 F.
900 1631 914 1699 ll
926 1629 1080 1697 Hannibal}
1091 1630 1163 1681 idem
1180 1625 1213 1682 Γ.
1223 1624 1275 1752 lp&
1294 1630 1385 1682 brutia
1397 1625 1430 1681 Δ.
1454 1626 1498 1697 ιγ.

278 1700 303 1759 Ι.
323 1700 350 1757 θ,
370 1700 395 1754 il.
420 1699 445 1757 l,
465 1700 492 1757 8.
512 1700 740 1770 il.sseupldrrsE.
759 1704 853 1768 cupide
872 1699 904 1755 i'.
922 1698 980 1769 115.
998 1699 1102 1767 funere]
1120 1698 1219 1751 iureA
1254 1696 1484 1768 DEFI'Tle

279 1769 305 1824 ll.
324 1768 408 1824 aurci
424 1770 516 1827 FPur.
528 1771 542 1837 ΙΙ
553 1770 578 1823 l.
597 1774 623 1823 in
642 1772 766 1839 eiierata]
785 1774 900 1824 inerat·
917 1770 944 1825 i·
959 1777 985 1823 et
998 1786 1043 1839 pr.
1059 1771 1093 1823 A.
1107 1767 1121 1839 ll
1133 1769 1160 1823 θ.
1173 1772 1309 1836 orbesque
1325 1766 1502 1823 actim

284 1841 443 1895 Vtransit
458 1856 528 1921 spec.
546 1840 605 1895 thr.
628 1840 688 1897 Vll.
708 1841 770 1908 (Vl)
789 1842 850 1899 125.
870 1840 955 1896 doce.
977 1840 1015 1903 V,
1033 1840 1060 1895 d
1084 1840 1208 1895 Corruit
1223 1839 1299 1908 Ptya
1316 1857 1331 1893 e
1348 1838 1407 1893 eod.
1431 1839 1499 1896 Cu-

276 1911 383 1967 rtium.
401 1916 432 1963 rtt
448 1916 494 1962 ost.
506 1909 519 1979 {l
532 1914 642 1964 uictoria
658 1910 724 1966 ΒΓ.

350 2103 487 2159 Mandat
504 2105 546 2159 Ti.
564 2106 721 2171 &acriam
739 2110 778 2162 ci.
796 2110 855 2161 Liu.
873 2110 960 2169 XXV,
982 2106 1023 2160 l'l.

351 2176 487 2229 Homilai
502 2176 540 2231 tt
559 2178 726 2237 Marcellum)
743 2182 783 2233 ct
801 2183 855 2234 cto.
868 2183 925 2231 Get.
937 2176 1057 2237 meiffl,
1070 2175 1115 2233 75.
1137 2178 1196 2230 hta.
1208 2176 1320 2235 xxvii,
1336 2172 1381 2229 28.
1405 2176 1499 2245 Longe

281 2251 367 2315 ptura,
387 2264 457 2313 quac
476 2252 565 2301 occiso
584 2252 713 2303 Marcello
732 2254 889 2307 acciderint.
907 2252 990 2302 refert
1007 2250 1166 2301 Plutarchus
1184 2249 1268 2300 Marc.
1287 2242 1330 2299 ³0.
1355 2249 1498 2298 &arbusto

280 2322 351 2372 enim
369 2322 502 2373 cadauere
520 2336 588 2372 ossa
605 2325 736 2391 argentea
754 2324 823 2373 cista
834 2323 940 2372 incluse
957 2323 991 2371 ab
1004 2322 1156 2371 Hannibale
1167 2332 1252 2369 aurea
1262 2318 1389 2382 imposita
1401 2334 1499 2368 corona

280 2394 314 2443 ad
332 2392 415 2443 iillum
433 2394 554 2443 Marcelli
571 2394 658 2443 missa
675 2408 747 2446 esee.
784 2394 867 2443 Facto
885 2394 975 2443 autem
992 2392 1093 2455 impetu
1115 2392 1142 2440 in
1165 2391 1323 2439 musitantes
1343 2404 1362 2439 a
1379 2390 1499 2439 Numidis

280 2462 454 2531 quibusdam,
478 2466 655 2528 pretiosarum
678 2464 784 2515 illarum
807 2478 896 2515 rerum
919 2464 1036 2527 cupidis,
1064 2463 1133 2512 iuter
1156 2461 1329 2527 pugnandum
1353 2461 1498 2524 dissipatos

279 2536 394 2598 periisse
412 2534 523 2585 cineres.
561 2534 647 2600 Atque
664 2536 734 2586 hacc
758 2536 864 2601 quidem
881 2536 1027 2585 memoriae
1044 2532 1150 2596 prodita
1167 2532 1205 2580 eit
1223 2531 1382 2581 Plutarchus
1400 2546 1418 2580 a
1436 2531 1498 2580 Cor·

280 2604 349 2653 nelio
368 2604 472 2666 Nepote
490 2606 651 2667 Valerioquc
663 2607 790 2658 Maximo.
826 2606 931 2662 Liuium
945 2606 1040 2655 contra
1058 2605 1085 2653 et
1096 2605 1242 2653 &esdram
1254 2601 1404 2666 Augustum
1415 2602 1498 2665 scrip·

280 2674 352 2724 sisse
377 2674 410 2723 de
434 2675 543 2724 ossibus
567 2676 687 2728 Marcelli
709 2679 744 2727 ed
766 2676 849 2727 illium
873 2677 985 2726 Romam
1013 2675 1134 2739 perietis.
1175 2672 1216 2738 De
1246 2672 1367 2723 Cornelio
1395 2672 1498 2736 Nepote

281 2745 309 2795 et
325 2745 443 2794 caesare
467 2745 588 2809 equidem
606 2747 672 2796 nihii
694 2749 862 2802 contendam,
901 2748 942 2796 De
965 2747 1073 2796 Valerio
1096 2745 1216 2794 Maximo
1238 2745 1312 2794 certe
1334 2757 1389 2794 nou
1411 2744 1497 2794 minue

280 2825 362 2876 quam
386 2815 419 2863 de
442 2813 518 2864 Liuio
541 2816 641 2865 taliitnr
665 2817 833 2869 Plutarchus.
882 2818 977 2880 Neque
999 2818 1072 2867 enim
1093 2815 1139 2865 iile
1161 2815 1324 2878 perditorum
1347 2829 1435 2880 neque
1456 2813 1499 2864 hie

280 2885 392 2936 Romam
409 2885 599 2936 translatorum
618 2888 735 2939 cinerum
753 2890 915 2940 mentionem
932 2889 1004 2938 iacit.
1039 2888 1124 2945 Vnus,
1147 2887 1273 2950 quantum
1291 2885 1415 2947 equidem
1433 2886 1497 2942 srs'o,

281 2971 315 3006 ex
332 2955 377 3005 his
396 2955 439 3020 qni
456 2956 535 3005 noble
554 2960 705 3021 supersunt,
725 2973 785 3008 cum
802 2959 945 3009 Plutarcho
963 2957 1095 3008 consentit
1105 2957 1199 3007 auctor
1216 2957 1250 3007 de
1267 2956 1315 3006 uir.
1327 2956 1365 3007 itt.
1376 2950 1422 3014 45,
1440 2969 1499 3005 cum

281 3025 352 3075 dicat
375 3038 442 3076 ossa
465 3027 587 3078 Marcelli
609 3029 721 3078 Romam
745 3031 862 3079 remissa
885 3045 903 3079 a
926 3029 1108 3092 praedonibus
1130 3027 1278 3091 intercepta
1298 3027 1424 3090 periisse.
1459 3025 1500 3076 ct

280 3096 366 3159 praei.
384 3111 410 3160 p.
429 3092 471 3147 li.
492 3097 576 3149 Periz.
595 3099 676 3148 anim.
694 3099 757 3151 hist.
776 3115 798 3150 c.
817 3097 843 3151 9.
862 3115 888 3164 p.
907 3095 969 3152 376.
987 3100 1060 3150 ilari.

352 3164 380 3216 r'rr
397 3180 462 3232 upra
479 3164 595 3230 Bruttio)
613 3170 672 3220 Vld.
691 3171 725 3219 sd
744 3171 764 3227 i,
783 3165 808 3228 6,
827 3167 853 3221 9.

351 3235 465 3303 leqttr'mo
474 3237 575 3304 sarcre
592 3237 692 3301 retulit)
715 3241 788 3291 Libri
813 3255 907 3292 omncs
930 3239 989 3290 r'src
1010 3255 1060 3304 pro
1077 3238 1184 3305 sesae.
1220 3238 1348 3300 Equidem
1366 3240 1499 3300 quomodo

282 3310 400 3380 legitimo
419 3311 475 3359 iure
494 3311 627 3360 Hannibal
640 3311 796 3362 Marcellum
809 3311 970 3376 scpcliuisse
989 3312 1039 3362 diei
1054 3309 1281 3374 potueritneecio.
1317 3309 1411 3371 Neque
1429 3310 1498 3360 enim

281 3379 409 3432 Torreuio
428 3381 585 3432 crediderim
608 3382 679 3432 idem
703 3395 767 3432 esse
789 3385 858 3447 qaod
883 3381 964 3449 uulgo
988 3383 1090 3430 dicatur
1106 3382 1179 3429 iusta
1201 3380 1281 3430 alicui
1303 3379 1406 3437 tacere,
1429 3379 1498 3429 idern

280 3451 399 3518 legitimo
417 3451 475 3502 iore
494 3453 609 3513 aliquem
628 3453 738 3508 efferrer
758 3454 805 3503 sed
825 3452 908 3502 multo
926 3453 1014 3502 minus
1033 3465 1093 3501 cum
1110 3450 1215 3516 Kappio
1236 3450 1359 3506 fecerim.
1386 3447 1500 3514 teyittuo

280 3519 338 3572 iare
357 3521 500 3586 explicanti
518 3523 564 3572 ‘uti
583 3523 701 3592 dignitas
722 3523 840 3572 Marcelli
859 3525 887 3571 et
904 3523 983 3590 leges
1000 3523 1187 3585 postulahautr
1205 3521 1249 3570 ios
1261 3521 1333 3572 euim
1346 3520 1499 3587 etgoitlcere

281 3593 477 3646 condiciouem'.
514 3592 662 3644 Senserunt
679 3608 784 3644 mecum
802 3592 929 3660 Pighius,
952 3595 1022 3642 teste
1041 3593 1149 3650 Celere,
1172 3605 1237 3642 uem
1259 3591 1319 3654 ipsc
1337 3591 1450 3658 Pighius
1471 3591 1499 3641 iu

281 3675 333 3712 sua
350 3663 464 3714 editione
482 3665 547 3714 nibil
565 3665 717 3720 adnotauit,
743 3666 770 3714 et
788 3663 955 3717 Perizonius,
979 3678 1090 3728 quorum
1112 3664 1224 3724 uterque
1245 3659 1341 3720 susm
1357 3662 1499 3729 legendum

281 3745 345 3782 esse
364 3735 559 3796 suspicabatur.
596 3739 680 3795 Quam
700 3735 887 3791 coniecturum,
906 3749 966 3784 cum
983 3733 1126 3800 insigniter
1147 3746 1217 3782 nune
1235 3732 1434 3782 confirmauerit
1449 3731 1499 3782 Pa-

281 3801 345 3852 ridis
364 3802 442 3850 huius
461 3805 577 3866 exempti
595 3805 788 3868 compendium,
807 3805 881 3854 baud
898 3805 1053 3856 cunctanter
1069 3803 1169 3867 recepi.

352 3881 448 3920 cor-erre
461 3869 583 3924 dmatum
595 3872 687 3925 laureo
697 3889 763 3940 rope
775 3870 919 3941 impersit.)
940 3875 1099 3925 Plutarchus
1117 3874 1202 3924 Marc.
1218 3867 1264 3924 ³0.
1281 3873 1391 3937 scripsit
1406 3869 1453 3936 sei
1467 3866 1499 3924 roi

280 3939 394 4022 hirtam
405 3941 511 3998 ceritis
528 3943 565 3998 ric
573 3939 671 4008 adime
680 3940 812 4018 ἀργυρᾶν,
830 3943 876 3996 soi
880 3941 1000 4016 χρυσοῦν
1010 3939 1135 4014 ἐμβαλὼν
1143 3943 1279 4011 maror,
1298 3938 1500 4013 ὠιέσπὼπρός

280 4025 324 4059 rur
342 4005 407 4060 olis.
445 4014 565 4070 Quocum
587 4015 653 4065 mire
676 4017 710 4066 de
729 4027 829 4066 corona
849 4016 982 4066 consentit
1005 4016 1087 4066 iulias
1105 4015 1184 4065 Paris
1205 4011 1330 4080 (lepitr'sre
1341 4012 1441 4079 seem
1457 4028 1498 4064 cr·

281 4074 349 4131 tulit.
369 4075 468 4128 Punico
486 4079 576 4146 sopato
596 4088 621 4132 et
638 4098 736 4136 corono
754 4098 836 4136 natea
860 4081 1004 4150 muer).
1046 4086 1140 4151 Neque
1162 4087 1254 4134 umen
1276 4086 1337 4137 ideo
1359 4085 1499 4149 probanda

280 4148 456 4200 Freinshemii
479 4149 527 4213 (ad
552 4153 623 4202 Curt.
645 4155 681 4213 V,
703 4151 749 4212 13,
774 4151 821 4216 31)
845 4157 873 4204 et
890 4155 994 4207 Scbotti
1017 4157 1064 4221 (ad
1083 4158 1160 4207 core.
1182 4156 1250 4218 Nep.
1269 4156 1368 4223 fragm.
1388 4172 1417 4219 p.
1437 4149 1498 4217 titt

281 4220 433 4272 coniectura
451 4221 521 4284 apud
540 4221 674 4274 Valerium
694 4239 798 4289 qaoque
816 4225 961 4290 legendum
980 4241 1045 4277 esse
1062 4238 1152 4278 mee.
1188 4226 1274 4276 Nemo
1286 4225 1356 4277 enim
1374 4226 1500 4278 librarius

281 4293 316 4341 ab
335 4305 417 4342 narra
435 4304 532 4342 eorem
550 4292 577 4341 in
595 4290 712 4345 tauream
730 4296 911 4356 absumerit,
930 4311 990 4346 cum
1007 4298 1111 4348 interim
1133 4297 1292 4347 contrarium
1311 4297 1370 4346 fleri
1385 4296 1500 4361 potuerit

280 4362 419 4422 facillime,
445 4363 666 4427 quemadmodum
689 4365 788 4414 iactum
811 4369 855 4415 est
877 4368 906 4416 in
929 4369 1021 4419 codice
1046 4367 1256 4432 uueticrhytano
1273 4363 1304 4418 F.
1343 4367 1451 4433 ltaque,
1475 4367 1499 4416 si

282 4433 343 4498 quid
360 4435 523 4491 mutandum,
543 4433 632 4484 Paridi
649 4435 738 4500 potine
756 4436 920 4487 restituenda
937 4451 1035 4489 cereso
1052 4436 1153 4492 taurea
1188 4437 1342 4496 Praeterea,
1361 4454 1423 4488 curn
1439 4437 1498 4487 Plo-

281 4505 391 4554 tsrcbus
410 4505 443 4555 de
462 4518 561 4556 oorous
578 4507 666 4574 egerit
683 4506 814 4557 cineribus
832 4508 954 4559 Marcelli
971 4510 1107 4572 imposita,
1125 4509 1249 4560 Valerius
1268 4510 1302 4560 de
1319 4524 1429 4567 corona,
1447 4523 1500 4572 que

281 4574 430 4624 redimitum
448 4577 565 4626 cadauer
580 4591 648 4645 rogo
665 4577 790 4629 traditum
809 4577 900 4638 inerit,
925 4582 954 4629 nt
976 4592 1030 4629 uon
1050 4579 1147 4630 inscite
1164 4580 1352 4632 animaduertit
1369 4579 1499 4642 Kappios,

282 4645 329 4692 aut
351 4645 458 4696 diuerso
481 4645 554 4697 iente
576 4647 710 4698 Valerium
736 4649 763 4698 et
784 4648 956 4700 Plutarchum
980 4661 1046 4700 usos
1070 4664 1148 4710 esse,
1179 4654 1226 4700 eut
1249 4652 1285 4701 ab
1308 4652 1405 4703 eudem
1426 4649 1500 4700 fonte

283 4712 438 4768 atterutrum
453 4717 589 4779 paululum
608 4719 770 4771 discessisse
787 4720 942 4772 necessario
961 4720 1100 4788 colligitur.
