3409 5400
515 477 600 550 ΜΒ.
621 475 714 557 viii.
734 476 773 544 ⁰.
796 479 828 554 1,
848 475 922 544 lixi.
944 481 977 553 t.
998 472 1139 541 s-ts.
1374 470 1440 539 titi

223 659 259 716 ut
277 649 353 734 ipse
374 645 551 733 significat,
574 640 758 728 conposuit,
779 657 865 723 opus
881 633 1026 700 ardentm
1050 631 1184 717 spiritua
1204 627 1346 716 plenum.
1391 627 1443 696 lix

224 778 290 845 quo
312 760 450 842 apparet
470 745 719 816 senescentibus
740 743 898 810 membris
922 739 1120 806 eruditorum
1135 737 1224 801 intus
1239 735 1369 802 animos
1391 735 1446 812 in·,

159 925 164 932 .
224 861 375 930 inune
400 855 559 924 malleio
590 852 706 918 florem
737 852 890 916 iuuentae
924 846 1075 911 rainere.
1130 839 1247 926 Neque
1273 837 1338 904 hoc
1367 837 1441 904 stilo

224 967 381 1036 terminos
402 964 488 1031 uine
510 981 593 1028 suae
615 957 742 1025 clausit
786 953 938 1040 Namque
961 947 1187 1016 admirationis
1211 945 1282 1011 cius
1304 942 1444 1008 fluctum

200 1068 446 1161 *quinquennio
468 1066 622 1155 percepit.

314 1176 479 1243 Citerioris
503 1171 619 1239 aetatis
642 1179 765 1244 metas,
791 1164 853 1232 sed
875 1184 943 1228 non
965 1162 1059 1248 parui
1088 1169 1198 1225 tamen
1220 1153 1318 1242 spatii
1340 1145 1506 1240 oley-10.

223 1285 313 1371 eippi
334 1282 495 1348 uimcitas
518 1278 613 1344 tiexit.
658 1274 745 1340 Nam
768 1270 973 1359 octogesimo
997 1287 1084 1333 anno
1108 1271 1259 1349 coeptum
1274 1257 1444 1344 undeque·

226 1387 453 1478 dragesimum
468 1385 629 1466 Anser.
652 1380 883 1448 exacu'ssimae
906 1372 1091 1440 subtilitatis
1115 1368 1281 1440 uolumen,
1303 1363 1442 1451 reliquit.

226 1494 329 1562 Cuius
351 1491 495 1559 studium
509 1491 545 1556 in
560 1486 728 1554 tradendis
741 1482 866 1571 ingenii
883 1482 935 1554 sui
950 1475 1169 1546 monumentis
1185 1479 1308 1538 tantm
1324 1487 1445 1554 operas
1510 1534 1521 1563 ·

190 1601 414 1686 ¹⁰laborisque
437 1596 600 1670 sustinuit,
622 1604 660 1656 ut
680 1591 724 1658 ad
746 1610 788 1654 ea
809 1607 894 1676 quae
910 1584 1043 1670 scripsit
1064 1581 1192 1668 penitus
1210 1571 1447 1663 cognoscenda

225 1708 329 1796 louge
349 1705 418 1772 uita
437 1705 482 1771 sit
502 1723 598 1788 opus.

304 1811 362 1878 ne
384 1831 526 1897 quoque,
550 1802 716 1880 Cleanthe,
741 1814 808 1868 tam
828 1799 995 1866 laboriose
1010 1793 1214 1860 haurientem
1237 1797 1269 1850 et
1283 1795 1350 1852 tam
1372 1773 1510 1870 per-ll·

228 1919 377 1986 doaciter
392 1916 580 1996 tradentem
603 1911 799 1996 sapientiam
823 1926 944 1973 numen
967 1904 1072 1990 ipsius
1095 1895 1275 1966 industriae
1291 1889 1448 1980 suspexit,

158 2061 162 2068 ·
229 2048 307 2095 cum
326 2022 572 2092 adulescentem
595 2026 734 2106 quaestu
757 2009 976 2078 extrahendae
1000 2026 1106 2094 aquae
1121 2011 1280 2068 nocturno
1303 2007 1449 2083 tempore

193 2133 377 2219 trinopiam
399 2139 487 2194 tuem
510 2133 760 2194 sustentantem,
789 2117 906 2182 diurno
931 2111 1106 2201 Chrysippi
1133 2106 1317 2196 praeceptis
1344 2101 1450 2190 perci·

230 2237 360 2326 piendis
376 2241 560 2307 amanum,
583 2227 789 2311 eundemque
805 2221 849 2288 ad
865 2218 1165 2286 undecentesimum
1181 2232 1303 2278 annum
1318 2207 1451 2274 adtenta

232 2365 313 2412 cura
340 2341 541 2408 erudientem
572 2333 739 2402 auditores
766 2341 840 2394 tuos
872 2325 1005 2392 uideret.
1061 2319 1193 2408 Duplici
1223 2315 1310 2382 enim
1338 2311 1450 2378 labore

231 2454 330 2519 unius
352 2445 478 2515 saeculi
501 2443 643 2530 spatium
666 2435 847 2521 occupasti,
871 2433 1029 2496 incertum
1045 2422 1213 2493 reddendo
1229 2410 1451 2506 discipulusne

233 2581 278 2627 an
299 2563 491 2643 praeceptor
513 2566 609 2620 esses
630 2541 835 2611 laudabilior.

195 2675 227 2723 ²⁰
323 2658 509 2747 Sophocles
537 2672 667 2742 quoque
695 2649 874 2737 gloriosum
904 2661 978 2707 cum
1006 2657 1115 2704 rerum
1142 2643 1259 2701 natura
1287 2635 1453 2694 certamen
1463 2613 1516 2680 12·

234 2770 360 2847 habuit,
383 2777 451 2832 tam
472 2755 614 2849 benigne
637 2756 777 2821 mirilico
797 2751 844 2817 illi
860 2770 962 2837 opere
985 2766 1046 2813 sua
1069 2736 1252 2809 exhibendo
1275 2752 1375 2822 quam
1396 2728 1455 2796 illa

739 2872 953 2891 ffl—

235 2946 263 3003 8.
280 2950 350 3000 inter
366 2942 402 2999 Ε.
414 2942 428 3011 ΙΙ
439 2936 466 2995 i.
482 2941 607 2992 iuuentae
624 2936 716 2986 florem
734 2927 766 2983 F.
777 2930 791 2998 ΙΙ
802 2943 852 2981 nec
871 2922 923 2993 Ε.Ι
943 2906 1006 2991 hoc]
1024 2921 1053 2974 ire
1064 2930 1161 2971 return
1173 2911 1210 2969 D.
1229 2929 1247 2964 a
1264 2908 1293 2963 in
1310 2920 1408 2961 rem
1421 2900 1455 2959 Δ.

247 3019 262 3087 ΙΙ
272 3016 347 3085 attio]
367 3015 460 3067 muto
477 3011 506 3064 be
522 3022 621 3063 rorare
637 3002 673 3057 D.
688 2996 740 3073 118.
758 2998 823 3067 non]
845 3012 896 3049 nec
938 2995 971 3063 ,ΙΙ
991 2992 1067 3059 parui
1085 2986 1186 3053 umen]
1211 2980 1369 3051 parcitatem
1387 2973 1419 3029 Γ.
1430 2974 1446 3042 ΙΙ

238 3049 1459 3222 113188.111..ῗῖῗῇ8181011111ῗῗξῖιῖοιΒοῗῖἐέιῖῖέἙἫῗὲἓ

239 3229 277 3285 Ε.
298 3243 349 3281 cce.
370 3222 400 3277 F.
422 3224 530 3291 logicos
553 3218 615 3271 Par.
635 3216 648 3281 ΙΙ
667 3213 837 3266 subilmitatis
864 3208 917 3277 (3.1
942 3203 968 3259 s.
992 3200 1162 3255 monimentis
1179 3190 1244 3250 ΕΓ.
1262 3190 1275 3259 ΙΙ
1289 3204 1399 3256 opernm
1418 3184 1457 3239 D.

240 3300 331 3366 opens
348 3292 381 3349 F.
392 3292 407 3361 ΙΙ
420 3289 461 3345 18.
479 3293 525 3341 lie
543 3302 647 3355 qnoque
666 3287 797 3337 cleantem
813 3278 851 3333 D.
866 3275 879 3347 ΙΙ
896 3276 907 3331 1
928 3314 937 3331 .
955 3275 1078 3341 questum
1090 3266 1122 3321 F.
1133 3268 1147 3336 ΙΙ
1159 3262 1340 3319 uuaneneae
1357 3254 1456 3322 aquae]

242 3369 272 3422 ie
287 3380 386 3421 rom
396 3361 434 3416 D.
454 3358 621 3413 extrahenda
639 3370 673 3407 ea
692 3368 760 3420 quae
773 3365 819 3421 pr.
831 3345 864 3401 A.
883 3344 1066 3397 extrahendae
1085 3353 1171 3403 eaque
1182 3346 1253 3388 corr.
1263 3327 1297 3384 Δ.
1310 3326 1323 3397 ss
1339 3323 1380 3379 18.
1397 3338 1458 3391 per·

242 3438 371 3505 ciplendIs
389 3449 440 3487 ort.
459 3425 568 3553 Rpplii.
586 3426 735 3490 mitemque
746 3418 783 3473 D.
794 3418 809 3486 ΙΙ
820 3432 900 3468 unum
913 3416 940 3466 ei
952 3412 1125 3465 centesimum
1137 3404 1193 3471 1⁴¹·ss
1208 3400 1250 3455 11.
1268 3404 1295 3450 et
1312 3394 1459 3449 redientem

239 3525 284 3581 pr.
333 3504 418 3631 ippum
435 3499 491 3555 AC
525 3492 617 3569 Ruit).
633 3492 859 3565 gloriosissimum
877 3480 976 3553 Dllil.
995 3480 1045 3547 illi]
1056 3478 1103 3530 iiia
1119 3472 1143 3527 A
1162 3476 1188 3525 et
1204 3474 1264 3523 ente
1275 3464 1385 3520 minim
1396 3458 1459 3517 FP.

241 3583 287 3634 liie
307 3577 330 3633 0
366 3572 401 3630 Ε.
745 3622 958 3646 μ-

316 3682 744 3757 to.cr.1.netm.reaeot›.2n.
767 3682 821 3733 Sed
838 3678 917 3746 Diog.
936 3674 1025 3727 baert.
1044 3668 1105 3727 vii.
1124 3661 1176 3719 184
1199 3666 1227 3716 et
1248 3660 1322 3713 nuit.
1340 3674 1366 3711 ιι.
1384 3649 1460 3727 Χρό.

146 3758 151 3769 ι
244 3779 335 3834 mec
350 3788 411 3825 enm
429 3764 542 3819 nxxm
559 3774 647 3814 annos
665 3758 755 3810 natm
774 3751 929 3804 decessisse
947 3744 1072 3796 scribunt.

319 3842 361 3899 11.
389 3842 430 3895 Ci.
452 3840 532 3905 Diog.
560 3834 650 3886 inari.
674 3828 735 3888 vii,
764 3820 824 3877 1118.
865 3818 938 3871 Soli.
966 3832 992 3869 o.
1025 3805 1173 3874 lindiam.
1206 3804 1302 3856 Senec.
1331 3814 1392 3864 epp.
1426 3794 1461 3847 ad

246 3910 459 4054 Inoilcxw
473 3970 625 4049 prmus
638 3960 829 4040 pem-„any
859 3958 992 4012 valerium
1012 3964 1133 4009 errasse.
1152 3946 1222 4011 qnod
1240 3942 1396 3995 cleanthen
1413 3950 1463 4007 pro

248 4061 378 4129 magistro
397 4051 555 4115 discipulum
573 4040 717 4110 chrysippi
734 4035 859 4092 teclam,
878 4030 932 4081 iam
951 4025 1084 4079 Olinerins
1103 4017 1248 4071 adnotabit.
1294 4013 1357 4062 iirat
1375 4009 1464 4059 autem

250 4128 395 4183 cleanthes
411 4122 530 4175 Zenonis
548 4114 704 4179 discipulus.
726 4108 767 4160 ci.
783 4107 837 4193 tilp.
856 4102 933 4153 seed.
952 4100 990 4158 ii.
1008 4092 1053 4154 u.
1072 4084 1133 4145 128.
1156 4088 1265 4141 1.ιιοὶιιι.
1283 4082 1404 4135 Macrob.
1422 4071 1465 4131 18.

251 4198 437 4271 Diog.1.eert.
455 4190 512 4250 vn,
532 4182 593 4241 118.
612 4185 685 4235 Suid.
704 4196 730 4232 ιι.
747 4177 894 4239 mmm.

325 4266 367 4321 12
385 4266 424 4318 Gi.
441 4264 498 4314 cte.
515 4260 572 4313 cat
590 4257 652 4307 mai.
670 4250 697 4311 1,
714 4245 759 4302 12.

322 4335 436 4407 *triten
452 4330 494 4385 iiii
511 4342 594 4400 opere
610 4329 670 4387 ue)
693 4322 736 4373 iia
752 4319 825 4371 recte
842 4313 925 4366 edidit
942 4308 1080 4365 Veratius,
1099 4295 1340 4361 chaicocondylee.
1357 4286 1466 4339 riarum

253 4410 406 4477 ilerbipoi..
422 4402 561 4460 Ascensii.
579 4395 781 4449 iicdiohnense
798 4385 923 4450 exempta
940 4382 1065 4435 emetur.
1083 4388 1131 4439 pro
1150 4386 1183 4423 eo
1200 4366 1271 4433 quod
1289 4364 1316 4415 in
1331 4356 1467 4423 codicibus

252 4478 444 4544 manscriptle
462 4477 490 4525 et
506 4470 616 4539 reliquis
634 4457 927 4525 editionibuspositum
945 4451 1002 4509 eet,
1024 4442 1137 4515 ninflcn
1160 4437 1208 4493 ilic
1225 4446 1307 4505 opere
1323 4444 1389 4485 nu.
1408 4442 1468 4479 curn

256 4554 417 4610 mundam
434 4547 506 4598 banc
523 4539 638 4612 flagitari
656 4534 795 4602 appareat.
813 4529 905 4580 mutua
917 4523 1029 4575 alterurn
1047 4517 1083 4567 ab
1101 4512 1185 4564 altero
1197 4519 1308 4559 munere
1319 4498 1468 4565 accepisse.

257 4623 419 4692 Sophoclem
427 4633 445 4669 a
453 4628 542 4669 rerum
555 4614 652 4664 natm
665 4608 775 4676 longam
788 4600 915 4656 atatem
929 4594 1003 4645 luam
1018 4580 1179 4650 asopboole
1192 4574 1303 4631 mirifica
1311 4575 1369 4625 eins
1377 4583 1470 4634 opera.

258 4696 349 4749 sendo
358 4703 439 4756 qoam
453 4686 543 4751 inepte
552 4679 702 4751 bopbocler
709 4686 800 4731 rerum
810 4671 924 4725 micres
938 4675 1023 4735 opere
1031 4670 1083 4709 rue
1090 4646 1366 4707 mutinensium,
1383 4640 1431 4693 rei
1443 4640 1470 4691 in
