3409 5400
576 490 658 556 bIB.
680 490 738 568 tx,
762 490 800 556 G.
824 492 856 566 1,
879 498 910 569 i.
934 493 1058 560 3-0.
1083 494 1113 559 8.
1389 496 1452 564 7117

231 659 330 724 esset,
353 651 493 714 missum
516 649 558 714 ab
582 672 621 714 eo
639 651 820 718 Gratidium
843 651 989 739 legatum
1013 651 1057 718 ad
1080 651 1117 718 1..
1134 651 1259 738 Syllam
1284 655 1451 720 consulem

122 807 132 844 ·.
230 756 497 840 accipiendarum
521 755 690 843 legionum
713 779 816 822 causa
837 759 956 824 milites
981 758 1191 834 trucidarunt,
1218 761 1331 843 procul
1354 761 1453 826 dubio

95 943 102 950 ⁸
127 915 134 925 .
229 862 401 948 indignati,
429 862 516 948 quod
540 886 562 926 a
583 886 713 928 summo
736 865 872 950 imperio
897 865 938 930 ad
964 887 1053 942 eum,
1083 865 1137 951 qui
1160 863 1248 928 nullo
1272 863 1453 931 inhonore

90 1025 99 1060 ἵ,
127 1032 133 1043 ,
228 979 425 1041 uersaretur.
450 971 589 1035 transire
613 983 818 1058 cogerentur.
864 970 932 1035 Sed
949 971 1003 1057 qui
1018 972 1102 1036 ferat
1123 971 1255 1036 militem
1280 972 1364 1036 scite
1386 971 1453 1056 ple·

135 1160 139 1168 Ι
204 1073 281 1136 obis
306 1074 400 1136 exitio
423 1073 523 1161 legari
547 1075 789 1162 corrigentem?

97 1166 105 1172 ’
320 1179 384 1244 Pro
414 1182 549 1246 consule
577 1181 663 1246 istud
692 1193 757 1248 tam
787 1182 945 1248 uiolenter
973 1183 1150 1258 exereitus.
1184 1183 1262 1248 illud
1292 1183 1496 1250 aduersusE.

230 1289 410 1354 consulem.
457 1288 612 1368 Quintum
638 1291 724 1354 enim
748 1287 957 1374 Pompeium,
982 1289 1093 1375 Syllae
1117 1290 1295 1380 collegam,
1319 1301 1453 1356 senatus

115 1471 125 1481 .
231 1396 323 1460 iussu
348 1395 391 1459 ad
415 1396 591 1458 exercitum
617 1393 675 1458 Gn.
693 1393 839 1479 Pompei.
865 1416 960 1479 anrn
986 1395 1174 1481 aliquandiu
1198 1399 1301 1464 inuita
1324 1398 1454 1462 ciuitate

107 1488 115 1496 ’
231 1501 413 1574 obtinebat,
445 1499 643 1564 contendere
667 1522 785 1564 ausum
808 1500 974 1564 ambitiosi
997 1500 1091 1564 ducis
1115 1501 1289 1566 inlecebris
1313 1501 1454 1588 corrupti

194 1608 350 1673 romilites
373 1609 561 1672 sacrificare
583 1607 792 1691 incipientem
816 1605 937 1678 adorti,
965 1606 999 1670 in
1022 1607 1155 1672 modurn
1180 1607 1308 1673 bestiae
1330 1603 1454 1674 macta·

231 1726 305 1780 runt
326 1725 513 1799 tantumque
538 1710 646 1776 scelus
670 1713 771 1786 curia,
795 1713 914 1778 castris
936 1712 1052 1777 cedere
1076 1735 1112 1778 se
1129 1714 1295 1790 confessa,
1318 1713 1454 1780 inultum

224 1820 353 1886 babuit.
919 1898 929 1909 ι

111 1918 115 1926 '
320 1925 376 1992 llle
406 1947 536 2012 quoque
567 1925 728 1990 exereitus
757 1925 883 1990 nefarie
906 1925 1084 2002 uiolentus,
1114 1928 1168 2014 qui
1198 1927 1235 1991 G.
1260 1924 1454 2002 Carbonem,
1465 1927 1495 1995 3.

231 2034 364 2098 fratrem
394 2031 556 2096 Carbonis
584 2043 632 2094 ter
660 2031 823 2105 consulis,
850 2043 983 2118 propter
1012 2031 1096 2098 bella
1125 2033 1233 2100 ciuilia
1261 2031 1453 2099 dissolutam

87 2138 101 2149 ’“
194 2155 223 2198 1⁵
233 2138 441 2224 disciplinam
463 2138 637 2203 militarem
654 2139 869 2224 praefractius
894 2149 925 2202 et
947 2137 1085 2226 rigidius
1102 2140 1285 2227 astringere
1301 2149 1454 2204 conatum

232 2246 374 2332 priuauit
399 2244 468 2308 uita
496 2245 665 2330 satiusque
697 2243 787 2308 duxit
814 2245 956 2310 marimo
980 2243 1105 2310 scelere
1128 2246 1332 2332 coinquinari
1356 2265 1454 2333 quam

232 2372 354 2438 prauos
379 2372 418 2414 ac
443 2361 564 2414 taetros
587 2371 698 2415 mores
721 2359 861 2414 mutare.

736 2599 947 2609 ———

656 2900 715 2964 DE
741 2896 1031 2963 TEMERITATE.

321 3097 525 3162 Temeritatis
553 3096 651 3160 etiarn
680 3105 712 3157 et
746 3094 903 3159 subiti'et
932 3092 1143 3158 uehementes
1179 3104 1255 3157 sunt
1282 3088 1553 3179 impulsus‚Vlll.

87 3193 97 3264 ¹.
197 3224 372 3291 eoquorum
400 3200 517 3265 ictibus
550 3200 720 3265 bominum
748 3212 875 3265 mentes
910 3220 1094 3265 concussae
1128 3220 1188 3263 nec
1219 3222 1281 3265 sua
1311 3200 1457 3285 pericula

235 3310 396 3392 dispicere
419 3328 479 3369 nec
505 3306 614 3369 aliena
637 3307 725 3368 facta
747 3306 835 3367 iusta
858 3306 1081 3368 aestimatione
1105 3306 1262 3388 prosequi
1287 3304 1406 3369 ualent.

237 3448 261 3501 1.
280 3450 427 3518 gratidium
445 3444 482 3499 D.
496 3444 510 3511 ΙΙ
524 3446 628 3496 scillam
646 3442 739 3510 nnn
754 3442 781 3497 3.
799 3448 833 3494 ed
858 3459 962 3495 summo
976 3458 1021 3511 pr.
1039 3442 1071 3497 A.
1097 3446 1131 3493 sb
1150 3458 1254 3495 summo
1273 3458 1343 3497 corr.
1362 3442 1393 3497 A.
1405 3442 1419 3511 ΙΙ
1430 3443 1456 3497 4.

234 3522 289 3573 Sed
309 3517 414 3583 -133
433 3519 611 3586 corrigentem
630 3530 680 3567 out.
698 3512 730 3566 Γ.
741 3516 756 3582 ii
767 3517 826 3581 quie
844 3528 915 3567 corr.
932 3512 969 3570 D.
991 3512 1068 3565 Torr.
1079 3511 1094 3579 ΙΙ
1107 3515 1208 3565 feceret
1225 3511 1257 3566 A.
1274 3516 1288 3583 11
1306 3512 1331 3566 11.
1352 3516 1403 3566 Pro
1422 3542 1456 3553 -

235 3592 287 3656 (i.)
304 3591 443 3641 consulem
461 3602 511 3639 osc.
529 3585 562 3639 Γ.
572 3585 586 3652 ΙΙ
604 3586 748 3650 proconsul
764 3584 797 3637 A.
819 3586 987 3649 proconsulis
1005 3582 1040 3637 E.
1056 3582 1070 3651 ΙΙ
1088 3585 1229 3635 uiolentam
1248 3586 1283 3638 E.
1296 3584 1311 3651 ΙΙ
1330 3583 1355 3639 1.
1374 3585 1455 3652 enim]

237 3665 318 3713 etiem
338 3658 369 3713 Γ.
381 3657 433 3726 118.
452 3675 475 3708 e.
493 3660 600 3724 pompei
618 3656 654 3709 a.
668 3654 681 3723 ΙΙ
698 3654 738 3709 to.
756 3660 942 3707 mectaueruut
959 3653 1053 3708 EPer.
1074 3653 1150 3707 Torr.
1162 3654 1175 3721 ΙΙ
1191 3652 1230 3707 tt.
1249 3659 1314 3707 abiit
1331 3654 1357 3707 1·
1372 3662 1398 3707 et
1413 3670 1456 3724 pr.

235 3733 268 3785 A.
279 3734 294 3799 ΙΙ
308 3728 348 3783 13.
366 3730 479 3797 nelarie]
499 3734 560 3780 oste
576 3730 711 3781 exereitus
722 3724 759 3779 D.
778 3728 900 3777 nefariae
913 3740 959 3793 pr.
970 3722 1002 3775 A.
1015 3723 1028 3789 ΙΙ
1040 3742 1086 3793 ga.
1104 3729 1247 3777 carbonen
1261 3724 1296 3779 D.
1309 3726 1323 3791 Η
1338 3724 1378 3778 tt.
1396 3742 1457 3777 con·

236 3806 324 3855 sulem
340 3799 406 3855 ΕΓ.
421 3804 433 3865 ΙΙ
451 3798 491 3853 lb.
510 3800 675 3865 praefractius
695 3795 750 3851 OD
769 3802 793 3849 et
806 3812 852 3865 pr.
870 3795 903 3849 A.
915 3797 929 3863 ΙΙ
941 3800 968 3847 et
984 3809 1034 3847 ortt.
1054 3794 1247 3865 opsignatas
1266 3796 1295 3849 0.
1307 3796 1321 3863 ΙΙ
1336 3793 1376 3849 td.
1396 3798 1457 3863 {pri-

237 3877 310 3925 asuit
328 3872 394 3939 nito]
411 3870 445 3923 A.
456 3871 470 3937 ΙΙ
481 3872 656 3938 oiolnquinari
666 3898 698 3909 -·
710 3864 780 3933 (11.)
798 3868 913 3934 baulos
930 3864 953 3918 A
974 3863 988 3933 ΙΙ
1007 3862 1046 3919 11.
1059 3868 1184 3933 metiore}
1198 3865 1229 3919 A.
1241 3868 1254 3935 ΙΙ
1269 3864 1308 3921 111.
1321 3872 1458 3919 temeritas

237 3944 262 3997 Γ
279 3950 305 3996 et
317 3958 363 4011 pr.
381 3941 412 3995 A.
426 3941 440 4009 ΙΙ
452 3945 479 3992 et
497 3943 576 3992 subiri
595 3942 633 4008 et]
653 3945 681 3991 et
699 3942 778 3990 subiti
791 3954 837 4007 pr.
857 3938 889 3992 A.
910 3942 937 3988 nt
955 3938 1034 3989 subiti
1052 3934 1081 3988 D
1101 3944 1125 3989 et
1142 3953 1212 3992 corr.
1230 3937 1261 3991 A.
1281 3944 1307 3991 ct
1326 3937 1354 3991 0.
1377 3940 1458 3990 subiti

236 4021 265 4067 et
281 4014 314 4068 Γ.
325 4018 339 4082 ΙΙ
350 4012 492 4079 impulsus]
511 4028 561 4065 oss.
581 4012 611 4065 0.
628 4015 745 4076 impetus
756 4008 792 4063 B.
803 4010 817 4077 ΙΙ
828 4007 872 4062 w.
891 4012 995 4061 mentes
1014 4009 1147 4059 bominum
1160 4007 1192 4061 Γ.
1204 4009 1218 4078 ΙΙ
1230 4012 1347 4074 pericula
1362 4024 1413 4061 sus
1425 4008 1457 4061 Γ.

248 4084 316 4152 1121.
335 4086 475 4147 despicere
495 4082 554 4136 ΟΡ.
572 4085 678 4149 spicere
691 4096 738 4149 pr.
754 4080 791 4134 D.
814 4082 971 4145 conspicere
989 4078 1016 4133 E
1035 4084 1062 4130 et
1077 4093 1146 4134 corr.
1165 4077 1201 4133 D.
1225 4084 1360 4146 respicere
1380 4078 1458 4133 Torr.

247 4159 262 4225 Η
273 4159 472 4209 estimeoionem
491 4152 519 4208 C.

308 4278 362 4333 Sed
379 4278 425 4347 psi
433 4278 524 4345 serat)
545 4278 730 4345 Interrogandi
748 4292 894 4342 pronomen
918 4274 963 4344 pai
987 4278 1012 4327 in
1031 4277 1132 4326 directo
1153 4276 1271 4327 oratione
1289 4276 1459 4325 substantioe

236 4352 353 4419 positum
370 4352 491 4402 insolens
510 4352 560 4401 est.
596 4348 651 4399 Sed
670 4364 729 4399 cum
748 4350 843 4399 eodem
862 4362 973 4413 prorsns
992 4348 1069 4397 modo
1088 4348 1114 4396 in
1127 4348 1261 4395 Ciceronis
1280 4347 1400 4396 oratione
1418 4360 1459 4409 pr.

236 4426 317 4477 Rosc.
335 4423 425 4473 Amet.
443 4414 492 4479 tt.
515 4416 551 4473 95
574 4420 681 4487 legetur
703 4416 750 4486 qst‘
768 4418 872 4486 priscas
895 4416 1027 4469 Ameriam
1044 4412 1178 4475 condat&
1198 4431 1292 4467 uersor
1314 4431 1346 4467 ne
1365 4422 1458 4467 neutro

238 4495 297 4545 loco
320 4496 450 4544 bonorum
473 4493 598 4542 librorum
624 4490 802 4541 testimonium
824 4491 1002 4541 deserendum
1028 4490 1070 4541 stt.
1119 4488 1244 4539 Nolendo
1272 4502 1335 4539 uero
1363 4502 1458 4551 parurn

236 4567 299 4616 trite
316 4565 422 4617 locutio.

308 4630 334 4688 2.
354 4634 393 4687 Cf.
412 4634 470 4686 Liu.
488 4634 552 4697 epit.
568 4634 628 4685 libr.
646 4630 780 4683 Lxxvtt.
803 4632 873 4683 Veli.
890 4632 922 4689 11.
941 4628 985 4685 20.
1009 4630 1075 4695 App.
1095 4628 1144 4681 eiu.
1164 4629 1184 4687 l.
1203 4624 1247 4681 63.

310 4704 378 4758 vui.
397 4709 422 4755 et
438 4699 521 4755 noto
539 4708 564 4755 ct
580 4700 752 4765 semestre)
768 4702 809 4753 Its
824 4703 937 4771 Pighius
956 4702 1037 4753 edidit
1056 4715 1071 4751 e
1090 4700 1287 4765 ‘menwiptis
1304 4700 1457 4759 codicibus'.

1201 4786 1271 4851 45*
