3409 5400
593 520 676 589 LIB.
699 520 758 601 VI,
782 521 819 591 G.
843 522 876 601 9,
899 522 970 592 Exi.
993 532 1023 603 s.
1049 527 1078 593 7.
1384 531 1451 611 533,

229 684 391 753 malorum
414 684 664 751 amaritudinem
687 682 852 750 desiderio
876 684 929 751 sui
952 682 1127 772 duplicent,
1146 718 1165 753 ιι
1185 717 1204 752 ιι
1226 718 1244 753 ιι
1265 718 1295 759 ιι.

232 932 258 987 i.
278 936 454 985 amaritudine
471 932 561 988 ΕΠ.
575 932 588 1004 ΙΙ
602 938 763 988 desiderium
783 932 932 989 CDEFI'
949 939 974 986 u
986 949 1032 1002 pr.
1050 932 1081 987 A.
1098 932 1112 1002 ΙΙ
1127 949 1205 987 suum
1221 932 1253 989 F.
1273 936 1286 1004 ΙΙ
1306 939 1450 1008 duplicant]

233 1007 369 1068 duplicant
386 1004 444 1058 EF
455 1011 481 1057 et
498 1021 567 1060 corr.
585 1007 617 1059 A.
636 1006 699 1061 ndei.
717 1007 886 1074 propensiori
904 1008 997 1057 tortora
1014 1008 1100 1071 primo
1113 1008 1236 1059 daimitos
1248 1010 1343 1061 maiori
1354 1012 1452 1074 postes

231 1078 364 1128 mulorum
383 1078 488 1127 cumulo
507 1079 657 1143 opprimere
675 1080 763 1131 solent
781 1076 813 1131 Γ.

233 1304 410 1359 amaritudine
428 1304 595 1362 desiderium.
631 1312 705 1370 Quod
730 1313 755 1361 si
778 1313 880 1363 oenum
898 1312 956 1369 ost,
984 1310 1018 1359 do
1040 1309 1173 1359 sententio
1197 1323 1303 1370 eornm,
1330 1324 1402 1373 qnos
1424 1312 1452 1363 tn

233 1380 286 1429 flue
303 1379 383 1428 huius
401 1379 460 1429 iibri
478 1380 641 1440 interierunt,
659 1383 776 1433 durbituri
794 1384 839 1432 uix
860 1382 965 1446 poterit.
1008 1380 1104 1431 Rerum
1130 1394 1216 1430 nexus
1238 1380 1307 1431 haee
1330 1382 1387 1433 tora
1404 1382 1451 1433 tin·

234 1450 311 1518 gitat.
330 1464 403 1517 quoe.
422 1455 451 1501 ut
467 1449 623 1518 inflictorum
641 1451 768 1503 mutorum
789 1450 991 1503 umorimdr'uem
1009 1445 1142 1501 desiderio
1165 1447 1208 1501 rui
1231 1447 1379 1517 duplicent,
1403 1450 1451 1503 oti·

233 1517 358 1587 quamdiu
381 1518 476 1571 blondo
492 1520 595 1587 souare
617 1522 747 1575 homiuum
770 1523 873 1575 animos
891 1519 1061 1591 permulcent.
1109 1521 1173 1584 ipsa
1196 1523 1293 1581 uerba.
1319 1523 1371 1573 nisi
1395 1524 1451 1573 uiis

232 1594 379 1659 integriora
397 1595 527 1642 accedunt
545 1595 652 1645 criticae
670 1595 735 1645 artis
755 1595 925 1653 adminicula,
945 1592 1047 1644 restitut
1065 1596 1207 1657 nequeunt.
1244 1591 1387 1644 Turranius
1406 1608 1448 1651 ea.

233 1676 304 1725 quoe
317 1664 428 1731 Pighius
447 1679 463 1713 e
482 1664 572 1715 codiee
585 1666 737 1717 Cuuehiuuo
751 1668 903 1723 addiderat.
923 1666 976 1715 alia
995 1665 1028 1715 da
1047 1658 1132 1712 eausa
1150 1664 1249 1721 reiecit,
1268 1664 1336 1729 quod
1350 1664 1451 1715 seilicet

234 1734 329 1784 endem
348 1748 459 1797 prorsus
478 1738 623 1795 sententia,
648 1739 697 1787 sed
721 1746 790 1787 ‘erum
814 1738 916 1787 maiora
940 1737 1020 1786 otium
1042 1733 1184 1784 uiolentiae
1203 1734 1406 1801 signification&
1423 1736 1450 1785 tn

232 1806 454 1869 praecedentibus
472 1808 527 1855 iarn
547 1811 711 1867 occurreret,
770 1822 801 1859 os
817 1804 926 1859 sublime
949 1804 1095 1857 creuerunt
1117 1802 1260 1871 improuiso
1281 1818 1390 1855 recursu
1408 1800 1451 1856 de·

231 1873 337 1926 stitutus
349 1874 486 1942 profundo
505 1874 619 1928 eludium
637 1877 716 1930 miser
752 1876 824 1929 iliter
841 1876 1000 1943 iamerpuut,
1027 1888 1113 1937 neque
1136 1876 1162 1925 in
1186 1876 1303 1925 animum
1326 1876 1451 1927 inducero

232 1950 339 2011 poterat
356 1951 411 1997 tam
429 1950 514 1998 multu
530 1949 557 1998 in
577 1951 712 2001 codicibus
732 1951 887 2001 desiderari.
924 1950 1016 2015 ltaque
1029 1947 1185 2011 particulam
1197 1950 1227 1995 ut
1240 1946 1357 1997 additam
1375 1948 1452 2012 putat

233 2019 269 2066 ab
293 2018 397 2086 ignaris
420 2022 490 2069 rende
513 2022 642 2084 penderet
664 2023 846 2071 eouiunetiuus
871 2017 1015 2087 duplicent.
1041 2032 1119 2083 quom
1143 2016 1260 2080 explieat
1284 2026 1364 2081 ‘quus
1385 2016 1452 2069 talis

233 2090 296 2139 sunt
314 2093 342 2140 ut
360 2091 511 2155 duplicent.
531 2095 558 2141 et
577 2094 614 2141 ita
632 2109 650 2142 a
667 2092 774 2143 Valerio
793 2092 909 2157 positum
929 2104 992 2141 osse
1011 2088 1146 2155 persuasu
1163 2088 1277 2153 Kuppio.
