3409 5400
386 467 452 538 rro
828 430 890 528 'nn
911 456 1166 527 remaovnrs.
1192 564 1196 571 ι

385 646 461 691 cum
495 626 565 690 eius
593 622 694 689 studii
721 632 825 697 esset,
862 623 956 687 cuius
993 622 1201 708 professores
1237 617 1366 706 sophistae
1388 629 1513 695 nocmhrr,

385 735 516 816 ineptae
550 741 582 793 et
613 729 779 795 mordacis
808 728 1025 814 opinationis,
1054 725 1241 813 Apollinem
1267 724 1371 812 Delphis
1395 726 1519 793 inridendi

386 858 490 903 causa
510 834 675 901 consuluit
697 856 740 899 an
769 856 890 921 equum
912 836 1057 900 inuenire
1080 844 1204 920 posset,
1228 852 1293 897 cum
1310 834 1411 899 omnino
1427 832 1522 898 nulum

384 943 565 1009 habuisset.
601 941 704 1007 Cuius
727 963 768 1006 ex
791 941 926 1007 oraculo
947 941 1075 1007 reddite
1089 960 1155 1005 uox
1171 950 1230 1015 cst,
1252 940 1526 1027 inuemurnmeanm,

385 1050 446 1115 sad
468 1060 504 1113 ut
525 1069 564 1113 ao
587 1048 796 1134 proturbatus
820 1050 949 1135 periret.
994 1046 1074 1113 Inde
1099 1067 1174 1113 cum
1201 1045 1374 1113 iocabundus
1393 1048 1468 1134 quasi
1485 1046 1530 1111 de·

383 1156 459 1221 losa
480 1176 649 1221 sacrarum
677 1157 815 1221 sortium
844 1155 908 1219 lide
930 1164 1158 1225 reuerteretnr,
1185 1152 1292 1219 incidit
1307 1154 1335 1217 in
1352 1173 1444 1240 regern
1462 1152 1532 1217 lte·

384 1264 463 1337 lum,
486 1282 726 1347 saepenumero
750 1283 772 1325 a
792 1283 829 1326 se
846 1260 1092 1327 contumeliosis
1109 1262 1203 1327 dictis
1220 1260 1366 1327 absentem
1376 1258 1531 1325 lacessitum

386 1372 523 1455 eiusque
544 1369 639 1433 iussu
662 1389 755 1443 saxo,
777 1369 832 1432 cui
853 1388 975 1433 nomen
997 1379 1067 1431 erat
1077 1367 1173 1454 Equi,
1196 1368 1409 1453 praecipitatus,
1428 1366 1532 1432 addeo

385 1496 492 1564 usque
514 1473 717 1541 cauillandos
741 1474 902 1540 dementis
926 1475 1027 1539 animi
1049 1476 1138 1540 iusta
1160 1474 1313 1561 supplicia
1334 1472 1474 1560 pependit.

344 1574 376 1640 9.
473 1580 602 1647 Eodem
629 1580 762 1647 oraculo
785 1580 1007 1645 Macedonum
1034 1601 1092 1645 rex
1121 1578 1289 1666 Philippus
1310 1581 1469 1647 admonitus
1491 1591 1521 1643 ut

386 1688 567 1776 quadrigae
590 1686 746 1751 uiolentia
768 1688 909 1753 salutem
932 1708 1028 1752 suam
1043 1686 1229 1763 custodiret,
1253 1698 1311 1753 toto
1330 1708 1421 1775 regno
1435 1686 1533 1759 disiun

385 1817 500 1861 currus
523 1795 629 1869 iussit,
652 1814 793 1880 eumque
814 1794 941 1870 locum,
965 1795 1022 1881 qui
1043 1795 1078 1857 in
1099 1791 1239 1859 Boeotia
1261 1792 1416 1880 Quadriga
1434 1802 1533 1855 uocati

385 1921 517 1986 semper
539 1901 664 1965 uitauit.
709 1896 780 1963 Nec
809 1910 920 1965 tamen
942 1899 1167 1965 denuntiatum
1189 1898 1320 1984 periculi
1340 1919 1436 1985 genus
1456 1897 1533 1984 effug

384 2006 472 2073 Nam
494 2006 678 2071 Pausanias
706 2008 741 2071 in
772 2004 890 2090 capulo
913 2005 1030 2095 gladii,
1054 2027 1119 2095 quo
1144 2026 1219 2071 eum
1241 2003 1361 2081 occidit,
1383 2002 1533 2091 quadriga

384 2112 499 2179 habuit
520 2111 691 2179 caelatam.

322 2211 374 2278 10.
474 2218 570 2301 Quae
592 2229 659 2283 tarn
681 2218 831 2306 pertinax
851 2219 1036 2283 necessitas
1059 2219 1094 2282 in
1116 2228 1209 2304 patre
1233 2217 1297 2283 lilio
1312 2215 1491 2283 Alexandro
1514 2238 1532 2281 c

385 2326 501 2393 similis
525 2326 686 2412 apparuit.
710 2323 881 2410 Siquidem
905 2321 1050 2389 Galanus
1072 2320 1174 2389 lndus
1199 2346 1261 2389 sua
1282 2334 1397 2409 sponte
1420 2343 1457 2388 se
1473 2323 1534 2389 ard

382 2452 467 2520 rogo
490 2433 742 2517 superiactatos,
765 2428 989 2517 interpellatus
1012 2430 1054 2495 ab
1079 2451 1118 2494 eo
1148 2428 1265 2518 ecquid
1279 2438 1336 2494 ant
1356 2428 1529 2494 mandaret

384 2539 494 2603 dicere
516 2536 625 2613 uellet,
648 2536 758 2601 ‘Brcui
769 2534 821 2611 te',
842 2537 956 2623 inquit,
980 2534 1131 2602 ‘uidebo'.
1175 2533 1246 2600 Nec
1257 2534 1293 2601 id
1305 2537 1376 2601 sine
1389 2557 1505 2611 causa,
1530 2560 1534 2595 ι

384 2642 603 2710 uoluntarium
629 2644 701 2708 eius
729 2666 748 2709 e
777 2644 846 2711 uita
877 2664 1050 2711 excessum
1072 2642 1189 2731 rapida
1211 2663 1302 2709 mors
1327 2640 1513 2726 Alexandri

385 2761 498 2818 secuta
520 2761 581 2816 est.

323 2845 375 2921 ll.
473 2857 599 2945 Regios
621 2859 769 2923 interitus
792 2857 1019 2946 magnitudine
1042 2859 1190 2926 miraculi
1204 2858 1348 2945 remigis
1363 2879 1473 2924 casus
1491 2879 1533 2925 ae

386 2963 494 3046 Quem
524 2965 559 3029 in
590 2962 712 3028 hexere
742 2963 914 3051 Tyriorum
942 2967 1106 3033 sentinam
1134 2967 1348 3034 haurientem
1381 2987 1467 3033 cum
1500 2989 1521 3030 e

384 3157 411 3213 2.
429 3160 559 3226 opinionis
576 3155 637 3282 EA!
650 3159 773 3225 Delphys
791 3156 824 3211 Α.
837 3157 850 3232 ΙΙ
864 3156 891 3213 3.
912 3175 1027 3228 aequum
1044 3159 1076 3212 A.
1094 3159 1108 3232 ΙΙ
1124 3157 1150 3214 4.
1175 3159 1368 3230 inuenturum]
1398 3157 1469 3213 odd.
1491 3177 1535 3212 ern

388 3227 450 3283 vict.
469 3227 505 3281 od
521 3227 545 3286 1,
565 3227 592 3286 1,
630 3227 789 3298 .l}acquum
810 3229 843 3284 A.
858 3229 871 3303 ΙΙ
892 3229 918 3284 5.
936 3234 965 3282 ut
983 3247 1031 3286 om.
1050 3247 1097 3300 pr.
1120 3229 1158 3284 D.
1179 3230 1403 3302 “perturbatus
1431 3229 1535 3293 (Bm.

388 3297 425 3353 Vt
439 3316 488 3354 aot
504 3299 582 3354 etiam
600 3300 663 3354 Par.
677 3299 690 3373 ΙΙ
704 3315 842 3355 sacrorum
861 3305 957 3354 delusa
973 3301 1009 3356 Ε.
1030 3297 1042 3372 ΙΙ
1062 3299 1088 3355 11.
1107 3305 1213 3356 animae
1230 3300 1341 3356 ΑΒΓ.
1364 3299 1380 3375 ΙΙ
1402 3303 1496 3354 iussa
1523 3302 1535 3355 l

383 3373 534 3439 Philippus]
554 3369 617 3423 add.
635 3378 679 3424 est
695 3371 732 3425 D.
747 3370 759 3440 ΙΙ
780 3367 822 3424 11.
834 3388 927 3426 eunus
947 3375 1062 3442 dlsiungi
1079 3371 1139 3440 1⁴3.ss
1155 3371 1194 3428 tu
1208 3375 1305 3442 quiin]
1345 3391 1420 3426 narn
1434 3371 1469 3426 C.
1493 3391 1535 3440 qu¹

394 3442 509 3512 {lhostis
525 3440 617 3496 ΑΒΓ.
631 3441 644 3517 ΙΙ
658 3446 751 3514 quadri
772 3444 796 3495 is
815 3448 965 3497 celebratur
986 3441 1059 3495 Viae.
1077 3441 1145 3496 Bell.
1163 3461 1204 3514 ap.
1222 3444 1287 3497 hist.
1343 3482 1354 3502 .
1380 3441 1433 3499 lt).
1490 3461 1532 3496 uo

394 3513 408 3583 ΙΙ
423 3511 462 3568 14.
479 3515 637 3580 pensamine
655 3515 690 3570 Ε.
702 3513 715 3582 ΙΙ
729 3461 771 3568 lg
789 3519 904 3568 celatam
921 3513 952 3568 Α.
964 3512 978 3582 ΙΙ
992 3511 1032 3566 lh·
1051 3515 1078 3580 ἦ.
1100 3512 1142 3567 10.
1160 3531 1209 3568 orn.
1224 3513 1257 3568 Γ.
1271 3515 1286 3584 ΙΙ
1301 3518 1335 3568 et
1354 3517 1422 3567 filio
1439 3523 1456 3576 (
1475 3513 1535 3576 )D

385 3583 427 3639 tt.
446 3587 567 3637 mdanus
584 3584 771 3640 ABDEPor.
785 3581 798 3656 ΙΙ
812 3603 844 3639 se
862 3601 912 3639 om.
930 3584 962 3639 A.
980 3583 994 3653 ΙΙ
1007 3581 1048 3638 18.
1067 3587 1269 3651 superiactatos
1285 3601 1341 3656 pr.
1365 3584 1407 3646 A,
1437 3585 1535 3637 Tor-r.

383 3657 462 3708 edom
479 3655 605 3724 Por-‚flet
623 3659 685 3724 quid
701 3653 787 3711 Bes
805 3664 830 3711 et
843 3673 890 3727 pr.
907 3655 939 3710 A.
959 3657 1020 3724 quld
1037 3655 1067 3708 D
1085 3662 1112 3708 et
1128 3655 1241 3710 cerari.
1305 3695 1313 3710 .
1339 3654 1370 3713 Ι,
1396 3655 1430 3717 ¹1,
1455 3654 1521 3724 ’1.11

383 3725 416 3786 Α,
434 3723 483 3778 red
499 3743 529 3778 re
546 3724 575 3778 in
591 3742 697 3781 rasura.
735 3724 777 3782 19.
794 3730 878 3795 lnquit
895 3731 922 3780 te
939 3727 976 3781 D.
995 3723 1072 3854 'dm‘
1091 3729 1186 3779 rabida
1203 3725 1260 3782 BG
1319 3732 1354 3779 et
1400 3743 1429 3782 r.
1455 3725 1497 3780 A.
1522 3725 1535 3788 ll

384 3797 459 3866 giam
475 3799 607 3849 Interitum
621 3796 678 3866 1111
725 3801 778 3851 .ln
796 3803 914 3852 dhexere
931 3797 987 3853 ΑΒ
1021 3795 1053 3851 Γ.
1072 3800 1229 3852 indexhere
1247 3800 1345 3852 litore
1398 3799 1469 3850 .in
1493 3799 1533 3849 lit

384 3973 470 4023 fectus
488 3987 542 4022 non
559 3974 650 4041 liquet.
690 3975 761 4027 Nam
785 3978 905 4028 codicum
929 3977 1061 4041 scriptura
1084 3973 1257 4044 Daphoat'tca
1284 3978 1375 4028 nihil
1408 3978 1507 4028 atiud

384 4043 455 4109 qood
471 4043 650 4108 incomptum
666 4049 788 4098 carnemt
797 4049 847 4100 lul.
858 4049 945 4107 Paris,
965 4049 1087 4114 quodque
1100 4047 1294 4111 antiquisslmo
1316 4049 1507 4100 firmatum
1531 4061 1535 4088 r

382 4113 473 4179 utique
490 4114 669 4176 recipiendum
690 4120 756 4169 crat.

455 4179 581 4235 denuda
596 4184 689 4247 anim)
723 4189 799 4240 Haec
816 4190 976 4249 emendatio,
1001 4190 1074 4240 facta
1090 4189 1118 4240 in
1136 4190 1257 4250 alterius,
1287 4191 1459 4242 familiae
1486 4190 1535 4240 alt

384 4256 490 4308 omnino
506 4258 666 4307 necessaria
682 4261 749 4310 erat.
784 4259 835 4310 list
852 4261 922 4312 enirn
941 4261 1022 4311 animi
1041 4262 1170 4312 dementis
1183 4261 1324 4313 cauillari
1351 4263 1462 4320 deos,
1489 4276 1535 4311 nn

384 4341 464 4392 quam
482 4327 623 4392 archetypi
646 4330 705 4381 eod.
729 4331 889 4395 scripturam
910 4333 996 4384 ortam
1017 4333 1082 4397 puto
1106 4347 1141 4384 ex
1164 4333 1274 4384 omissa
1305 4333 1419 4399 (aute
1445 4331 1535 4383 iuss:

383 4397 509 4463 suppleta
524 4398 613 4449 littera
629 4399 703 4450 finali
719 4416 745 4451 u.
765 4400 854 4454 esai.

340 4511 347 4523 .
452 4463 479 4520 8.
498 4469 537 4520 ct.
556 4471 610 4521 cic.
628 4471 662 4521 da
679 4471 727 4522 tat.
744 4467 772 4531 3,
788 4468 816 4524 h.
839 4470 1287 4542 se1.u.n.111,tt,quitamen
1304 4475 1519 4541 Philippum

382 4541 410 4589 tn
427 4540 497 4590 aede
514 4539 660 4605 Trophonii
676 4543 742 4593 illud
760 4556 921 4610 responsum
939 4547 1081 4610 accepisse
1099 4547 1199 4596 scribit.

456 4603 915 4674 {accommodasset
944 4615 1022 4667 Diod.
1040 4615 1093 4668 Sic.
1111 4617 1201 4676 xvu,
1222 4613 1291 4670 tor.
1317 4631 1357 4682 p.
1387 4613 1481 4671 244.
1533 4619 1535 4669 Ι

383 4673 427 4731 48.
452 4677 550 4732 Strabo
567 4681 628 4743 XV,
646 4677 682 4736 118
698 4698 726 4749 p.
741 4679 802 4736 111.
826 4684 923 4739 Arnen
940 4686 997 4748 vu,
1019 4682 1060 4748 18,
1078 4682 1105 4742 h.
1125 4687 1180 4740 alii.
