3409 5400
108 133 1620 394 ὴ-τ-,Ἶ

385 533 468 600 LIB.
490 531 579 611 VIII,
603 533 639 602 G.
664 533 717 608 12,
738 532 864 608 llatss.
885 529 1026 602 aad.
1054 530 1103 606 13,
1127 539 1155 605 s.
1183 531 1213 594 1.
1345 528 1408 594 651

191 699 280 762 uitae
310 697 407 783 quasi
435 694 633 763 adminicula
663 693 826 780 quaedam
850 691 983 766 dentur,
1014 690 1130 776 quibus
1159 691 1315 755 insistens
1344 689 1421 760 ala·¹

87 814 88 823 ‘
114 803 117 806 ’
193 807 332 870 criorem
356 825 393 866 se
417 811 568 886 respectu
592 810 739 873 uetustae
761 797 925 863 felicitatis
950 796 1058 860 iacere
1081 795 1202 881 possit,
1234 795 1411 880 tranquilli·

86 924 92 984 ’ς
193 923 356 995 talemque
380 907 505 974 saeculi
528 908 642 980 nostri,
665 927 732 991 qua
753 903 843 970 nulla
857 924 1012 991 umquam
1035 901 1159 966 beatior
1182 901 1250 974 fuit,
1274 900 1411 964 subinde

190 1017 313 1080 fiducia
330 1016 507 1087 confirmet,
531 1013 683 1080 salutaris
699 1012 856 1098 principis
873 1009 1126 1074 incolomitatem
1142 1007 1184 1072 ad
1195 1006 1411 1092 longissimos

168 1121 358 1184 ahumanae
383 1119 584 1184 condicionis
610 1121 764 1184 terminos
789 1115 1011 1204 prorogando.

283 1225 328 1288 M.
352 1224 505 1291 Valerius
531 1226 692 1288 Coruinus
717 1225 930 1288 cciitesimum
954 1241 1074 1286 aurion]
1092 1221 1263 1307 conpleuit.
1311 1213 1453 1284 Cuiusl.

193 1337 277 1398 inter
299 1334 438 1417 primum
462 1345 494 1394 et
523 1343 647 1396 serlum
676 1329 881 1395 consulatum
905 1327 965 1392 XL
990 1339 1020 1390 el
1043 1327 1090 1392 vl
1114 1329 1191 1394 anni
1219 1329 1413 1393 intercesse-

123 1433 130 1442 '
193 1451 275 1512 runt,
300 1439 495 1522 suffecitque
518 1440 655 1524 integris
679 1437 802 1500 uiribus
832 1435 980 1518 corporis
1010 1455 1076 1498 non
1104 1433 1212 1500 solum
1236 1433 1412 1519 speciosis·

193 1547 287 1608 simis
312 1543 448 1628 publicis
471 1546 670 1620 ministeriis,
694 1543 875 1607 sedetiam
899 1543 1126 1606 exactissimae
1158 1561 1313 1628 agrorum
1336 1561 1413 1605 suo·

157 1667 183 1709 ιο
192 1638 267 1715 rum
288 1649 443 1726 culturae,
468 1662 500 1712 et
521 1651 604 1715 cinis
628 1662 659 1713 ct
681 1651 783 1735 patris
805 1646 949 1712 familiae
974 1646 1115 1732 optabile
1139 1646 1332 1732 exemplum.

193 1825 218 1882 3.
243 1829 326 1879 nostri
350 1829 451 1877 saecoli
471 1823 500 1880 Γ.
520 1825 532 1898 ΙΙ
552 1845 604 1891 quo
631 1824 683 1880 CI*
706 1831 731 1878 et
749 1842 793 1896 pr.
813 1823 843 1877 A.
862 1824 876 1892 ll
888 1823 1024 1890 umquam]
1045 1825 1138 1874 umbra
1158 1822 1186 1876 C.
1198 1822 1211 1891 ΙΙ
1223 1823 1248 1878 l.
1268 1821 1365 1874 llduciei
1379 1822 1410 1876 Α.

204 1901 218 1964 il
234 1900 439 1952 incolumitatem
458 1911 527 1952 corr.
546 1898 569 1951 A
593 1914 650 1950 cure
667 1897 776 1966 reliquis
793 1901 820 1948 et
838 1894 915 1948 Torr.
929 1893 942 1963 11
962 1891 986 1946 θ.
1006 1895 1138 1946 cominius
1156 1893 1188 1947 A.
1212 1897 1314 1946 Coruus
1335 1893 1412 1948 Τοιτ.

197 1966 258 2021 Vid.
277 1967 314 2020 nd
330 1966 382 2023 lii.
401 1967 429 2023 2.
449 1967 473 2021 6.
487 1969 501 2036 ll
516 1970 540 2023 I.
559 1972 608 2021 xi.
628 1974 655 2022 nt
672 1971 718 2020 Vll
736 1967 774 2020 D.
792 1969 879 2018 xcvi
898 1967 960 2020 Per.
980 1968 1156 2036 quadraginin
1174 1968 1277 2030 sepiem
1299 1964 1376 2017 Torr.
1387 1965 1401 2034 ΙΙ

194 2039 220 2093 9.
239 2040 362 2106 publicis]
388 2043 426 2090 rei
452 2042 573 2104 publicae
597 2037 625 2091 D
650 2046 675 2091 et
698 2039 726 2089 ia
747 2053 843 2090 rasura
862 2035 899 2098 A,
927 2036 1002 2089 Torr.
1027 2037 1101 2088 solus
1126 2039 1238 2102 publicis
1265 2033 1326 2089 GE.
1345 2037 1411 2087 solis

195 2113 308 2176 publicis
327 2107 355 2161 l'.
370 2107 382 2179 ΙΙ
401 2109 439 2163 ll).
459 2113 660 2176 patrisfamilias
681 2109 758 2162 Torr.
777 2107 820 2174 Os.
838 2104 898 2166 Vll.
918 2107 942 2168 3,
967 2109 986 2162 Ι.
1012 2104 1084 2166 vill,
1106 2105 1128 2166 i,
1148 2105 1203 2162 ebs.
1220 2104 1252 2158 lt
1270 2104 1413 2160 elamm-

195 2274 248 2320 iam
268 2273 406 2321 inuenerat
424 2274 596 2322 rrbbreuintor
615 2273 850 2335 (irrellcrbyinnus.
871 2271 1048 2333 probauerunt
1069 2269 1190 2320 Vorstins
1210 2271 1235 2318 el
1252 2267 1413 2318 Perizonius.

195 2343 325 2392 Omnibus
349 2344 419 2392 enim
438 2347 529 2392 illicior
553 2357 628 2408 spem
651 2343 818 2392 diuturnioris
844 2342 914 2390 tritae
939 2355 1040 2407 erigere
1065 2339 1127 2396 uult.
1153 2339 1290 2406 congestis
1314 2337 1413 2402 aliquoi

195 2413 377 2464 memorabilis
394 2417 522 2464 senectae
540 2416 680 2476 exemplis,
698 2428 809 2474 quorum
828 2415 951 2476 respectu
971 2425 1036 2474 spes
1055 2411 1101 2460 illa
1119 2411 1233 2460 alacrior
1253 2409 1312 2466 ilai,
1333 2411 1412 2470 atque

195 2486 263 2534 adeo
282 2485 334 2546 ipsi
353 2485 412 2548 spei
430 2485 590 2534 adminicula
607 2485 739 2549 quaedam
758 2483 941 2533 subministrat
960 2483 1087 2532 relatione
1107 2493 1164 2532 siin.

268 2553 290 2605 1.
310 2555 347 2605 Cf.
367 2555 432 2607 Piin.
451 2557 476 2606 li.
496 2571 521 2605 n.
540 2555 596 2611 vil,
615 2552 658 2610 48,
677 2550 720 2606 tii.
743 2555 809 2604 Plut.
830 2555 897 2604 ilar.
916 2551 961 2604 28.

266 2622 320 2676 xl.
338 2630 364 2675 et
384 2623 424 2676 Vl
439 2624 502 2675 ossi
519 2623 729 2685 intercesserant)
749 2625 880 2687 Exempla
898 2624 1072 2674 numeralium
1092 2623 1263 2672 cardinalium
1284 2623 1412 2671 minorum

197 2712 275 2763 qnam
295 2700 408 2757 centrum,
426 2697 453 2747 in
472 2692 567 2762 quibus
585 2697 671 2747 maior
687 2710 814 2747 numerus
834 2696 926 2747 conlra
943 2695 1031 2747 Latini
1044 2694 1176 2745 sermonis
1195 2693 1412 2745 consuetudinem

196 2770 342 2831 praecedat
360 2770 486 2818 minorem
505 2782 554 2831 per
571 2768 694 2831 copulam
712 2781 859 2823 annexum,
884 2782 942 2817 cum
964 2781 1012 2830 per
1030 2780 1061 2815 se
1080 2780 1142 2815 raro
1160 2768 1221 2815 sunt
1240 2766 1295 2815 tum
1313 2780 1414 2833 magna

196 2853 230 2888 ex
248 2842 325 2902 parte
343 2840 423 2887 dubia
441 2844 548 2902 propter
567 2839 726 2902 scripturam
745 2841 772 2888 et
788 2838 897 2889 incerta.
940 2837 1024 2902 litque
1048 2838 1099 2887 hoc
1117 2851 1222 2899 quoque
1241 2838 1299 2885 loco
1318 2837 1344 2885 in
1363 2836 1413 2885 Pa·

196 2909 259 2958 ridle
279 2910 434 2972 compendio
453 2910 593 2974 uulgarem
617 2910 720 2959 dicendi
743 2923 863 2959 normam
884 2910 1055 2960 obserentem
1075 2921 1138 2959 esso
1157 2908 1290 2965 uidemus.
1315 2908 1413 2973 quippe

196 2980 264 3045 qrrod
283 2980 408 3029 exhibeat
425 2972 521 3030 XLVI
538 2977 602 3028 osai
618 2978 827 3031 intercesserant.
865 2980 957 3042 Neque
975 2980 1000 3029 id
1019 2992 1149 3043 reponere
1169 2980 1343 3033 dubitassem.
1363 2979 1413 3027 nisi

195 3051 324 3101 interdum
341 3052 402 3114 ipse
420 3052 579 3114 epitomator
597 3066 666 3112 quac
684 3052 772 3101 minus
790 3053 863 3103 recte
881 3052 982 3114 scripta
1000 3051 1222 3101 animaduerteret
1240 3065 1288 3114 pro
1307 3050 1413 3099 arbitrio

195 3124 335 3172 mutasset.
379 3123 513 3171 Valerium
537 3123 626 3172 eutem
649 3123 793 3173 insolentia
815 3123 842 3173 in
861 3123 912 3173 hoc
929 3136 1031 3191 genere
1050 3122 1176 3172 nonnulla
1199 3122 1249 3171 sibi
1269 3121 1412 3171 indulsisse

196 3194 263 3241 satis
282 3192 395 3242 constat.
433 3192 474 3241 lta
491 3194 518 3241 ln
537 3195 696 3245 centenariis
714 3194 831 3245 numeris
855 3194 932 3245 aliter
953 3208 986 3243 ac
1008 3192 1089 3259 uulgo
1113 3194 1170 3243 lieri
1188 3193 1294 3243 solebat
1313 3192 1412 3256 aliquo·

196 3264 265 3313 tiens
289 3263 417 3311 minorem
439 3276 575 3311 numerum
600 3264 757 3327 interposita
780 3266 963 3327 particulari
986 3265 1029 3315 uel
1052 3268 1129 3329 atquc
1152 3264 1244 3313 maiori
1268 3263 1413 3326 praemisit.

197 3334 249 3396 (Gi
269 3332 323 3389 vil.
343 3328 369 3389 6.
390 3331 414 3389 l.
431 3330 595 3398 septupium
614 3340 690 3401 etque
709 3331 820 3385 decenti
845 3336 918 3391 vill,
941 3330 986 3392 is,
1006 3329 1023 3381 li
1041 3332 1144 3384 latiam
1162 3338 1188 3382 el
1205 3331 1369 3383 cmterimum
1387 3336 1414 3383 et

198 3403 292 3452 eodem
316 3404 438 3464 exemplo
462 3404 543 3465 paulo
566 3408 628 3465 post
651 3402 766 3470 quietum
790 3401 917 3453 damam
941 3408 965 3453 et
983 3403 1161 3455 cmusimum,
1182 3404 1209 3451 oi
1227 3403 1315 3469 magis
1334 3402 1413 3452 etlam

196 3474 303 3522 solocoe
323 3473 419 3535 duplici
438 3474 535 3536 copula
552 3474 654 3525 inserts
677 3474 750 3531 i'lii.
772 3469 819 3532 13.
845 3477 897 3523 ext.
917 3469 934 3524 5
951 3478 1048 3539 septem
1067 3479 1093 3523 et
1109 3470 1295 3538 quinquaqinta
1314 3476 1339 3523 el
1357 3485 1413 3522 cerr·

194 3548 248 3593 taes
266 3550 367 3597 meos.)
402 3544 488 3593 Aliam
511 3543 660 3602 licentiam,
683 3560 737 3605 qua
755 3545 879 3593 Valerius
904 3545 954 3593 duo
979 3544 1127 3593 numeralia
1146 3558 1193 3607 per
1212 3556 1258 3595 ac.
1284 3547 1360 3609 atque
1378 3546 1413 3593 ad

197 3629 276 3664 unum
300 3614 442 3673 coniunxit,
465 3630 483 3665 a
500 3628 599 3678 prosae
617 3615 745 3665 orationis
769 3615 921 3664 auctoribus
946 3616 1007 3665 item
1032 3616 1161 3671 alienam,
1186 3614 1261 3680 attigi
1280 3614 1316 3672 ll,
1336 3610 1367 3673 li.
1387 3610 1412 3667 d.

196 3686 252 3735 lans
271 3699 335 3735 uero
353 3686 483 3743 scitiores.
502 3700 567 3735 cum
591 3701 606 3737 o
630 3686 708 3736 lastis
733 3684 888 3747 Capitolinis
912 3688 1015 3737 constet
1038 3686 1105 3735 inter
1129 3684 1240 3748 primum
1263 3688 1290 3737 et
1308 3689 1413 3736 sextum

198 3758 295 3807 Valerii
304 3758 382 3807 Corui
391 3758 558 3807 consulatum
578 3756 616 3819 (a.
627 3774 651 3809 u.
665 3774 686 3807 c.
702 3750 855 3818 loo-455)
874 3756 971 3809 XLVII
987 3770 1072 3805 annos
1090 3757 1287 3815 intercessisse,
1306 3760 1413 3808 auctore

196 3828 290 3895 Pighio
309 3829 379 3877 huno
398 3842 533 3877 nummum
552 3833 741 3892 reposuerunt,
766 3828 809 3892 qui
833 3830 906 3878 extat
930 3828 1010 3877 eliam
1029 3827 1054 3876 in
1075 3828 1165 3877 codice
1185 3828 1349 3877 Beroiinensl
1367 3830 1410 3881 de·

196 3900 291 3949 teriore
310 3902 336 3947 et
353 3899 421 3947 inter
435 3899 583 3965 PIgirianos
601 3901 627 3949 in
638 3900 788 3962 campensi.
825 3898 894 3949 Nam
913 3900 946 3948 de
959 3899 1120 3953 Caeciliano.
1140 3898 1214 3947 cuius
1232 3898 1409 3950 testimonium

196 3970 259 4018 citat
276 3970 317 4018 nir
335 3970 513 4028 doctissimus,
533 3966 578 4019 uiri
596 3970 759 4021 crediderim.
800 3968 864 4019 Sine
889 3970 968 4020 dnbio
991 3970 1060 4019 leuis
1083 3970 1127 4018 hic
1150 3971 1194 4019 est
1212 3970 1295 4031 ipsius
1315 3970 1411 4021 Valerii

196 4055 281 4097 error,
311 4054 390 4101 quern
415 4043 442 4089 ul
465 4041 591 4091 intectum
615 4044 795 4107 relinquamus
817 4042 915 4092 suadet
938 4040 1041 4091 Paridis
1065 4045 1091 4091 el
1114 4044 1263 4089 nostrorum
1288 4040 1410 4091 librorum

195 4124 353 4161 consensus.
394 4110 480 4175 Atque
504 4114 583 4162 etism
603 4112 703 4163 Plinius
721 4114 748 4163 h.
766 4127 791 4162 n
811 4112 829 4161 l.
848 4127 883 4167 c..
906 4112 950 4174 qui
970 4114 1037 4161 haec
1056 4124 1071 4161 e
1092 4111 1197 4161 Valerio
1216 4112 1301 4174 petiit,
1327 4111 1410 4161 XLV!

195 4196 281 4231 annos
299 4182 471 4244 interpositos
491 4190 620 4233 numerat.
657 4184 815 4233 Plutarchus
838 4198 857 4231 a
880 4184 964 4245 primo
988 4182 1091 4233 Coruini
1117 4182 1254 4231 consulatu
1275 4196 1358 4247 usqne
1378 4182 1410 4231 ad

195 4254 314 4302 altimum
331 4253 447 4314 quinque
466 4259 493 4303 et
510 4255 688 4321 quadraginta
705 4257 806 4303 tantum
825 4267 911 4303 annos
930 4254 1014 4303 luisse
1033 4252 1120 4307 refert.

265 4320 466 4389 speciosissimis
479 4320 596 4391 publicis
612 4320 776 4384 ministeriis)
802 4324 948 4389 Archetypi
968 4325 1066 4374 codicis
1085 4326 1264 4375 testimonium
1283 4326 1411 4373 hocloco

195 4410 248 4445 non
265 4395 335 4445 sistis
352 4396 518 4457 exploratum
531 4400 583 4453 est,
602 4396 704 4445 incerta
717 4397 825 4458 propter
840 4396 945 4445 lituram
960 4396 1086 4459 primaria
1099 4397 1158 4445 libri
1171 4396 1316 4445 Beruensls
1329 4397 1410 4459 scrip·

197 4472 256 4515 turn
279 4468 305 4515 ct
328 4466 439 4515 alterins
463 4481 567 4530 quoqne
590 4466 707 4517 familiae
725 4466 846 4528 partibus
869 4468 936 4517 inter
955 4480 985 4517 se
1004 4468 1225 4529 discrepantibus.
1272 4465 1304 4515 Ni
1322 4470 1410 4515 tamen

195 4538 286 4586 omnia
303 4549 346 4585 me
365 4536 467 4595 fallunt,
485 4540 562 4587 erant
579 4536 744 4587 inBernensi
760 4536 883 4600 exemplo
903 4538 962 4586 olim
983 4540 1086 4596 eedem.
1106 4553 1175 4603 quae
1189 4552 1257 4585 nnnc
1271 4540 1411 4587 seruantur

195 4609 221 4657 in
239 4608 406 4657 Berollnensi
426 4604 459 4663 C.
483 4621 535 4657 soe
551 4605 634 4658 soleas
650 4604 851 4673 meritoriis
867 4605 939 4659 solae
951 4604 1067 4673 publicis
1084 4606 1249 4665 ministeriis.
1268 4610 1409 4672 antequam

196 4680 351 4729 emendator
369 4678 439 4727 haud
454 4680 618 4741 probabilem
633 4678 846 4730 emendationem
857 4676 1058 4745 speciosissimis
1070 4676 1242 4747 reipublicae
1259 4675 1410 4729 ministeriis

194 4750 375 4807 substitueret,
395 4764 473 4814 quam
492 4764 560 4801 nnnc
578 4751 735 4813 receperunt
753 4750 879 4803 editores.
921 4748 974 4800 Sed
999 4752 1105 4801 edamsl
1125 4750 1199 4801 tuerit
1218 4752 1244 4801 ln
1263 4750 1408 4814 amhelypo
