<?xml version="1.0" encoding="UTF-8"?>
<!DOCTYPE html PUBLIC "-//W3C//DTD XHTML 1.0 Transitional//EN"
    "http://www.w3.org/TR/xhtml1/DTD/xhtml1-transitional.dtd">
<html xmlns="http://www.w3.org/1999/xhtml" xml:lang="en" lang="en">
 <head>
  <title>
</title>
<meta http-equiv="Content-Type" content="text/html;charset=utf-8" />
  <meta name='ocr-system' content='tesseract 3.04.00' />
  <meta name='ocr-capabilities' content='ocr_page ocr_carea ocr_par ocr_line ocrx_word'/>
</head>
<body>
  <div class='ocr_page' id='page_1' title='image "./valerimaximifac00parigoog_0122.png"; bbox 0 0 3409 5400; ppageno 0'>
   <div class='ocr_carea' id='block_1_1' title="bbox 597 522 1439 602">
    <p class='ocr_par' dir='ltr' id='par_1_1' title="bbox 597 522 1439 602">
     <span class='ocr_line' id='line_1_1' title="bbox 597 522 1439 602; baseline -0.002 -10"><span class='ocrx_word' id='word_1_1' title='bbox 597 522 681 592; x_wconf 88' lang='lat' dir='ltr'><strong><em>LIB.</em></strong></span> <span class='ocrx_word' id='word_1_2' title='bbox 703 523 728 602; x_wconf 91' lang='grc' dir='ltr'>Ι,</span> <span class='ocrx_word' id='word_1_3' title='bbox 753 524 791 590; x_wconf 87' lang='lat' dir='ltr'>G.</span> <span class='ocrx_word' id='word_1_4' title='bbox 816 526 846 602; x_wconf 92' lang='lat' dir='ltr'>l,</span> <span class='ocrx_word' id='word_1_5' title='bbox 870 532 899 602; x_wconf 72' lang='lat' dir='ltr'>l.</span> <span class='ocrx_word' id='word_1_6' title='bbox 924 525 1055 592; x_wconf 64' lang='lat'>8-4-10.</span> <span class='ocrx_word' id='word_1_7' title='bbox 1375 524 1439 591; x_wconf 87' lang='lat'>111</span> 
     </span>
    </p>
   </div>
   <div class='ocr_carea' id='block_1_2' title="bbox 185 684 1441 1632">
    <p class='ocr_par' dir='ltr' id='par_1_2' title="bbox 185 684 1441 1632">
     <span class='ocr_line' id='line_1_2' title="bbox 207 684 1440 773; baseline -0.006 -17"><span class='ocrx_word' id='word_1_8' title='bbox 207 688 362 764; x_wconf 73' lang='lat' dir='ltr'>bactrius,</span> <span class='ocrx_word' id='word_1_9' title='bbox 386 684 590 773; x_wconf 74' lang='lat' dir='ltr'>exemplique</span> <span class='ocrx_word' id='word_1_10' title='bbox 612 686 723 753; x_wconf 88' lang='lat' dir='ltr'>locum</span> <span class='ocrx_word' id='word_1_11' title='bbox 745 688 801 754; x_wconf 86' lang='lat' dir='ltr'>uix</span> <span class='ocrx_word' id='word_1_12' title='bbox 822 696 900 773; x_wconf 89' lang='lat' dir='ltr'>post</span> <span class='ocrx_word' id='word_1_13' title='bbox 921 684 1112 751; x_wconf 75' lang='lat' dir='ltr'>Marcellum</span> <span class='ocrx_word' id='word_1_14' title='bbox 1139 685 1277 761; x_wconf 90' lang='lat' dir='ltr'>inuenit;</span> <span class='ocrx_word' id='word_1_15' title='bbox 1306 684 1368 753; x_wconf 86' lang='lat' dir='ltr'>sed</span> <span class='ocrx_word' id='word_1_16' title='bbox 1394 686 1440 770; x_wconf 91' lang='lat' dir='ltr'>pii</span> 
     </span>
     <span class='ocr_line' id='line_1_3' title="bbox 209 791 1439 883; baseline -0.007 -20"><span class='ocrx_word' id='word_1_17' title='bbox 209 796 314 864; x_wconf 86' lang='lat' dir='ltr'>simul</span> <span class='ocrx_word' id='word_1_18' title='bbox 335 817 375 861; x_wconf 87' lang='lat' dir='ltr'>uc</span> <span class='ocrx_word' id='word_1_19' title='bbox 397 795 546 883; x_wconf 81' lang='lat' dir='ltr'>religiosi</span> <span class='ocrx_word' id='word_1_20' title='bbox 567 796 668 859; x_wconf 85' lang='lat' dir='ltr'>animi</span> <span class='ocrx_word' id='word_1_21' title='bbox 688 793 787 859; x_wconf 85' lang='lat' dir='ltr'>leude</span> <span class='ocrx_word' id='word_1_22' title='bbox 803 792 1008 858; x_wconf 77' lang='lat' dir='ltr'><strong>fraudandus</strong></span> <span class='ocrx_word' id='word_1_23' title='bbox 1032 804 1172 857; x_wconf 90' lang='lat' dir='ltr'>nonest.</span> <span class='ocrx_word' id='word_1_24' title='bbox 1218 791 1282 873; x_wconf 88' lang='lat' dir='ltr'>Qui</span> <span class='ocrx_word' id='word_1_25' title='bbox 1297 802 1439 878; x_wconf 79' lang='lat' dir='ltr'>praetor,</span> 
     </span>
     <span class='ocr_line' id='line_1_4' title="bbox 212 898 1437 990; baseline -0.003 -23"><span class='ocrx_word' id='word_1_26' title='bbox 212 926 237 967; x_wconf 79' lang='lat' dir='ltr'><strong>a</strong></span> <span class='ocrx_word' id='word_1_27' title='bbox 257 914 351 989; x_wconf 85' lang='lat' dir='ltr'>patre</span> <span class='ocrx_word' id='word_1_28' title='bbox 375 924 437 969; x_wconf 90' lang='lat' dir='ltr'>suo</span> <span class='ocrx_word' id='word_1_29' title='bbox 453 902 584 990; x_wconf 82' lang='lat' dir='ltr'>collegii</span> <span class='ocrx_word' id='word_1_30' title='bbox 595 902 760 967; x_wconf 81' lang='lat' dir='ltr'>Saliorum</span> <span class='ocrx_word' id='word_1_31' title='bbox 774 902 933 988; x_wconf 80' lang='lat' dir='ltr'>magistro</span> <span class='ocrx_word' id='word_1_32' title='bbox 943 901 1068 975; x_wconf 86' lang='lat' dir='ltr'>iussus,</span> <span class='ocrx_word' id='word_1_33' title='bbox 1086 922 1145 965; x_wconf 85' lang='lat' dir='ltr'>sex</span> <span class='ocrx_word' id='word_1_34' title='bbox 1160 898 1326 964; x_wconf 80' lang='lat' dir='ltr'>lictoribus</span> <span class='ocrx_word' id='word_1_35' title='bbox 1343 920 1437 985; x_wconf 85' lang='lat' dir='ltr'>pree·</span> 
     </span>
     <span class='ocr_line' id='line_1_5' title="bbox 210 1006 1441 1095; baseline -0.007 -18"><span class='ocrx_word' id='word_1_36' title='bbox 210 1010 406 1077; x_wconf 88' lang='lat' dir='ltr'>cedentibus</span> <span class='ocrx_word' id='word_1_37' title='bbox 429 1030 523 1075; x_wconf 84' lang='lat' dir='ltr'>erma</span> <span class='ocrx_word' id='word_1_38' title='bbox 545 1009 664 1074; x_wconf 81' lang='lat' dir='ltr'>ancilia</span> <span class='ocrx_word' id='word_1_39' title='bbox 685 1008 769 1084; x_wconf 89' lang='lat' dir='ltr'>tulit,</span> <span class='ocrx_word' id='word_1_40' title='bbox 798 1008 950 1095; x_wconf 84' lang='lat' dir='ltr'>quamuis</span> <span class='ocrx_word' id='word_1_41' title='bbox 977 1008 1185 1073; x_wconf 82' lang='lat' dir='ltr'>necationem</span> <span class='ocrx_word' id='word_1_42' title='bbox 1216 1006 1313 1071; x_wconf 89' lang='lat' dir='ltr'>huius</span> <span class='ocrx_word' id='word_1_43' title='bbox 1342 1006 1441 1071; x_wconf 84' lang='lat' dir='ltr'>officii</span> 
     </span>
     <span class='ocr_line' id='line_1_6' title="bbox 185 1113 1439 1203; baseline -0.005 -21"><span class='ocrx_word' id='word_1_44' title='bbox 185 1119 350 1183; x_wconf 79' lang='lat' dir='ltr'>elronoris</span> <span class='ocrx_word' id='word_1_45' title='bbox 372 1117 532 1182; x_wconf 83' lang='lat' dir='ltr'>beneficio</span> <span class='ocrx_word' id='word_1_46' title='bbox 554 1114 699 1180; x_wconf 82' lang='lat' dir='ltr'>heberet.</span> <span class='ocrx_word' id='word_1_47' title='bbox 755 1114 876 1179; x_wconf 80' lang='lat' dir='ltr'>Omnia</span> <span class='ocrx_word' id='word_1_48' title='bbox 896 1136 1039 1203; x_wconf 82' lang='lat' dir='ltr'>namque</span> <span class='ocrx_word' id='word_1_49' title='bbox 1066 1126 1144 1201; x_wconf 89' lang='lat' dir='ltr'>post</span> <span class='ocrx_word' id='word_1_50' title='bbox 1164 1113 1357 1202; x_wconf 82' lang='lat' dir='ltr'>religionem</span> <span class='ocrx_word' id='word_1_51' title='bbox 1379 1132 1439 1198; x_wconf 92' lang='lat' dir='ltr'>po·</span> 
     </span>
     <span class='ocr_line' id='line_1_7' title="bbox 209 1221 1439 1311; baseline -0.007 -20"><span class='ocrx_word' id='word_1_52' title='bbox 209 1224 325 1291; x_wconf 81' lang='lat' dir='ltr'>nenda</span> <span class='ocrx_word' id='word_1_53' title='bbox 351 1245 483 1309; x_wconf 89' lang='lat' dir='ltr'>semper</span> <span class='ocrx_word' id='word_1_54' title='bbox 511 1236 625 1289; x_wconf 84' lang='lat' dir='ltr'>nostra</span> <span class='ocrx_word' id='word_1_55' title='bbox 651 1224 767 1287; x_wconf 83' lang='lat' dir='ltr'>ciuitas</span> <span class='ocrx_word' id='word_1_56' title='bbox 803 1221 906 1297; x_wconf 84' lang='lat' dir='ltr'>duxit,</span> <span class='ocrx_word' id='word_1_57' title='bbox 942 1223 1038 1287; x_wconf 83' lang='lat' dir='ltr'>etiem</span> <span class='ocrx_word' id='word_1_58' title='bbox 1070 1224 1104 1288; x_wconf 92' lang='lat' dir='ltr'>in</span> <span class='ocrx_word' id='word_1_59' title='bbox 1139 1222 1256 1311; x_wconf 91' lang='lat' dir='ltr'>quibus</span> <span class='ocrx_word' id='word_1_60' title='bbox 1291 1238 1439 1287; x_wconf 81' lang='lat' dir='ltr'>summae</span> 
     </span>
     <span class='ocr_line' id='line_1_8' title="bbox 209 1328 1440 1416; baseline -0.006 -19"><span class='ocrx_word' id='word_1_61' title='bbox 209 1333 395 1397; x_wconf 81' lang='lat' dir='ltr'>maiestatis</span> <span class='ocrx_word' id='word_1_62' title='bbox 418 1332 566 1416; x_wconf 86' lang='lat' dir='ltr'>conspici</span> <span class='ocrx_word' id='word_1_63' title='bbox 590 1330 692 1395; x_wconf 88' lang='lat' dir='ltr'>decus</span> <span class='ocrx_word' id='word_1_64' title='bbox 715 1329 827 1394; x_wconf 87' lang='lat' dir='ltr'>uoluit.</span> <span class='ocrx_word' id='word_1_65' title='bbox 879 1328 1087 1416; x_wconf 83' lang='lat' dir='ltr'>Quapropter</span> <span class='ocrx_word' id='word_1_66' title='bbox 1116 1352 1184 1395; x_wconf 91' lang='lat' dir='ltr'>non</span> <span class='ocrx_word' id='word_1_67' title='bbox 1211 1330 1440 1399; x_wconf 70' lang='lat' dir='ltr'>,dubitauerunt</span> 
     </span>
     <span class='ocr_line' id='line_1_9' title="bbox 208 1434 1439 1525; baseline -0.003 -20"><span class='ocrx_word' id='word_1_68' title='bbox 208 1440 319 1505; x_wconf 80' lang='lat' dir='ltr'>sacris</span> <span class='ocrx_word' id='word_1_69' title='bbox 341 1440 481 1524; x_wconf 81' lang='lat' dir='ltr'>imperia</span> <span class='ocrx_word' id='word_1_70' title='bbox 502 1439 637 1513; x_wconf 89' lang='lat' dir='ltr'>seruire,</span> <span class='ocrx_word' id='word_1_71' title='bbox 659 1438 705 1502; x_wconf 84' lang='lat' dir='ltr'>ite</span> <span class='ocrx_word' id='word_1_72' title='bbox 727 1458 764 1501; x_wconf 91' lang='lat' dir='ltr'>se</span> <span class='ocrx_word' id='word_1_73' title='bbox 787 1434 1007 1501; x_wconf 79' lang='lat' dir='ltr'>humanarum</span> <span class='ocrx_word' id='word_1_74' title='bbox 1029 1436 1270 1505; x_wconf 81' lang='lat' dir='ltr'>rerumfuture</span> <span class='ocrx_word' id='word_1_75' title='bbox 1290 1438 1439 1525; x_wconf 82' lang='lat' dir='ltr'>regimen</span> 
     </span>
     <span class='ocr_line' id='line_1_10' title="bbox 208 1543 1439 1632; baseline -0.005 -21"><span class='ocrx_word' id='word_1_76' title='bbox 208 1546 441 1621; x_wconf 77' lang='lat' dir='ltr'>existimantis,</span> <span class='ocrx_word' id='word_1_77' title='bbox 464 1546 495 1610; x_wconf 92' lang='lat' dir='ltr'>si</span> <span class='ocrx_word' id='word_1_78' title='bbox 517 1544 646 1611; x_wconf 81' lang='lat' dir='ltr'>diuinae</span> <span class='ocrx_word' id='word_1_79' title='bbox 668 1546 833 1632; x_wconf 86' lang='lat' dir='ltr'>potentiue</span> <span class='ocrx_word' id='word_1_80' title='bbox 855 1543 939 1608; x_wconf 88' lang='lat' dir='ltr'>bene</span> <span class='ocrx_word' id='word_1_81' title='bbox 971 1554 1066 1631; x_wconf 85' lang='lat' dir='ltr'>elque</span> <span class='ocrx_word' id='word_1_82' title='bbox 1090 1554 1277 1609; x_wconf 80' lang='lat' dir='ltr'>constanter</span> <span class='ocrx_word' id='word_1_83' title='bbox 1299 1544 1439 1609; x_wconf 83' lang='lat' dir='ltr'>fuissent</span> 
     </span>
    </p>
   </div>
   <div class='ocr_carea' id='block_1_3' title="bbox 169 1652 1546 2707">
    <p class='ocr_par' dir='ltr' id='par_1_3' title="bbox 169 1652 1546 1733">
     <span class='ocr_line' id='line_1_11' title="bbox 169 1652 1546 1733; baseline -0.004 -12"><span class='ocrx_word' id='word_1_84' title='bbox 169 1652 382 1721; x_wconf 76' lang='lat' dir='ltr'>lesamulatu.</span> <span class='ocrx_word' id='word_1_85' title='bbox 578 1726 582 1732; x_wconf 23' lang='lat'>¹</span> <span class='ocrx_word' id='word_1_86' title='bbox 1544 1730 1546 1733; x_wconf 16' lang='grc' dir='ltr'>Ι</span> 
     </span>
    </p>

    <p class='ocr_par' dir='ltr' id='par_1_4' title="bbox 307 1756 1545 1847">
     <span class='ocr_line' id='line_1_12' title="bbox 307 1756 1545 1847; baseline -0.003 -22"><span class='ocrx_word' id='word_1_87' title='bbox 307 1760 405 1843; x_wconf 85' lang='lat' dir='ltr'>Quod</span> <span class='ocrx_word' id='word_1_88' title='bbox 429 1760 529 1827; x_wconf 84' lang='lat' dir='ltr'>animi</span> <span class='ocrx_word' id='word_1_89' title='bbox 549 1759 705 1825; x_wconf 90' lang='lat' dir='ltr'>iudicium</span> <span class='ocrx_word' id='word_1_90' title='bbox 726 1759 761 1822; x_wconf 93' lang='lat' dir='ltr'>in</span> <span class='ocrx_word' id='word_1_91' title='bbox 783 1756 985 1843; x_wconf 79' lang='lat' dir='ltr'>priuatorum</span> <span class='ocrx_word' id='word_1_92' title='bbox 1008 1776 1138 1847; x_wconf 88' lang='lat' dir='ltr'>quoque</span> <span class='ocrx_word' id='word_1_93' title='bbox 1153 1758 1340 1845; x_wconf 80' lang='lat' dir='ltr'>pectoribus</span> <span class='ocrx_word' id='word_1_94' title='bbox 1362 1756 1500 1823; x_wconf 87' lang='lat' dir='ltr'>uer-10.</span> <span class='ocrx_word' id='word_1_95' title='bbox 1524 1792 1545 1839; x_wconf 68' lang='lat'>..⁷</span> 
     </span>
    </p>

    <p class='ocr_par' dir='ltr' id='par_1_5' title="bbox 174 1847 1530 2707">
     <span class='ocr_line' id='line_1_13' title="bbox 209 1847 1530 1950; baseline -0.006 -13"><span class='ocrx_word' id='word_1_96' title='bbox 209 1881 324 1937; x_wconf 77' lang='lat' dir='ltr'>satum</span> <span class='ocrx_word' id='word_1_97' title='bbox 352 1878 413 1933; x_wconf 81' lang='lat' dir='ltr'>est</span> <span class='ocrx_word' id='word_1_98' title='bbox 463 1864 554 1932; x_wconf 84' lang='lat' dir='ltr'>Vrbe</span> <span class='ocrx_word' id='word_1_99' title='bbox 577 1867 665 1931; x_wconf 90' lang='lat' dir='ltr'>enim</span> <span class='ocrx_word' id='word_1_100' title='bbox 693 1864 838 1929; x_wconf 84' lang='lat' dir='ltr'>aGallis</span> <span class='ocrx_word' id='word_1_101' title='bbox 868 1874 973 1950; x_wconf 83' lang='lat' dir='ltr'>captu,</span> <span class='ocrx_word' id='word_1_102' title='bbox 1008 1888 1083 1931; x_wconf 89' lang='lat' dir='ltr'>cum</span> <span class='ocrx_word' id='word_1_103' title='bbox 1112 1866 1232 1932; x_wconf 84' lang='lat' dir='ltr'>flamen</span> <span class='ocrx_word' id='word_1_104' title='bbox 1261 1864 1436 1949; x_wconf 75' lang='lat' dir='ltr'>Quirinalis</span> <span class='ocrx_word' id='word_1_105' title='bbox 1525 1847 1530 1857; x_wconf 54' lang='grc'><em>’</em></span> 
     </span>
     <span class='ocr_line' id='line_1_14' title="bbox 209 1970 1438 2062; baseline -0.004 -20"><span class='ocrx_word' id='word_1_106' title='bbox 209 1978 429 2062; x_wconf 83' lang='lat' dir='ltr'>uirginesque</span> <span class='ocrx_word' id='word_1_107' title='bbox 444 1970 598 2040; x_wconf 77' lang='lat' dir='ltr'>Vestales</span> <span class='ocrx_word' id='word_1_108' title='bbox 621 1995 719 2038; x_wconf 81' lang='lat' dir='ltr'>sacre</span> <span class='ocrx_word' id='word_1_109' title='bbox 741 1992 839 2037; x_wconf 85' lang='lat' dir='ltr'>onere</span> <span class='ocrx_word' id='word_1_110' title='bbox 863 1972 979 2055; x_wconf 80' lang='lat' dir='ltr'>partito</span> <span class='ocrx_word' id='word_1_111' title='bbox 1002 1972 1134 2050; x_wconf 81' lang='lat' dir='ltr'>ferrent,</span> <span class='ocrx_word' id='word_1_112' title='bbox 1158 1996 1281 2061; x_wconf 81' lang='lat' dir='ltr'>easque</span> <span class='ocrx_word' id='word_1_113' title='bbox 1304 1984 1438 2061; x_wconf 89' lang='lat' dir='ltr'>pontem</span> 
     </span>
     <span class='ocr_line' id='line_1_15' title="bbox 212 2077 1437 2168; baseline -0.002 -20"><span class='ocrx_word' id='word_1_114' title='bbox 212 2083 396 2149; x_wconf 87' lang='lat' dir='ltr'>Sublicium</span> <span class='ocrx_word' id='word_1_115' title='bbox 418 2093 646 2168; x_wconf 81' lang='lat' dir='ltr'>transgressas</span> <span class='ocrx_word' id='word_1_116' title='bbox 671 2092 702 2144; x_wconf 90' lang='lat' dir='ltr'>et</span> <span class='ocrx_word' id='word_1_117' title='bbox 723 2080 854 2152; x_wconf 88' lang='lat' dir='ltr'>cliuum,</span> <span class='ocrx_word' id='word_1_118' title='bbox 878 2080 934 2165; x_wconf 90' lang='lat' dir='ltr'>qni</span> <span class='ocrx_word' id='word_1_119' title='bbox 957 2077 1045 2144; x_wconf 90' lang='lat' dir='ltr'>ducit</span> <span class='ocrx_word' id='word_1_120' title='bbox 1055 2081 1096 2145; x_wconf 88' lang='lat' dir='ltr'>ed</span> <span class='ocrx_word' id='word_1_121' title='bbox 1108 2080 1298 2157; x_wconf 88' lang='lat' dir='ltr'>Ianiculum,</span> <span class='ocrx_word' id='word_1_122' title='bbox 1322 2102 1437 2147; x_wconf 83' lang='lat' dir='ltr'>ascen-</span> 
     </span>
     <span class='ocr_line' id='line_1_16' title="bbox 174 2184 1438 2275; baseline -0.004 -19"><span class='ocrx_word' id='word_1_123' title='bbox 174 2212 203 2256; x_wconf 82' lang='lat' dir='ltr'>rs</span> <span class='ocrx_word' id='word_1_124' title='bbox 213 2190 294 2253; x_wconf 91' lang='lat' dir='ltr'>dere</span> <span class='ocrx_word' id='word_1_125' title='bbox 317 2189 508 2273; x_wconf 87' lang='lat' dir='ltr'>incipientes</span> <span class='ocrx_word' id='word_1_126' title='bbox 532 2188 568 2254; x_wconf 88' lang='lat' dir='ltr'>L.</span> <span class='ocrx_word' id='word_1_127' title='bbox 584 2187 742 2262; x_wconf 81' lang='lat' dir='ltr'>Albinius,</span> <span class='ocrx_word' id='word_1_128' title='bbox 765 2184 913 2272; x_wconf 81' lang='lat' dir='ltr'>plaustro</span> <span class='ocrx_word' id='word_1_129' title='bbox 930 2187 1103 2275; x_wconf 84' lang='lat' dir='ltr'>coniugem</span> <span class='ocrx_word' id='word_1_130' title='bbox 1120 2200 1151 2252; x_wconf 90' lang='lat' dir='ltr'>et</span> <span class='ocrx_word' id='word_1_131' title='bbox 1168 2188 1288 2253; x_wconf 90' lang='lat' dir='ltr'>liberos</span> <span class='ocrx_word' id='word_1_132' title='bbox 1300 2186 1438 2261; x_wconf 89' lang='lat' dir='ltr'>uehens,</span> 
     </span>
     <span class='ocr_line' id='line_1_17' title="bbox 213 2291 1437 2383; baseline -0.002 -22"><span class='ocrx_word' id='word_1_133' title='bbox 213 2298 416 2383; x_wconf 76' lang='lat' dir='ltr'>aspexisset,</span> <span class='ocrx_word' id='word_1_134' title='bbox 438 2295 573 2381; x_wconf 89' lang='lat' dir='ltr'>propior</span> <span class='ocrx_word' id='word_1_135' title='bbox 594 2293 742 2380; x_wconf 84' lang='lat' dir='ltr'>publicae</span> <span class='ocrx_word' id='word_1_136' title='bbox 763 2291 915 2379; x_wconf 87' lang='lat' dir='ltr'>religioni</span> <span class='ocrx_word' id='word_1_137' title='bbox 927 2314 1025 2377; x_wconf 84' lang='lat' dir='ltr'>quam</span> <span class='ocrx_word' id='word_1_138' title='bbox 1042 2296 1187 2380; x_wconf 81' lang='lat' dir='ltr'>priuatae</span> <span class='ocrx_word' id='word_1_139' title='bbox 1211 2296 1345 2370; x_wconf 75' lang='lat' dir='ltr'>ceritati,</span> <span class='ocrx_word' id='word_1_140' title='bbox 1367 2296 1437 2359; x_wconf 92' lang='lat' dir='ltr'>suis</span> 
     </span>
     <span class='ocr_line' id='line_1_18' title="bbox 211 2401 1440 2491; baseline -0.002 -24"><span class='ocrx_word' id='word_1_141' title='bbox 211 2418 251 2467; x_wconf 90' lang='lat' dir='ltr'>ut</span> <span class='ocrx_word' id='word_1_142' title='bbox 272 2402 421 2489; x_wconf 83' lang='lat' dir='ltr'>plaustro</span> <span class='ocrx_word' id='word_1_143' title='bbox 444 2401 683 2465; x_wconf 86' lang='lat' dir='ltr'>descenderent</span> <span class='ocrx_word' id='word_1_144' title='bbox 702 2402 875 2487; x_wconf 79' lang='lat' dir='ltr'>inperauit,</span> <span class='ocrx_word' id='word_1_145' title='bbox 900 2414 996 2491; x_wconf 84' lang='lat' dir='ltr'>etque</span> <span class='ocrx_word' id='word_1_146' title='bbox 1013 2402 1047 2465; x_wconf 92' lang='lat' dir='ltr'>in</span> <span class='ocrx_word' id='word_1_147' title='bbox 1065 2402 1099 2465; x_wconf 92' lang='lat' dir='ltr'>id</span> <span class='ocrx_word' id='word_1_148' title='bbox 1118 2403 1264 2490; x_wconf 82' lang='lat' dir='ltr'>uirgines</span> <span class='ocrx_word' id='word_1_149' title='bbox 1289 2411 1320 2465; x_wconf 91' lang='lat' dir='ltr'>et</span> <span class='ocrx_word' id='word_1_150' title='bbox 1343 2420 1440 2465; x_wconf 83' lang='lat' dir='ltr'>sacra</span> 
     </span>
     <span class='ocr_line' id='line_1_19' title="bbox 212 2508 1439 2595; baseline -0.004 -19"><span class='ocrx_word' id='word_1_151' title='bbox 212 2510 361 2595; x_wconf 77' lang='lat' dir='ltr'>inposita</span> <span class='ocrx_word' id='word_1_152' title='bbox 400 2510 525 2572; x_wconf 86' lang='lat' dir='ltr'>omisso</span> <span class='ocrx_word' id='word_1_153' title='bbox 570 2519 686 2593; x_wconf 89' lang='lat' dir='ltr'>coepto</span> <span class='ocrx_word' id='word_1_154' title='bbox 723 2508 836 2574; x_wconf 88' lang='lat' dir='ltr'>itinere</span> <span class='ocrx_word' id='word_1_155' title='bbox 874 2509 1045 2575; x_wconf 83' lang='lat' dir='ltr'>Caeretem</span> <span class='ocrx_word' id='word_1_156' title='bbox 1086 2508 1243 2594; x_wconf 89' lang='lat' dir='ltr'>oppidum</span> <span class='ocrx_word' id='word_1_157' title='bbox 1281 2510 1439 2595; x_wconf 77' lang='lat' dir='ltr'>peruenit.</span> 
     </span>
     <span class='ocr_line' id='line_1_20' title="bbox 213 2611 1438 2707; baseline -0.002 -26"><span class='ocrx_word' id='word_1_158' title='bbox 213 2616 283 2681; x_wconf 88' lang='lat' dir='ltr'>Vbi</span> <span class='ocrx_word' id='word_1_159' title='bbox 306 2637 382 2680; x_wconf 89' lang='lat' dir='ltr'>cunr</span> <span class='ocrx_word' id='word_1_160' title='bbox 405 2636 536 2679; x_wconf 82' lang='lat' dir='ltr'>summe</span> <span class='ocrx_word' id='word_1_161' title='bbox 556 2616 766 2679; x_wconf 82' lang='lat' dir='ltr'>ueneratione</span> <span class='ocrx_word' id='word_1_162' title='bbox 789 2626 923 2704; x_wconf 85' lang='lat' dir='ltr'>recepte</span> <span class='ocrx_word' id='word_1_163' title='bbox 945 2628 1040 2707; x_wconf 79' lang='lat' dir='ltr'>gratu</span> <span class='ocrx_word' id='word_1_164' title='bbox 1061 2611 1277 2693; x_wconf 83' lang='lat' dir='ltr'>menrorieed</span> <span class='ocrx_word' id='word_1_165' title='bbox 1295 2614 1359 2679; x_wconf 90' lang='lat' dir='ltr'>hoc</span> <span class='ocrx_word' id='word_1_166' title='bbox 1382 2637 1438 2680; x_wconf 90' lang='lat' dir='ltr'>us·</span> 
     </span>
    </p>
   </div>
   <div class='ocr_carea' id='block_1_4' title="bbox 208 2805 1441 3172">
    <p class='ocr_par' dir='ltr' id='par_1_6' title="bbox 208 2805 1441 3172">
     <span class='ocr_line' id='line_1_21' title="bbox 214 2805 1436 2886; baseline -0.004 -18"><span class='ocrx_word' id='word_1_167' title='bbox 214 2813 242 2869; x_wconf 73' lang='lat'>3.</span> <span class='ocrx_word' id='word_1_168' title='bbox 262 2831 297 2866; x_wconf 84' lang='lat' dir='ltr'>cx</span> <span class='ocrx_word' id='word_1_169' title='bbox 313 2811 347 2866; x_wconf 68' lang='lat' dir='ltr'><strong><em>A</em></strong></span> <span class='ocrx_word' id='word_1_170' title='bbox 362 2810 374 2882; x_wconf 79' lang='lat' dir='ltr'>ss</span> <span class='ocrx_word' id='word_1_171' title='bbox 389 2813 507 2865; x_wconf 91' lang='lat' dir='ltr'>litoribus</span> <span class='ocrx_word' id='word_1_172' title='bbox 526 2808 559 2866; x_wconf 81' lang='grc' dir='ltr'>Ε.</span> <span class='ocrx_word' id='word_1_173' title='bbox 574 2810 587 2880; x_wconf 90' lang='grc' dir='ltr'>ΙΙ</span> <span class='ocrx_word' id='word_1_174' title='bbox 601 2809 627 2864; x_wconf 85' lang='lat' dir='ltr'>l.</span> <span class='ocrx_word' id='word_1_175' title='bbox 645 2815 812 2866; x_wconf 82' lang='lat' dir='ltr'>uocationem</span> <span class='ocrx_word' id='word_1_176' title='bbox 831 2815 863 2869; x_wconf 89' lang='grc' dir='ltr'>Β.</span> <span class='ocrx_word' id='word_1_177' title='bbox 879 2811 930 2886; x_wconf 78' lang='lat' dir='ltr'>pu</span> <span class='ocrx_word' id='word_1_178' title='bbox 950 2817 977 2867; x_wconf 92' lang='lat' dir='ltr'>in</span> <span class='ocrx_word' id='word_1_179' title='bbox 996 2805 1091 2882; x_wconf 85' lang='lat' dir='ltr'>quibus</span> <span class='ocrx_word' id='word_1_180' title='bbox 1111 2815 1191 2866; x_wconf 83' lang='lat' dir='ltr'>etium</span> <span class='ocrx_word' id='word_1_181' title='bbox 1209 2809 1245 2866; x_wconf 91' lang='lat' dir='ltr'>D.</span> <span class='ocrx_word' id='word_1_182' title='bbox 1260 2811 1272 2882; x_wconf 85' lang='grc' dir='ltr'>ΙΙ</span> <span class='ocrx_word' id='word_1_183' title='bbox 1292 2810 1318 2866; x_wconf 88' lang='grc'>8.</span> <span class='ocrx_word' id='word_1_184' title='bbox 1337 2813 1436 2882; x_wconf 80' lang='lat' dir='ltr'>sutum]</span> 
     </span>
     <span class='ocr_line' id='line_1_22' title="bbox 214 2881 1439 2955; baseline -0.007 -9"><span class='ocrx_word' id='word_1_185' title='bbox 214 2891 319 2939; x_wconf 62' lang='lat' dir='ltr'>hflbttffl</span> <span class='ocrx_word' id='word_1_186' title='bbox 338 2899 407 2937; x_wconf 61' lang='grc' dir='ltr'>ΜΠ·</span> <span class='ocrx_word' id='word_1_187' title='bbox 425 2883 461 2936; x_wconf 83' lang='lat' dir='ltr'>D·</span> <span class='ocrx_word' id='word_1_188' title='bbox 476 2883 490 2947; x_wconf 87' lang='lat' dir='ltr'>ii</span> <span class='ocrx_word' id='word_1_189' title='bbox 513 2882 552 2936; x_wconf 86' lang='lat' dir='ltr'>ii.</span> <span class='ocrx_word' id='word_1_190' title='bbox 577 2886 703 2936; x_wconf 89' lang='lat' dir='ltr'>indicium</span> <span class='ocrx_word' id='word_1_191' title='bbox 720 2884 757 2938; x_wconf 88' lang='lat' dir='ltr'>D.</span> <span class='ocrx_word' id='word_1_192' title='bbox 777 2886 789 2955; x_wconf 79' lang='grc' dir='ltr'>ΙΙ</span> <span class='ocrx_word' id='word_1_193' title='bbox 810 2891 946 2939; x_wconf 82' lang='lat' dir='ltr'>uersatum</span> <span class='ocrx_word' id='word_1_194' title='bbox 971 2890 1014 2938; x_wconf 90' lang='lat' dir='ltr'>est</span> <span class='ocrx_word' id='word_1_195' title='bbox 1037 2888 1189 2952; x_wconf 74' lang='lat' dir='ltr'>pectoribus</span> <span class='ocrx_word' id='word_1_196' title='bbox 1206 2883 1240 2938; x_wconf 79' lang='lat' dir='ltr'>E.</span> <span class='ocrx_word' id='word_1_197' title='bbox 1260 2885 1272 2951; x_wconf 91' lang='grc' dir='ltr'>ΙΙ</span> <span class='ocrx_word' id='word_1_198' title='bbox 1295 2881 1335 2938; x_wconf 77' lang='grc'>12.</span> <span class='ocrx_word' id='word_1_199' title='bbox 1355 2886 1439 2937; x_wconf 87' lang='lat' dir='ltr'>Gellis</span> 
     </span>
     <span class='ocr_line' id='line_1_23' title="bbox 208 2953 1438 3028; baseline 0 -18"><span class='ocrx_word' id='word_1_200' title='bbox 208 2974 258 3028; x_wconf 81' lang='lat' dir='ltr'>pr.</span> <span class='ocrx_word' id='word_1_201' title='bbox 275 2957 308 3010; x_wconf 70' lang='grc' dir='ltr'><strong><em>Α</em></strong></span> <span class='ocrx_word' id='word_1_202' title='bbox 321 2953 334 3027; x_wconf 84' lang='grc' dir='ltr'>ΙΙ</span> <span class='ocrx_word' id='word_1_203' title='bbox 352 2954 392 3008; x_wconf 81' lang='grc'>14.</span> <span class='ocrx_word' id='word_1_204' title='bbox 411 2957 575 3008; x_wconf 84' lang='lat' dir='ltr'>descendere</span> <span class='ocrx_word' id='word_1_205' title='bbox 592 2953 823 3009; x_wconf 72' lang='lat' dir='ltr'>escuem-r.</span> <span class='ocrx_word' id='word_1_206' title='bbox 838 2959 850 3027; x_wconf 82' lang='grc' dir='ltr'>ΙΙ</span> <span class='ocrx_word' id='word_1_207' title='bbox 868 2955 906 3011; x_wconf 84' lang='grc'>15.</span> <span class='ocrx_word' id='word_1_208' title='bbox 927 2960 1050 3010; x_wconf 82' lang='lat' dir='ltr'>eluentes</span> <span class='ocrx_word' id='word_1_209' title='bbox 1068 2954 1186 3011; x_wconf 78' lang='lat' dir='ltr'><em>BCDE</em></span> <span class='ocrx_word' id='word_1_210' title='bbox 1203 2963 1229 3008; x_wconf 88' lang='lat' dir='ltr'>et</span> <span class='ocrx_word' id='word_1_211' title='bbox 1247 2973 1291 3027; x_wconf 82' lang='lat' dir='ltr'>pr.</span> <span class='ocrx_word' id='word_1_212' title='bbox 1308 2955 1340 3016; x_wconf 83' lang='lat' dir='ltr'>A,</span> <span class='ocrx_word' id='word_1_213' title='bbox 1362 2953 1438 3010; x_wconf 78' lang='lat' dir='ltr'>Torr.</span> 
     </span>
     <span class='ocr_line' id='line_1_24' title="bbox 214 3024 1441 3099; baseline -0.002 -17"><span class='ocrx_word' id='word_1_214' title='bbox 214 3032 349 3082; x_wconf 79' lang='lat' dir='ltr'>Albanius</span> <span class='ocrx_word' id='word_1_215' title='bbox 367 3027 430 3080; x_wconf 78' lang='lat' dir='ltr'>Por.</span> <span class='ocrx_word' id='word_1_216' title='bbox 450 3031 475 3078; x_wconf 89' lang='lat' dir='ltr'>et</span> <span class='ocrx_word' id='word_1_217' title='bbox 492 3041 562 3079; x_wconf 85' lang='lat' dir='ltr'>corr.</span> <span class='ocrx_word' id='word_1_218' title='bbox 575 3024 607 3078; x_wconf 81' lang='lat' dir='ltr'>A.</span> <span class='ocrx_word' id='word_1_219' title='bbox 625 3026 747 3078; x_wconf 78' lang='lat' dir='ltr'>Albanus</span> <span class='ocrx_word' id='word_1_220' title='bbox 765 3026 831 3097; x_wconf 81' lang='lat' dir='ltr'>Nep.</span> <span class='ocrx_word' id='word_1_221' title='bbox 852 3029 864 3098; x_wconf 82' lang='grc' dir='ltr'>ΙΙ</span> <span class='ocrx_word' id='word_1_222' title='bbox 881 3025 922 3082; x_wconf 82' lang='lat' dir='ltr'>ld.</span> <span class='ocrx_word' id='word_1_223' title='bbox 941 3031 983 3080; x_wconf 90' lang='lat' dir='ltr'>sui</span> <span class='ocrx_word' id='word_1_224' title='bbox 1000 3026 1033 3083; x_wconf 76' lang='lat' dir='ltr'>A.</span> <span class='ocrx_word' id='word_1_225' title='bbox 1052 3027 1064 3099; x_wconf 90' lang='grc' dir='ltr'>ΙΙ</span> <span class='ocrx_word' id='word_1_226' title='bbox 1086 3027 1126 3082; x_wconf 84' lang='lat' dir='ltr'>ll.</span> <span class='ocrx_word' id='word_1_227' title='bbox 1151 3029 1190 3096; x_wconf 91' lang='lat' dir='ltr'>in]</span> <span class='ocrx_word' id='word_1_228' title='bbox 1216 3031 1251 3080; x_wconf 85' lang='lat' dir='ltr'>ed</span> <span class='ocrx_word' id='word_1_229' title='bbox 1274 3026 1392 3082; x_wconf 77' lang='lat' dir='ltr'><strong><em>BCDE</em></strong></span> <span class='ocrx_word' id='word_1_230' title='bbox 1415 3033 1441 3080; x_wconf 87' lang='lat' dir='ltr'>et</span> 
     </span>
     <span class='ocr_line' id='line_1_25' title="bbox 212 3097 1257 3172; baseline -0.002 -18"><span class='ocrx_word' id='word_1_231' title='bbox 212 3117 258 3170; x_wconf 90' lang='lat' dir='ltr'>pr.</span> <span class='ocrx_word' id='word_1_232' title='bbox 276 3099 309 3153; x_wconf 72' lang='lat' dir='ltr'>A.</span> <span class='ocrx_word' id='word_1_233' title='bbox 323 3099 336 3172; x_wconf 76' lang='lat' dir='ltr'>ss</span> <span class='ocrx_word' id='word_1_234' title='bbox 353 3097 394 3152; x_wconf 82' lang='lat'>18.</span> <span class='ocrx_word' id='word_1_235' title='bbox 413 3113 492 3150; x_wconf 78' lang='lat' dir='ltr'>caere</span> <span class='ocrx_word' id='word_1_236' title='bbox 510 3097 574 3150; x_wconf 82' lang='lat' dir='ltr'>Pur.</span> <span class='ocrx_word' id='word_1_237' title='bbox 592 3103 618 3149; x_wconf 86' lang='lat' dir='ltr'>et</span> <span class='ocrx_word' id='word_1_238' title='bbox 634 3097 663 3149; x_wconf 82' lang='lat' dir='ltr'>r&#39;rr</span> <span class='ocrx_word' id='word_1_239' title='bbox 680 3113 777 3152; x_wconf 68' lang='lat' dir='ltr'>tmere</span> <span class='ocrx_word' id='word_1_240' title='bbox 793 3099 825 3151; x_wconf 68' lang='lat' dir='ltr'>rt.</span> <span class='ocrx_word' id='word_1_241' title='bbox 845 3115 964 3153; x_wconf 84' lang='lat' dir='ltr'>cererem</span> <span class='ocrx_word' id='word_1_242' title='bbox 982 3099 1014 3154; x_wconf 82' lang='lat'>13.</span> <span class='ocrx_word' id='word_1_243' title='bbox 1034 3103 1122 3156; x_wconf 87' lang='lat' dir='ltr'>cereto</span> <span class='ocrx_word' id='word_1_244' title='bbox 1140 3113 1209 3152; x_wconf 85' lang='lat' dir='ltr'>corr.</span> <span class='ocrx_word' id='word_1_245' title='bbox 1229 3097 1257 3153; x_wconf 81' lang='lat' dir='ltr'>C.</span> 
     </span>
    </p>
   </div>
   <div class='ocr_carea' id='block_1_5' title="bbox 210 3277 1441 4846">
    <p class='ocr_par' dir='ltr' id='par_1_7' title="bbox 214 3277 1440 3488">
     <span class='ocr_line' id='line_1_26' title="bbox 214 3277 1439 3346; baseline -0.002 -15"><span class='ocrx_word' id='word_1_246' title='bbox 214 3280 361 3346; x_wconf 73' lang='lat' dir='ltr'>probatem</span> <span class='ocrx_word' id='word_1_247' title='bbox 379 3295 397 3328; x_wconf 92' lang='lat' dir='ltr'>a</span> <span class='ocrx_word' id='word_1_248' title='bbox 413 3277 524 3343; x_wconf 84' lang='lat' dir='ltr'>reliquis</span> <span class='ocrx_word' id='word_1_249' title='bbox 545 3277 690 3330; x_wconf 80' lang='lat' dir='ltr'>editor-rbus</span> <span class='ocrx_word' id='word_1_250' title='bbox 713 3281 821 3344; x_wconf 68' lang='lat' dir='ltr'>praeter</span> <span class='ocrx_word' id='word_1_251' title='bbox 838 3281 987 3339; x_wconf 88' lang='lat' dir='ltr'>Vorstium.</span> <span class='ocrx_word' id='word_1_252' title='bbox 1013 3281 1057 3346; x_wconf 85' lang='lat' dir='ltr'>qul</span> <span class='ocrx_word' id='word_1_253' title='bbox 1079 3280 1151 3330; x_wconf 76' lang='lat' dir='ltr'>mete</span> <span class='ocrx_word' id='word_1_254' title='bbox 1176 3279 1294 3330; x_wconf 72' lang='lat' dir='ltr'>defendit</span> <span class='ocrx_word' id='word_1_255' title='bbox 1315 3280 1439 3330; x_wconf 82' lang='lat' dir='ltr'>uitiosum</span> 
     </span>
     <span class='ocr_line' id='line_1_27' title="bbox 215 3347 1440 3417; baseline -0.003 -15"><span class='ocrx_word' id='word_1_256' title='bbox 215 3351 361 3417; x_wconf 70' lang='lat' dir='ltr'>archetypi</span> <span class='ocrx_word' id='word_1_257' title='bbox 378 3351 538 3414; x_wconf 78' lang='lat' dir='ltr'>scripturam</span> <span class='ocrx_word' id='word_1_258' title='bbox 555 3353 593 3400; x_wconf 85' lang='lat' dir='ltr'>tot</span> <span class='ocrx_word' id='word_1_259' title='bbox 611 3347 690 3401; x_wconf 72' lang='lat' dir='ltr'>etiarn</span> <span class='ocrx_word' id='word_1_260' title='bbox 706 3348 860 3402; x_wconf 65' lang='lat' dir='ltr'>inlustribus</span> <span class='ocrx_word' id='word_1_261' title='bbox 878 3348 1066 3403; x_wconf 75' lang='lat' dir='ltr'>mmularibus.</span> <span class='ocrx_word' id='word_1_262' title='bbox 1090 3347 1277 3412; x_wconf 73' lang='lat' dir='ltr'>(emutatibue</span> <span class='ocrx_word' id='word_1_263' title='bbox 1292 3351 1348 3401; x_wconf 85' lang='lat' dir='ltr'>tem</span> <span class='ocrx_word' id='word_1_264' title='bbox 1366 3351 1440 3400; x_wconf 89' lang='lat' dir='ltr'>extut</span> 
     </span>
     <span class='ocr_line' id='line_1_28' title="bbox 214 3419 1182 3488; baseline -0.002 -13"><span class='ocrx_word' id='word_1_265' title='bbox 214 3427 244 3475; x_wconf 91' lang='lat' dir='ltr'>in</span> <span class='ocrx_word' id='word_1_266' title='bbox 263 3423 400 3473; x_wconf 82' lang='lat' dir='ltr'>Guelferb.</span> <span class='ocrx_word' id='word_1_267' title='bbox 417 3419 465 3485; x_wconf 79' lang='lat' dir='ltr'>E.)</span> <span class='ocrx_word' id='word_1_268' title='bbox 483 3421 602 3484; x_wconf 83' lang='lat' dir='ltr'>Respicit</span> <span class='ocrx_word' id='word_1_269' title='bbox 616 3421 675 3472; x_wconf 80' lang='lat' dir='ltr'>Vel.</span> <span class='ocrx_word' id='word_1_270' title='bbox 694 3423 729 3472; x_wconf 83' lang='lat' dir='ltr'>ed</span> <span class='ocrx_word' id='word_1_271' title='bbox 746 3425 862 3488; x_wconf 91' lang='lat' dir='ltr'>quinque</span> <span class='ocrx_word' id='word_1_272' title='bbox 880 3424 1001 3474; x_wconf 79' lang='lat' dir='ltr'>Marcelli</span> <span class='ocrx_word' id='word_1_273' title='bbox 1019 3424 1182 3474; x_wconf 76' lang='lat' dir='ltr'>consulatus.</span> 
     </span>
    </p>

    <p class='ocr_par' dir='ltr' id='par_1_8' title="bbox 293 3487 1068 3552">
     <span class='ocr_line' id='line_1_29' title="bbox 293 3487 1068 3552; baseline -0.004 -7"><span class='ocrx_word' id='word_1_274' title='bbox 293 3491 335 3545; x_wconf 86' lang='lat'>1⁰.</span> <span class='ocrx_word' id='word_1_275' title='bbox 372 3493 410 3544; x_wconf 75' lang='lat' dir='ltr'>Ci</span> <span class='ocrx_word' id='word_1_276' title='bbox 427 3493 488 3544; x_wconf 88' lang='lat' dir='ltr'>Liu.</span> <span class='ocrx_word' id='word_1_277' title='bbox 506 3493 538 3551; x_wconf 87' lang='lat' dir='ltr'>V,</span> <span class='ocrx_word' id='word_1_278' title='bbox 557 3487 600 3543; x_wconf 81' lang='grc'>40.</span> <span class='ocrx_word' id='word_1_279' title='bbox 628 3492 697 3543; x_wconf 82' lang='lat' dir='ltr'>Plut</span> <span class='ocrx_word' id='word_1_280' title='bbox 716 3495 817 3545; x_wconf 79' lang='lat' dir='ltr'>Cemill</span> <span class='ocrx_word' id='word_1_281' title='bbox 835 3490 879 3546; x_wconf 79' lang='lat'>21.</span> <span class='ocrx_word' id='word_1_282' title='bbox 897 3495 967 3546; x_wconf 77' lang='lat' dir='ltr'>uror.</span> <span class='ocrx_word' id='word_1_283' title='bbox 986 3495 1006 3552; x_wconf 92' lang='lat' dir='ltr'>l,</span> <span class='ocrx_word' id='word_1_284' title='bbox 1026 3489 1068 3545; x_wconf 85' lang='grc'>13.</span> 
     </span>
    </p>

    <p class='ocr_par' dir='ltr' id='par_1_9' title="bbox 213 3560 1440 4057">
     <span class='ocr_line' id='line_1_30' title="bbox 289 3560 1439 3631; baseline -0.004 -15"><span class='ocrx_word' id='word_1_285' title='bbox 289 3560 432 3616; x_wconf 69' lang='lat' dir='ltr'>uendere</span> <span class='ocrx_word' id='word_1_286' title='bbox 448 3561 610 3630; x_wconf 74' lang='lat' dir='ltr'>incipientes)</span> <span class='ocrx_word' id='word_1_287' title='bbox 637 3563 735 3615; x_wconf 89' lang='lat' dir='ltr'>Nescio</span> <span class='ocrx_word' id='word_1_288' title='bbox 759 3579 838 3631; x_wconf 89' lang='lat' dir='ltr'>quem</span> <span class='ocrx_word' id='word_1_289' title='bbox 857 3566 953 3616; x_wconf 88' lang='lat' dir='ltr'>cliuum</span> <span class='ocrx_word' id='word_1_290' title='bbox 977 3567 1141 3616; x_wconf 83' lang='lat' dir='ltr'>descendere</span> <span class='ocrx_word' id='word_1_291' title='bbox 1164 3563 1298 3627; x_wconf 88' lang='lat' dir='ltr'>potuerint</span> <span class='ocrx_word' id='word_1_292' title='bbox 1320 3561 1439 3630; x_wconf 84' lang='lat' dir='ltr'>uirgines</span> 
     </span>
     <span class='ocr_line' id='line_1_31' title="bbox 214 3633 1440 3703; baseline -0.004 -14"><span class='ocrx_word' id='word_1_293' title='bbox 214 3637 348 3692; x_wconf 74' lang='lat' dir='ltr'>Vestales</span> <span class='ocrx_word' id='word_1_294' title='bbox 370 3637 480 3699; x_wconf 88' lang='lat' dir='ltr'>pontem</span> <span class='ocrx_word' id='word_1_295' title='bbox 503 3634 643 3687; x_wconf 83' lang='lat' dir='ltr'>sublicium</span> <span class='ocrx_word' id='word_1_296' title='bbox 664 3636 858 3703; x_wconf 79' lang='lat' dir='ltr'>transgressae</span> <span class='ocrx_word' id='word_1_297' title='bbox 883 3637 909 3686; x_wconf 89' lang='lat' dir='ltr'>et</span> <span class='ocrx_word' id='word_1_298' title='bbox 932 3637 1017 3686; x_wconf 83' lang='lat' dir='ltr'>ituree</span> <span class='ocrx_word' id='word_1_299' title='bbox 1042 3638 1079 3686; x_wconf 82' lang='lat' dir='ltr'>sd</span> <span class='ocrx_word' id='word_1_300' title='bbox 1099 3635 1258 3692; x_wconf 73' lang='lat' dir='ltr'>ianiculum,</span> <span class='ocrx_word' id='word_1_301' title='bbox 1283 3649 1342 3683; x_wconf 92' lang='lat' dir='ltr'>cum</span> <span class='ocrx_word' id='word_1_302' title='bbox 1366 3633 1440 3684; x_wconf 83' lang='lat' dir='ltr'>nulls</span> 
     </span>
     <span class='ocr_line' id='line_1_32' title="bbox 213 3704 1440 3772; baseline -0.002 -15"><span class='ocrx_word' id='word_1_303' title='bbox 213 3711 327 3761; x_wconf 78' lang='lat' dir='ltr'>omnino</span> <span class='ocrx_word' id='word_1_304' title='bbox 347 3707 420 3756; x_wconf 89' lang='lat' dir='ltr'>ualle</span> <span class='ocrx_word' id='word_1_305' title='bbox 442 3707 590 3770; x_wconf 79' lang='lat' dir='ltr'>interr-epta</span> <span class='ocrx_word' id='word_1_306' title='bbox 607 3707 642 3756; x_wconf 89' lang='lat' dir='ltr'>sit</span> <span class='ocrx_word' id='word_1_307' title='bbox 658 3707 792 3770; x_wconf 76' lang='lat' dir='ltr'>planities.</span> <span class='ocrx_word' id='word_1_308' title='bbox 818 3721 887 3772; x_wconf 80' lang='lat' dir='ltr'>ques</span> <span class='ocrx_word' id='word_1_309' title='bbox 911 3707 966 3758; x_wconf 87' lang='lat' dir='ltr'>leni</span> <span class='ocrx_word' id='word_1_310' title='bbox 988 3720 1105 3757; x_wconf 87' lang='lat' dir='ltr'>ascensu</span> <span class='ocrx_word' id='word_1_311' title='bbox 1127 3707 1188 3756; x_wconf 88' lang='lat' dir='ltr'>inde</span> <span class='ocrx_word' id='word_1_312' title='bbox 1213 3720 1231 3754; x_wconf 84' lang='lat' dir='ltr'>e</span> <span class='ocrx_word' id='word_1_313' title='bbox 1254 3704 1359 3755; x_wconf 86' lang='lat' dir='ltr'>Tiberis</span> <span class='ocrx_word' id='word_1_314' title='bbox 1379 3706 1440 3770; x_wconf 87' lang='lat' dir='ltr'>ripa</span> 
     </span>
     <span class='ocr_line' id='line_1_33' title="bbox 214 3777 1438 3846; baseline -0.002 -17"><span class='ocrx_word' id='word_1_315' title='bbox 214 3795 305 3846; x_wconf 80' lang='lat' dir='ltr'>nsque</span> <span class='ocrx_word' id='word_1_316' title='bbox 322 3780 360 3828; x_wconf 81' lang='lat' dir='ltr'>ed</span> <span class='ocrx_word' id='word_1_317' title='bbox 375 3778 482 3829; x_wconf 87' lang='lat' dir='ltr'>radices</span> <span class='ocrx_word' id='word_1_318' title='bbox 499 3777 597 3828; x_wconf 90' lang='lat' dir='ltr'>montis</span> <span class='ocrx_word' id='word_1_319' title='bbox 615 3778 726 3828; x_wconf 75' lang='lat' dir='ltr'>Ianiculi</span> <span class='ocrx_word' id='word_1_320' title='bbox 748 3778 907 3845; x_wconf 82' lang='lat' dir='ltr'>porrigetur.</span> <span class='ocrx_word' id='word_1_321' title='bbox 948 3779 1040 3844; x_wconf 72' lang='lat' dir='ltr'>ltaque</span> <span class='ocrx_word' id='word_1_322' title='bbox 1063 3780 1133 3828; x_wconf 87' lang='lat' dir='ltr'>bene</span> <span class='ocrx_word' id='word_1_323' title='bbox 1156 3777 1282 3826; x_wconf 88' lang='lat' dir='ltr'>librorum</span> <span class='ocrx_word' id='word_1_324' title='bbox 1304 3778 1438 3838; x_wconf 89' lang='lat' dir='ltr'>mendum,</span> 
     </span>
     <span class='ocr_line' id='line_1_34' title="bbox 215 3845 1438 3918; baseline -0.001 -17"><span class='ocrx_word' id='word_1_325' title='bbox 215 3853 290 3918; x_wconf 84' lang='lat' dir='ltr'>quod</span> <span class='ocrx_word' id='word_1_326' title='bbox 308 3853 353 3899; x_wconf 89' lang='lat' dir='ltr'>est</span> <span class='ocrx_word' id='word_1_327' title='bbox 369 3851 397 3898; x_wconf 86' lang='lat' dir='ltr'>ln</span> <span class='ocrx_word' id='word_1_328' title='bbox 414 3845 579 3902; x_wconf 64' lang='lat' dir='ltr'>demadem</span> <span class='ocrx_word' id='word_1_329' title='bbox 598 3851 794 3914; x_wconf 84' lang='lat' dir='ltr'>perspexerunt</span> <span class='ocrx_word' id='word_1_330' title='bbox 809 3850 885 3914; x_wconf 87' lang='lat' dir='ltr'>Lips.</span> <span class='ocrx_word' id='word_1_331' title='bbox 905 3849 933 3900; x_wconf 89' lang='lat' dir='ltr'>et</span> <span class='ocrx_word' id='word_1_332' title='bbox 950 3849 1033 3900; x_wconf 78' lang='lat' dir='ltr'>Perta.</span> <span class='ocrx_word' id='word_1_333' title='bbox 1047 3845 1185 3900; x_wconf 75' lang='lat' dir='ltr'>escendere</span> <span class='ocrx_word' id='word_1_334' title='bbox 1200 3849 1367 3900; x_wconf 80' lang='lat' dir='ltr'>scribendum</span> <span class='ocrx_word' id='word_1_335' title='bbox 1380 3850 1438 3900; x_wconf 79' lang='lat' dir='ltr'>rell.</span> 
     </span>
     <span class='ocr_line' id='line_1_35' title="bbox 214 3920 1440 3986; baseline -0.001 -14"><span class='ocrx_word' id='word_1_336' title='bbox 214 3925 386 3983; x_wconf 77' lang='lat' dir='ltr'>Quibuscum</span> <span class='ocrx_word' id='word_1_337' title='bbox 408 3921 586 3970; x_wconf 87' lang='lat' dir='ltr'>consentirem</span> <span class='ocrx_word' id='word_1_338' title='bbox 614 3920 667 3970; x_wconf 91' lang='lat' dir='ltr'>nisi</span> <span class='ocrx_word' id='word_1_339' title='bbox 694 3921 820 3971; x_wconf 75' lang='lat' dir='ltr'>usitatius</span> <span class='ocrx_word' id='word_1_340' title='bbox 843 3921 1007 3972; x_wconf 88' lang='lat' dir='ltr'>ascendendi</span> <span class='ocrx_word' id='word_1_341' title='bbox 1029 3923 1140 3972; x_wconf 91' lang='lat' dir='ltr'>uerbum</span> <span class='ocrx_word' id='word_1_342' title='bbox 1168 3934 1254 3986; x_wconf 79' lang='lat' dir='ltr'>seque</span> <span class='ocrx_word' id='word_1_343' title='bbox 1277 3921 1355 3970; x_wconf 84' lang='lat' dir='ltr'>iecile</span> <span class='ocrx_word' id='word_1_344' title='bbox 1380 3935 1440 3971; x_wconf 87' lang='lat' dir='ltr'>curn</span> 
     </span>
     <span class='ocr_line' id='line_1_36' title="bbox 215 3991 1285 4057; baseline 0 -13"><span class='ocrx_word' id='word_1_345' title='bbox 215 3994 386 4044; x_wconf 86' lang='lat' dir='ltr'>descendere</span> <span class='ocrx_word' id='word_1_346' title='bbox 405 4007 423 4040; x_wconf 82' lang='lat' dir='ltr'>e</span> <span class='ocrx_word' id='word_1_347' title='bbox 439 3991 556 4042; x_wconf 80' lang='lat' dir='ltr'>librariis</span> <span class='ocrx_word' id='word_1_348' title='bbox 575 3993 699 4042; x_wconf 84' lang='lat' dir='ltr'>contundi</span> <span class='ocrx_word' id='word_1_349' title='bbox 714 3993 836 4057; x_wconf 89' lang='lat' dir='ltr'>potuisse</span> <span class='ocrx_word' id='word_1_350' title='bbox 856 3992 883 4044; x_wconf 91' lang='lat' dir='ltr'>et</span> <span class='ocrx_word' id='word_1_351' title='bbox 901 3993 1040 4042; x_wconf 83' lang='lat' dir='ltr'>contusum</span> <span class='ocrx_word' id='word_1_352' title='bbox 1058 4007 1122 4044; x_wconf 88' lang='lat' dir='ltr'>esse</span> <span class='ocrx_word' id='word_1_353' title='bbox 1140 4007 1285 4045; x_wconf 86' lang='lat' dir='ltr'>cernerem.</span> 
     </span>
    </p>

    <p class='ocr_par' dir='ltr' id='par_1_10' title="bbox 210 4058 1441 4485">
     <span class='ocr_line' id='line_1_37' title="bbox 288 4058 1439 4130; baseline 0 -16"><span class='ocrx_word' id='word_1_354' title='bbox 288 4061 325 4114; x_wconf 74' lang='lat'>1.</span> <span class='ocrx_word' id='word_1_355' title='bbox 343 4058 473 4122; x_wconf 67' lang='lat' dir='ltr'>Albinius)</span> <span class='ocrx_word' id='word_1_356' title='bbox 491 4063 618 4114; x_wconf 85' lang='lat' dir='ltr'>Codicum</span> <span class='ocrx_word' id='word_1_357' title='bbox 636 4065 776 4128; x_wconf 88' lang='lat' dir='ltr'>scripture,</span> <span class='ocrx_word' id='word_1_358' title='bbox 796 4080 877 4130; x_wconf 87' lang='lat' dir='ltr'>quern</span> <span class='ocrx_word' id='word_1_359' title='bbox 894 4064 1041 4130; x_wconf 86' lang='lat' dir='ltr'>sequuntur</span> <span class='ocrx_word' id='word_1_360' title='bbox 1058 4066 1182 4124; x_wconf 87' lang='lat' dir='ltr'>editores,</span> <span class='ocrx_word' id='word_1_361' title='bbox 1201 4061 1337 4118; x_wconf 70' lang='lat' dir='ltr'>disarius.</span> <span class='ocrx_word' id='word_1_362' title='bbox 1356 4077 1439 4116; x_wconf 85' lang='lat' dir='ltr'>mern·</span> 
     </span>
     <span class='ocr_line' id='line_1_38' title="bbox 214 4132 1440 4202; baseline 0.001 -16"><span class='ocrx_word' id='word_1_363' title='bbox 214 4139 280 4186; x_wconf 84' lang='lat' dir='ltr'>dum</span> <span class='ocrx_word' id='word_1_364' title='bbox 298 4135 388 4198; x_wconf 89' lang='lat' dir='ltr'>prodit</span> <span class='ocrx_word' id='word_1_365' title='bbox 405 4135 492 4184; x_wconf 88' lang='lat' dir='ltr'>ortum</span> <span class='ocrx_word' id='word_1_366' title='bbox 509 4149 526 4183; x_wconf 91' lang='lat' dir='ltr'>e</span> <span class='ocrx_word' id='word_1_367' title='bbox 549 4134 623 4183; x_wconf 81' lang='lat' dir='ltr'>mete</span> <span class='ocrx_word' id='word_1_368' title='bbox 639 4136 851 4198; x_wconf 78' lang='lat' dir='ltr'>pronuntiatione</span> <span class='ocrx_word' id='word_1_369' title='bbox 868 4151 917 4200; x_wconf 93' lang='lat' dir='ltr'>pro</span> <span class='ocrx_word' id='word_1_370' title='bbox 935 4132 1071 4190; x_wconf 75' lang='lat' dir='ltr'>Albanius.</span> <span class='ocrx_word' id='word_1_371' title='bbox 1091 4138 1161 4202; x_wconf 90' lang='lat' dir='ltr'>quod</span> <span class='ocrx_word' id='word_1_372' title='bbox 1178 4138 1267 4187; x_wconf 90' lang='lat' dir='ltr'>tuetur</span> <span class='ocrx_word' id='word_1_373' title='bbox 1287 4136 1336 4185; x_wconf 91' lang='lat' dir='ltr'>lul.</span> <span class='ocrx_word' id='word_1_374' title='bbox 1354 4136 1440 4187; x_wconf 84' lang='lat' dir='ltr'>Puris.</span> 
     </span>
     <span class='ocr_line' id='line_1_39' title="bbox 215 4205 1441 4272; baseline -0.003 -14"><span class='ocrx_word' id='word_1_375' title='bbox 215 4208 273 4258; x_wconf 85' lang='lat' dir='ltr'>Sed</span> <span class='ocrx_word' id='word_1_376' title='bbox 291 4221 327 4256; x_wconf 88' lang='lat' dir='ltr'>ne</span> <span class='ocrx_word' id='word_1_377' title='bbox 344 4207 398 4255; x_wconf 86' lang='lat' dir='ltr'>boc</span> <span class='ocrx_word' id='word_1_378' title='bbox 416 4205 522 4270; x_wconf 89' lang='lat' dir='ltr'>quidem</span> <span class='ocrx_word' id='word_1_379' title='bbox 538 4219 637 4255; x_wconf 90' lang='lat' dir='ltr'>nomeu</span> <span class='ocrx_word' id='word_1_380' title='bbox 659 4208 750 4257; x_wconf 91' lang='lat' dir='ltr'>notum</span> <span class='ocrx_word' id='word_1_381' title='bbox 775 4210 818 4257; x_wconf 89' lang='lat' dir='ltr'>est</span> <span class='ocrx_word' id='word_1_382' title='bbox 839 4209 867 4258; x_wconf 89' lang='lat' dir='ltr'>in</span> <span class='ocrx_word' id='word_1_383' title='bbox 885 4207 1007 4257; x_wconf 82' lang='lat' dir='ltr'>Romane</span> <span class='ocrx_word' id='word_1_384' title='bbox 1029 4209 1151 4259; x_wconf 79' lang='lat' dir='ltr'>historia.</span> <span class='ocrx_word' id='word_1_385' title='bbox 1189 4205 1313 4257; x_wconf 79' lang='lat' dir='ltr'>Valerius</span> <span class='ocrx_word' id='word_1_386' title='bbox 1330 4207 1441 4272; x_wconf 89' lang='lat' dir='ltr'>propter</span> 
     </span>
     <span class='ocr_line' id='line_1_40' title="bbox 213 4276 1439 4342; baseline -0.002 -12"><span class='ocrx_word' id='word_1_387' title='bbox 213 4291 381 4330; x_wconf 76' lang='lat' dir='ltr'>wmensuur</span> <span class='ocrx_word' id='word_1_388' title='bbox 398 4276 475 4334; x_wconf 81' lang='lat' dir='ltr'>Liuii.</span> <span class='ocrx_word' id='word_1_389' title='bbox 495 4290 574 4342; x_wconf 90' lang='lat' dir='ltr'>quern</span> <span class='ocrx_word' id='word_1_390' title='bbox 591 4278 627 4326; x_wconf 90' lang='lat' dir='ltr'>ob</span> <span class='ocrx_word' id='word_1_391' title='bbox 645 4278 738 4327; x_wconf 90' lang='lat' dir='ltr'>oculos</span> <span class='ocrx_word' id='word_1_392' title='bbox 755 4279 886 4328; x_wconf 75' lang='lat' dir='ltr'>habuisse</span> <span class='ocrx_word' id='word_1_393' title='bbox 905 4279 1098 4329; x_wconf 80' lang='lat' dir='ltr'>existimandus</span> <span class='ocrx_word' id='word_1_394' title='bbox 1116 4279 1171 4336; x_wconf 86' lang='lat' dir='ltr'>est,</span> <span class='ocrx_word' id='word_1_395' title='bbox 1191 4279 1218 4328; x_wconf 91' lang='lat' dir='ltr'>et</span> <span class='ocrx_word' id='word_1_396' title='bbox 1234 4279 1307 4328; x_wconf 83' lang='lat' dir='ltr'>Florl</span> <span class='ocrx_word' id='word_1_397' title='bbox 1325 4279 1439 4328; x_wconf 86' lang='lat' dir='ltr'>eundem</span> 
     </span>
     <span class='ocr_line' id='line_1_41' title="bbox 212 4347 1439 4416; baseline -0.002 -16"><span class='ocrx_word' id='word_1_398' title='bbox 212 4353 297 4415; x_wconf 80' lang='lat' dir='ltr'>atque</span> <span class='ocrx_word' id='word_1_399' title='bbox 316 4349 355 4398; x_wconf 85' lang='lat' dir='ltr'>illi</span> <span class='ocrx_word' id='word_1_400' title='bbox 372 4347 519 4411; x_wconf 85' lang='lat' dir='ltr'>scriptores</span> <span class='ocrx_word' id='word_1_401' title='bbox 536 4347 670 4398; x_wconf 79' lang='lat' dir='ltr'>Albinium</span> <span class='ocrx_word' id='word_1_402' title='bbox 686 4349 813 4412; x_wconf 84' lang='lat' dir='ltr'>posuisse</span> <span class='ocrx_word' id='word_1_403' title='bbox 831 4350 925 4410; x_wconf 89' lang='lat' dir='ltr'>debet,</span> <span class='ocrx_word' id='word_1_404' title='bbox 939 4365 957 4400; x_wconf 84' lang='lat' dir='ltr'>rr</span> <span class='ocrx_word' id='word_1_405' title='bbox 974 4366 1026 4416; x_wconf 89' lang='lat' dir='ltr'>quo</span> <span class='ocrx_word' id='word_1_406' title='bbox 1043 4365 1097 4402; x_wconf 91' lang='lat' dir='ltr'>nou</span> <span class='ocrx_word' id='word_1_407' title='bbox 1114 4351 1225 4400; x_wconf 89' lang='lat' dir='ltr'>multum</span> <span class='ocrx_word' id='word_1_408' title='bbox 1249 4349 1361 4400; x_wconf 85' lang='lat' dir='ltr'>discedit</span> <span class='ocrx_word' id='word_1_409' title='bbox 1378 4349 1439 4398; x_wconf 86' lang='lat' dir='ltr'>Plu·</span> 
     </span>
     <span class='ocr_line' id='line_1_42' title="bbox 210 4419 438 4485; baseline -0.013 -13"><span class='ocrx_word' id='word_1_410' title='bbox 210 4421 302 4472; x_wconf 85' lang='lat' dir='ltr'>tarcbi</span> <span class='ocrx_word' id='word_1_411' title='bbox 314 4419 438 4485; x_wconf 68' lang='grc' dir='ltr'>Ἀλβῖνος.</span> 
     </span>
    </p>

    <p class='ocr_par' dir='ltr' id='par_1_11' title="bbox 210 4487 1440 4846">
     <span class='ocr_line' id='line_1_43' title="bbox 288 4487 1440 4560; baseline -0.002 -18"><span class='ocrx_word' id='word_1_412' title='bbox 288 4487 424 4542; x_wconf 77' lang='lat' dir='ltr'>Caeretem</span> <span class='ocrx_word' id='word_1_413' title='bbox 441 4487 575 4558; x_wconf 77' lang='lat' dir='ltr'>oppidum)</span> <span class='ocrx_word' id='word_1_414' title='bbox 592 4491 678 4542; x_wconf 77' lang='lat' dir='ltr'>Valde</span> <span class='ocrx_word' id='word_1_415' title='bbox 696 4492 786 4542; x_wconf 89' lang='lat' dir='ltr'>dubito</span> <span class='ocrx_word' id='word_1_416' title='bbox 804 4507 868 4542; x_wconf 90' lang='lat' dir='ltr'>num</span> <span class='ocrx_word' id='word_1_417' title='bbox 880 4493 1024 4560; x_wconf 84' lang='lat' dir='ltr'>genuinum</span> <span class='ocrx_word' id='word_1_418' title='bbox 1042 4493 1077 4542; x_wconf 90' lang='lat' dir='ltr'>sit</span> <span class='ocrx_word' id='word_1_419' title='bbox 1095 4493 1164 4558; x_wconf 88' lang='lat' dir='ltr'>quod</span> <span class='ocrx_word' id='word_1_420' title='bbox 1177 4491 1342 4556; x_wconf 79' lang='lat' dir='ltr'>archetypus</span> <span class='ocrx_word' id='word_1_421' title='bbox 1354 4489 1440 4540; x_wconf 83' lang='lat' dir='ltr'>codex</span> 
     </span>
     <span class='ocr_line' id='line_1_44' title="bbox 213 4559 1439 4630; baseline -0.005 -14"><span class='ocrx_word' id='word_1_422' title='bbox 213 4565 351 4616; x_wconf 81' lang='lat' dir='ltr'>babuisse</span> <span class='ocrx_word' id='word_1_423' title='bbox 368 4563 480 4621; x_wconf 86' lang='lat' dir='ltr'>uidetur,</span> <span class='ocrx_word' id='word_1_424' title='bbox 500 4559 633 4613; x_wconf 76' lang='lat' dir='ltr'>Caeretem</span> <span class='ocrx_word' id='word_1_425' title='bbox 650 4559 788 4630; x_wconf 58' lang='lat' dir='ltr'>oppidum</span> <span class='ocrx_word' id='word_1_426' title='bbox 813 4579 873 4614; x_wconf 91' lang='lat' dir='ltr'>cum</span> <span class='ocrx_word' id='word_1_427' title='bbox 890 4577 977 4629; x_wconf 87' lang='lat' dir='ltr'>neque</span> <span class='ocrx_word' id='word_1_428' title='bbox 1001 4565 1070 4614; x_wconf 79' lang='lat' dir='ltr'>baec</span> <span class='ocrx_word' id='word_1_429' title='bbox 1095 4563 1242 4614; x_wconf 80' lang='lat' dir='ltr'>accusettui</span> <span class='ocrx_word' id='word_1_430' title='bbox 1265 4563 1352 4611; x_wconf 81' lang='lat' dir='ltr'>terme</span> <span class='ocrx_word' id='word_1_431' title='bbox 1375 4560 1439 4610; x_wconf 77' lang='lat' dir='ltr'>stibi</span> 
     </span>
     <span class='ocr_line' id='line_1_45' title="bbox 211 4629 1438 4702; baseline -0.002 -17"><span class='ocrx_word' id='word_1_432' title='bbox 211 4635 329 4686; x_wconf 85' lang='lat' dir='ltr'>inuenta</span> <span class='ocrx_word' id='word_1_433' title='bbox 346 4634 389 4690; x_wconf 82' lang='lat' dir='ltr'>stt,</span> <span class='ocrx_word' id='word_1_434' title='bbox 408 4647 496 4698; x_wconf 89' lang='lat' dir='ltr'>neque</span> <span class='ocrx_word' id='word_1_435' title='bbox 512 4635 541 4683; x_wconf 90' lang='lat' dir='ltr'>in</span> <span class='ocrx_word' id='word_1_436' title='bbox 557 4635 611 4684; x_wconf 88' lang='lat' dir='ltr'>hoc</span> <span class='ocrx_word' id='word_1_437' title='bbox 628 4634 804 4697; x_wconf 81' lang='lat' dir='ltr'>appositionis</span> <span class='ocrx_word' id='word_1_438' title='bbox 822 4649 924 4702; x_wconf 82' lang='lat' dir='ltr'>genere</span> <span class='ocrx_word' id='word_1_439' title='bbox 948 4636 1067 4686; x_wconf 79' lang='lat' dir='ltr'>omissae</span> <span class='ocrx_word' id='word_1_440' title='bbox 1089 4633 1297 4699; x_wconf 80' lang='lat' dir='ltr'>praepositionis</span> <span class='ocrx_word' id='word_1_441' title='bbox 1320 4629 1350 4680; x_wconf 76' lang='lat' dir='ltr'>is</span> <span class='ocrx_word' id='word_1_442' title='bbox 1368 4631 1438 4682; x_wconf 83' lang='lat' dir='ltr'>eliud</span> 
     </span>
     <span class='ocr_line' id='line_1_46' title="bbox 212 4703 1438 4770; baseline -0.002 -13"><span class='ocrx_word' id='word_1_443' title='bbox 212 4705 339 4757; x_wconf 78' lang='lat' dir='ltr'>nouerim</span> <span class='ocrx_word' id='word_1_444' title='bbox 357 4705 518 4767; x_wconf 81' lang='lat' dir='ltr'>exemplum.</span> <span class='ocrx_word' id='word_1_445' title='bbox 554 4704 683 4770; x_wconf 81' lang='lat' dir='ltr'>Suspicor</span> <span class='ocrx_word' id='word_1_446' title='bbox 700 4721 761 4756; x_wconf 91' lang='lat' dir='ltr'>cum</span> <span class='ocrx_word' id='word_1_447' title='bbox 778 4705 906 4757; x_wconf 82' lang='lat' dir='ltr'>Torrenio</span> <span class='ocrx_word' id='word_1_448' title='bbox 924 4707 1059 4758; x_wconf 78' lang='lat' dir='ltr'>Valerium</span> <span class='ocrx_word' id='word_1_449' title='bbox 1071 4719 1121 4758; x_wconf 89' lang='lat' dir='ltr'>suo</span> <span class='ocrx_word' id='word_1_450' title='bbox 1132 4719 1206 4757; x_wconf 88' lang='lat' dir='ltr'>more</span> <span class='ocrx_word' id='word_1_451' title='bbox 1219 4703 1350 4754; x_wconf 78' lang='lat' dir='ltr'>ediecdue</span> <span class='ocrx_word' id='word_1_452' title='bbox 1368 4717 1438 4756; x_wconf 87' lang='lat' dir='ltr'>com·</span> 
     </span>
     <span class='ocr_line' id='line_1_47' title="bbox 210 4771 1006 4846; baseline 0.003 -18"><span class='ocrx_word' id='word_1_453' title='bbox 210 4777 346 4846; x_wconf 78' lang='lat' dir='ltr'>posuisse</span> <span class='ocrx_word' id='word_1_454' title='bbox 364 4771 472 4828; x_wconf 80' lang='lat' dir='ltr'>Caerete</span> <span class='ocrx_word' id='word_1_455' title='bbox 488 4773 518 4826; x_wconf 74' lang='lat' dir='ltr'>is</span> <span class='ocrx_word' id='word_1_456' title='bbox 534 4773 667 4843; x_wconf 67' lang='lat' dir='ltr'>uppem</span> <span class='ocrx_word' id='word_1_457' title='bbox 694 4777 754 4830; x_wconf 84' lang='lat' dir='ltr'>vid.</span> <span class='ocrx_word' id='word_1_458' title='bbox 771 4779 807 4828; x_wconf 84' lang='lat' dir='ltr'>ed</span> <span class='ocrx_word' id='word_1_459' title='bbox 823 4778 844 4838; x_wconf 89' lang='lat' dir='ltr'>l,</span> <span class='ocrx_word' id='word_1_460' title='bbox 864 4773 890 4838; x_wconf 86' lang='lat' dir='ltr'>e,</span> <span class='ocrx_word' id='word_1_461' title='bbox 908 4779 961 4830; x_wconf 80' lang='lat' dir='ltr'>ext.</span> <span class='ocrx_word' id='word_1_462' title='bbox 979 4773 1006 4830; x_wconf 78' lang='lat'>3.</span> 
     </span>
    </p>
   </div>
   <div class='ocr_carea' id='block_1_6' title="bbox 0 0 1711 5400">
    <p class='ocr_par' dir='ltr' id='par_1_12' title="bbox 0 0 1711 5400">
     <span class='ocr_line' id='line_1_48' title="bbox 0 0 1711 5400; baseline 0 0"><span class='ocrx_word' id='word_1_463' title='bbox 0 0 1711 5400; x_wconf 95' lang='lat' dir='ltr'> </span> 
     </span>
    </p>
   </div>
  </div>
 </body>
</html>
