3409 5400
370 501 414 568 20

372 683 475 752 super
495 663 606 729 omnia
628 671 690 738 est,
712 661 770 750 Sp.
795 659 951 727 Cassium
972 657 1018 723 111
1041 661 1209 726 consulem
1238 656 1287 735 V,
1317 659 1358 736 8,
1385 657 1406 723 2
1430 658 1518 724 tribur

370 774 478 862 plebei
500 773 589 838 facit.

461 883 659 968 Temporum
681 891 788 946 autem
811 883 973 948 rationem
997 903 1097 968 quam
1123 903 1241 968 partun
1263 882 1394 946 omnino
1417 903 1507 945 curae.

370 993 476 1058 buerit
505 1011 709 1078 permagnus
740 989 961 1076 exemplorum
992 1011 1146 1054 numerus
1172 990 1368 1054 documento
1391 1002 1450 1064 est,
1480 1013 1496 1052 e

371 1104 444 1176 bus,
467 1112 501 1165 ut
525 1100 707 1164 satietatem
727 1097 878 1173 uitemus,
902 1121 1010 1184 pauca
1033 1109 1156 1164 tantum
1173 1097 1395 1164 exhibeamus.
1438 1099 1518 1185 Exp(

371 1209 396 1284 Ι,
421 1209 456 1281 6,
487 1208 506 1272 5
531 1206 694 1294 quaedam
722 1205 886 1293 prodigia,
918 1230 1002 1295 quae
1034 1209 1158 1273 scimus
1187 1206 1272 1271 bello
1295 1205 1419 1271 Punico
1449 1230 1518 1270 secu

371 1319 520 1384 nuntiata
544 1337 618 1380 esse
640 1314 779 1379 Romae.
824 1315 908 1380 llam
932 1319 1088 1403 temporis
1113 1315 1359 1380 denotationem
1380 1317 1413 1379 in
1433 1318 1518 1401 prior

373 1429 533 1491 omissam
556 1423 617 1487 soli
641 1421 753 1487 ultimo
778 1422 903 1488 addidit
932 1423 1083 1511 belloque
1106 1423 1231 1488 Punico
1264 1423 1409 1488 secundo
1439 1424 1495 1488 Gn.

371 1536 453 1601 mitii
475 1534 593 1599 bouem
616 1531 759 1595 locutum
783 1551 859 1595 esse
882 1533 1005 1606 retulit,
1037 1543 1129 1598 ‘caue
1152 1531 1209 1595 tibi
1233 1531 1366 1596 Romal'
1408 1531 1473 1594 Sed
1495 1555 1516 1594 u

372 1643 435 1708 hoc
459 1639 646 1728 prodigium
671 1639 741 1702 eius
765 1638 841 1703 belli
865 1641 963 1705 finem
985 1639 1095 1704 multis
1120 1641 1216 1704 annis
1240 1639 1425 1703 excedebat.
1475 1637 1518 1701 Vl

373 1761 434 1814 ext.
461 1751 478 1813 l
503 1747 639 1811 caedem
671 1745 806 1810 duorum
832 1747 1024 1832 Scipionum
1056 1749 1090 1812 in
1112 1745 1276 1833 Hispania
1307 1757 1381 1810 ante
1410 1748 1518 1811 faetan

374 1881 472 1946 quam
495 1857 680 1940 Saguntum
710 1853 751 1916 ab
774 1852 960 1920 Hannibale
989 1866 1249 1942 oppugnaretur,
1279 1876 1352 1919 cum
1380 1855 1413 1918 id
1443 1857 1518 1941 oppi

373 1987 493 2030 nouem
517 1963 613 2027 aunis
638 1973 712 2026 ante
737 1961 882 2027 excisum
906 1959 958 2026 sit.
1011 1960 1160 2049 Longius
1192 1965 1291 2027 etiam
1322 1987 1342 2027 a
1369 1984 1446 2026 uero
1470 1963 1518 2026 ab·

372 2073 430 2148 lX,
456 2073 507 2146 10,
534 2071 563 2144 l,
586 2069 642 2134 ubi
654 2068 857 2134 Tusculanos
876 2081 950 2156 post
969 2091 1090 2135 annum
1110 2071 1175 2134 431
1189 2093 1219 2135 a.
1231 2093 1263 2134 u.
1277 2093 1305 2134 e.
1321 2071 1355 2135 in
1372 2070 1518 2134 ciuitaten

374 2193 485 2269 ceptos
509 2188 609 2266 putat,
634 2199 731 2264 quam
757 2187 830 2242 antc
848 2179 1022 2265 sexaginta
1036 2179 1207 2242 minimum
1223 2201 1329 2242 annos
1346 2200 1403 2243 eos
1420 2178 1518 2242 obtim

373 2299 512 2357 constat.
558 2285 615 2361 lX,
642 2287 671 2360 7,
698 2287 714 2350 l
740 2285 954 2352 Saturninum
969 2307 1165 2373 oppressum
1179 2287 1279 2349 refert
1302 2286 1371 2350 aG.
1384 2285 1518 2373 llario(

373 2409 440 2462 tum
465 2393 610 2466 consule,
636 2392 724 2479 quod
744 2405 832 2457 recte
857 2395 891 2457 iu
915 2406 1005 2458 sexto
1027 2394 1097 2458 eius
1114 2393 1285 2459 consolato
1302 2391 1466 2458 accidisse
1491 2416 1518 2457 s<

373 2505 428 2578 ΙΙΙ,
453 2507 483 2578 2,
510 2503 561 2567 18.
597 2498 669 2574 Vll,
702 2501 739 2574 5,
770 2501 790 2565 4
822 2500 863 2580 Q.
894 2501 1057 2566 Caecilius
1088 2501 1238 2567 Metellus
1268 2514 1343 2566 ante
1373 2503 1518 2566 uictoria

371 2606 651 2693 Pseudophilippo
677 2619 707 2668 et
730 2605 876 2672 Achaeis
907 2621 1090 2695 reportatas
1120 2611 1287 2696 repulsam
1317 2610 1458 2673 comitiis
1483 2631 1518 2672 co

370 2716 494 2783 laribus
525 2714 640 2778 tulisse
670 2712 823 2790 traditur,
862 2718 1061 2804 miraturque
1093 2717 1246 2783 Valerius
1284 2718 1372 2804 quod
1402 2719 1432 2781 ci
1463 2739 1518 2803 pop

373 2822 577 2890 considatum
600 2842 724 2907 negare
747 2825 896 2908 potuerit,
921 2828 972 2889 cui
994 2844 1072 2890 mox
1087 2825 1170 2890 duas
1186 2826 1389 2890 clarissimas
1413 2826 1518 2910 prouir

373 2943 429 2997 aut
452 2931 585 2996 daturus
609 2926 704 3007 fuerit
727 2940 783 2993 aut
806 2930 983 2995 debiturus
1037 2933 1105 2997 Sed
1134 2943 1254 3021 quanto
1278 2933 1395 2996 iustius
1419 2933 1518 3018 incre]

371 3039 553 3115 Romanos,
578 3039 607 3102 si
629 3058 744 3101 uerum
760 3036 934 3113 retulisset,
958 3051 1033 3125 post
1055 3051 1100 3106 tot
1121 3062 1176 3105 res
1195 3040 1329 3128 egregio
1350 3050 1465 3127 gestas
1482 3041 1518 3104 fr*

373 3168 447 3211 eum
470 3145 630 3211 honorem
654 3170 675 3211 a
697 3144 827 3209 Metello
853 3167 929 3209 esse
952 3149 1097 3232 petitum.

460 3252 628 3319 Mittamus
658 3253 786 3341 reliqua
817 3274 857 3317 ex
887 3251 950 3316 hoe
980 3276 1117 3342 genere,
1150 3276 1222 3320 eum
1253 3254 1355 3321 multa
1386 3269 1417 3321 et
1447 3278 1518 3344 grai

373 3365 470 3428 etiam
502 3363 677 3448 supersint.
740 3359 828 3441 Quid
860 3362 946 3425 enim
978 3362 1127 3428 dicamus
1159 3362 1199 3426 dc
1229 3364 1420 3450 ignorantia
1451 3364 1511 3428 illa

371 3472 480 3535 minus
503 3470 603 3535 foeda
627 3492 665 3535 ac
690 3469 846 3556 pudenda
870 3490 967 3556 quam
992 3470 1171 3556 frequenti,
1199 3492 1264 3557 qua
1288 3471 1438 3536 eiusdem
1462 3494 1518 3535 nor

371 3580 461 3644 uiros
485 3599 546 3642 uec
563 3580 696 3667 ignotae
714 3579 823 3652 sortis,
841 3577 901 3641 sed
922 3576 1151 3642 celeberrimos
1169 3600 1316 3665 quosque
1333 3577 1518 3642 clarissime

371 3684 596 3750 Romanorum
619 3688 844 3773 imperatores,
871 3708 1008 3775 quorum
1030 3684 1119 3750 facta
1140 3686 1194 3749 uel
1222 3684 1349 3771 pueruli
1377 3687 1518 3749 nouisse

371 3790 506 3864 bebant,
537 3793 653 3855 inscite
685 3792 831 3857 confudit
860 3807 956 3879 atque
986 3791 1204 3879 permiscuit?
1238 3791 1287 3855 lta
1315 3794 1518 3877 posteriorer

374 3896 560 3963 Cornelium
582 3896 773 3982 Scipionem
796 3898 989 3963 Africanum
1012 3920 1071 3984 pro
1096 3900 1264 3984 superiore
1295 3902 1406 3985 posuit
1436 3899 1486 3974 II,

373 4014 404 4066 et
434 4005 468 4067 iu
500 4002 565 4068 alia
596 4008 782 4069 narratione
813 4002 856 4077 V,
891 4007 925 4079 1,
959 4007 977 4067 7
1007 4006 1063 4083 (cl.
1093 4014 1124 4081 s.
1154 4006 1199 4083 u).
1253 4006 1464 4073 Contrarium
1494 4030 1518 4070 u

373 4112 536 4176 commisit
566 4110 661 4187 Vlll,
698 4114 756 4187 15,
795 4114 812 4176 l
847 4110 959 4175 relatis
992 4112 1036 4176 ad
1066 4114 1269 4199 superiorem
1299 4113 1501 4180 Africanum

372 4216 548 4281 Aemiliani
580 4232 682 4283 erant.
747 4218 857 4285 'l'rium
888 4230 921 4282 et
949 4219 1091 4284 fortasse
1128 4232 1279 4307 quattuor
1317 4222 1518 4308 Scipionum

372 4336 485 4413 gestas
510 4325 544 4388 in
566 4346 666 4390 unum
689 4324 727 4389 P.
745 4324 930 4391 Cornelium
946 4326 1136 4413 Scipionem
1151 4326 1311 4392 Nasicam
1335 4330 1515 4417 congessit

373 4434 404 4507 5,
428 4433 459 4497 2.
504 4430 631 4496 Eodem
654 4432 753 4497 modo
777 4431 824 4507 II,
848 4434 932 4507 2,4
975 4446 1006 4496 et
1040 4446 1075 4497 ut
1096 4436 1224 4499 uidetur
1247 4436 1346 4500 etiam
1369 4434 1423 4511 V,
1449 4438 1490 4511 2,

371 4539 508 4605 Fabium
531 4538 711 4603 Maximum
734 4538 922 4605 thlianum
946 4542 1091 4605 confudit
1121 4564 1195 4608 eum
1218 4541 1260 4624 Q.
1284 4542 1387 4607 Fabio
1413 4540 1518 4605 Verrr

374 4644 583 4723 Cunctatore;
614 4645 659 4710 M.
682 4646 835 4713 Porcium
867 4648 1026 4713 Catonem
1056 4653 1241 4716 censorium
1272 4672 1346 4715 cum
1378 4652 1514 4716 (latone

371 4746 426 4825 ΠΙ,
450 4751 482 4825 2,
506 4754 547 4819 16
572 4764 701 4823 etcum
723 4766 841 4842 nepote
866 4752 908 4832 V,
935 4756 986 4833 10,
1010 4756 1043 4821 3.
1096 4756 1167 4826 Iam
1194 4779 1273 4827 uero
1296 4756 1362 4834 VI,
1394 4758 1434 4832 4,
1471 4760 1510 4831 1,
