3409 5400
574 458 658 529 LlB.
679 458 751 540 1111,
774 458 811 529 G.
837 462 868 538 7,
890 468 920 540 t.
945 460 1065 531 1-3.
1368 462 1437 533 iii

299 620 338 689 lo
361 622 479 691 eadem
501 620 601 689 domo
625 642 732 709 aeque
752 620 892 687 robusta
911 622 1093 689 constantis
1108 624 1272 689 amicitiae
1285 623 1436 712 exempla
1442 624 1476 693 2.

97 720 109 799 {-
214 728 413 799 oboriuntur.
458 728 638 795 Prostratis
662 730 749 795 enim
772 730 840 795 iam
862 740 896 793 et
916 728 1053 816 perditis
1069 727 1107 795 G.
1122 726 1264 793 Gracchi
1286 729 1435 797 consiliis

97 852 108 891 a
212 836 388 923 rebusque,
412 858 486 901 cum
509 845 576 901 tota
598 837 670 901 eius
693 836 893 921 conspiratio
920 834 986 901 late
1013 844 1240 923 quaereretur,
1270 833 1436 903 desertum

96 960 105 1003 ι
213 943 303 1007 omni
331 941 451 1007 auxilio
482 940 547 1007 duo
576 950 701 1007 taumm
728 942 843 1017 amici,
876 941 1081 1029 Pomponius
1115 950 1147 1005 et
1173 938 1364 1016 Laetorius,
1392 940 1436 1006 ah

96 1068 103 1109 r
188 1047 341 1113 siofestis
369 1059 401 1111 et
427 1045 573 1133 undique
599 1048 767 1113 ruentibus
801 1046 875 1113 telis
905 1047 1059 1133 oppositu
1092 1067 1266 1133 corporum
1301 1064 1437 1113 suorum

96 1178 102 1217 ι
213 1163 369 1219 texerunt.
416 1152 563 1234 Quorum
586 1152 806 1239 Pomponius,
830 1174 897 1241 quo
919 1153 951 1218 is
973 1152 1102 1220 fecilior
1126 1152 1298 1230 euaderet,
1325 1152 1437 1218 conci·

96 1318 97 1321 ,
213 1270 315 1323 tatum
345 1261 549 1347 sequentium
578 1280 701 1347 agmen
729 1261 764 1327 in
785 1270 882 1347 porta
909 1258 1098 1347 Trigemina
1124 1260 1318 1349 aliquandiu
1343 1278 1436 1325 acer·

211 1366 298 1433 rime
313 1386 427 1453 pugna
441 1364 588 1441 inhibuit,
611 1388 673 1431 nec
695 1367 792 1431 rriuus
816 1365 892 1453 pelli
915 1366 1028 1453 potuit,
1051 1365 1112 1432 sed
1134 1368 1244 1434 multis
1266 1366 1434 1431 coniectus

98 1509 101 1520 ·
210 1471 401 1539 uulneribus
425 1474 597 1539 transitum
620 1493 719 1559 super
742 1472 886 1539 cadauer
908 1494 1007 1539 suum
1030 1474 1095 1548 eis,
1118 1474 1217 1539 credo
1240 1474 1339 1539 etiam
1360 1480 1437 1557 post

94 1604 99 1645 ι
175 1578 283 1643 telate
304 1578 435 1653 inuitus,
459 1577 559 1645 dedit.
609 1578 782 1645 Laetorius
811 1590 921 1645 autem
948 1580 983 1645 in
1005 1590 1104 1667 ponte
1127 1580 1273 1646 Sublicio
1295 1576 1439 1643 constidt

94 1712 99 1753 ι
213 1695 245 1748 et
267 1704 354 1759 eum,
377 1684 483 1749 donec
499 1682 670 1751 Gracchus
695 1685 859 1761 transiret,
881 1684 1001 1751 ardore
1012 1688 1146 1773 spiritus
1169 1688 1221 1751 sui
1235 1687 1374 1774 saepsit,
1395 1706 1436 1749 ac

94 1818 96 1857 ι
211 1792 246 1857 ui
274 1790 340 1855 iam
368 1788 579 1857 multitudiuis
608 1792 745 1857 obrutus
772 1812 935 1857 conuerso
962 1792 997 1857 in
1024 1813 1062 1858 se
1090 1792 1203 1881 gladio
1229 1792 1329 1858 celeri
1350 1790 1437 1857 saltu

93 1929 94 1935 ι
211 1896 411 1983 profundum
439 1896 565 1963 'liberis
594 1899 702 1983 petiit,
738 1900 961 1985 quamquain
988 1920 1028 1965 eo
1056 1911 1155 1985 ponte
1183 1900 1351 1965 caritatem
1378 1897 1437 1963 toti

212 2004 339 2089 patriae
361 2001 517 2069 Horatius
542 2002 659 2069 Cocles
683 2002 889 2080 exhibuerat,
918 2006 1014 2069 unius
1041 2006 1203 2071 amicitiae
1225 2004 1357 2071 adiecta
1376 2026 1435 2071 uo·

175 2122 203 2169 tt
212 2108 355 2175 luntaria
380 2120 485 2175 morte
514 2110 682 2195 praestitit.
739 2108 849 2191 Quam
877 2111 984 2176 bonos
1008 2108 1164 2185 Gracchi,
1192 2112 1224 2175 si
1250 2122 1307 2175 aut
1333 2111 1435 2197 patris

215 2227 270 2279 aut
290 2214 430 2279 materni
453 2215 509 2279 aui
531 2225 656 2281 sectam
678 2215 766 2280 uitae
788 2214 920 2303 ingredi
941 2214 1138 2291 uoluissent,
1168 2215 1290 2279 habere
1316 2216 1435 2281 milites

212 2318 400 2410 potuerant!
436 2318 510 2401 Quo
533 2320 621 2385 enim
642 2321 775 2407 impetu,
799 2343 865 2407 qua
887 2322 1135 2407 perseuerantia
1159 2322 1262 2387 animi
1282 2320 1436 2387 Blossius

215 2438 247 2491 et
270 2424 472 2512 Pomponius
496 2438 527 2490 et
549 2425 722 2493 Laetorius
745 2425 907 2511 trophaea
934 2448 975 2491 ac
998 2425 1179 2513 triumphos
1207 2448 1322 2492 eorum
1343 2425 1436 2492 adiu·

215 2534 357 2607 uissent,
385 2532 502 2599 furiosi
532 2544 669 2598 conatus
698 2542 766 2597 tam
795 2533 920 2597 strenui
949 2533 1105 2607 comites,
1133 2534 1277 2599 sinistris
1305 2530 1437 2619 quidem

177 2638 374 2726 mauspiciis
398 2639 559 2704 amicitiae
582 2638 808 2704 condicionem
832 2640 952 2715 secuti,
980 2637 1040 2705 sed
1068 2660 1134 2728 quo
1152 2639 1343 2714 irrisorium,
1371 2635 1437 2702 hoe

216 2749 356 2812 certiora
379 2745 514 2810 fideliter
537 2745 643 2810 cultae
666 2744 842 2812 nobilitatis
865 2745 1029 2832 exempla!

303 2851 427 2920 Lucius
455 2863 562 2917 autem
592 2849 782 2939 eregiuus,
813 2853 843 2918 si
871 2852 914 2918 ad
937 2851 1079 2918 debitam
1103 2851 1233 2938 publico
1255 2844 1480 2918 ministerio&

217 2961 435 3024 sinceritatem
452 2959 610 3047 exigatur,
625 2959 824 3043 posteritatis
840 2959 991 3023 conuicio
1006 2958 1214 3034 lacerandus,
1229 2959 1261 3024 si
1275 2958 1437 3024 amicitiae

216 3067 281 3131 fido
304 3067 442 3154 pignore
466 3065 671 3141 aestimetur,
692 3066 726 3129 in
750 3066 871 3151 optimo
894 3062 1067 3130 laudabilis
1096 3065 1319 3130 conscientiae
1341 3072 1438 3149 portu

178 3171 448 3256 aereiinquendus
473 3181 532 3235 est.
579 3170 741 3238 Tribunus
765 3173 853 3238 enim
875 3172 981 3258 plebis
997 3173 1197 3257 Caepionem
1220 3173 1254 3236 in
1271 3189 1439 3235 carcerem

219 3278 410 3354 coniectum,
434 3277 521 3363 quod
543 3277 629 3345 iilius
653 3277 750 3365 culpa
772 3279 932 3344 exercitus
955 3289 1068 3344 noster
1094 3298 1115 3340 a
1137 3277 1277 3342 Cimbris
1301 3285 1335 3339 et
1355 3273 1438 3340 Teu·

219 3489 242 3544 i.
262 3490 383 3556 metreta]
401 3493 462 3556 post
480 3490 612 3540 amicitiae
630 3485 659 3540 Ρ.
670 3487 684 3555 ΙΙ
696 3487 722 3542 2.
740 3491 913 3542 suboriuntur
930 3487 993 3542 Dr.
1014 3489 1161 3539 obruuntur
1176 3483 1213 3538 B.
1237 3487 1356 3538 oriuntur
1372 3482 1404 3539 Ρ.
1415 3481 1431 3550 ΙΙ

218 3563 288 3616 enim
311 3577 360 3612 om.
379 3558 411 3612 Ρ.
432 3559 445 3628 ΙΙ
465 3561 609 3626 deperditis
633 3557 662 3610 Ρ.
678 3559 692 3628 ss
707 3563 727 3612 t.
765 3562 836 3610 rocci
860 3557 896 3611 D.
917 3553 974 3629 114.
993 3557 1121 3609 lecterius
1144 3555 1208 3608 ΒΡ.
1232 3552 1367 3608 Mean
1384 3569 1442 3606 caat

217 3637 296 3684 aocet
313 3629 379 3685 Pisi.
398 3629 416 3682 i.
434 3629 519 3700 ο.115.
538 3632 689 3695 oppositum
711 3628 739 3683 0.
760 3628 803 3696 17.
825 3631 986 3692 aliquamdiu
1008 3625 1085 3679 Torr.
1096 3625 1148 3751 ibb-
1166 3627 1256 3695 uiuus]
1278 3626 1357 3676 nimis
1377 3623 1440 3678 OD.

220 3699 280 3828 pili.
298 3702 350 3770 ciel
370 3707 430 3754 sate
448 3711 530 3768 super
547 3699 654 3753 PTorr.
665 3700 679 3768 ΙΙ
695 3698 734 3751 111.
748 3702 872 3752 lecterius
884 3697 976 3752 ΕΡΡ.
986 3695 1001 3764 ΙΙ
1011 3699 1085 3749 stetit
1124 3697 1158 3764 ,n
1170 3694 1211 3750 11.
1230 3703 1257 3750 et
1274 3696 1346 3762 euml
1360 3699 1441 3746 etiam

242 3773 275 3841 ,ΙΙ
286 3773 401 3842 saepsit}
421 3772 462 3825 sic
477 3771 510 3825 A.
530 3775 617 3824 sensit
637 3770 665 3824 C.
684 3772 862 3837 praescripsit
878 3769 916 3825 D.
937 3771 1047 3835 scripsit
1063 3765 1092 3820 Ρ.
1104 3768 1119 3836 ΙΙ
1130 3768 1176 3836 ac]
1195 3774 1223 3818 at
1242 3765 1304 3820 ΟΕ.
1318 3763 1332 3836 ΙΙ
1352 3763 1394 3818 ti.
1413 3768 1441 3816 ιιΙ

217 3845 283 3912 iam!
304 3848 375 3897 uiam
394 3843 422 3898 Ρ.
435 3843 449 3914 ΙΙ
464 3840 503 3899 ii.
522 3845 628 3895 adiecta
640 3844 773 3894 amicitiae
790 3839 826 3895 Ε.
845 3843 979 3893 amicitiast
997 3842 1103 3892 adiecta
1119 3837 1151 3892 Ρ.
1163 3838 1178 3906 ΙΙ
1190 3837 1232 3892 ih.
1250 3842 1337 3889 bonus
1350 3851 1396 3904 pr.
1410 3835 1440 3890 0.

228 3915 243 3984 ΙΙ
254 3919 389 3986 gracchus
404 3914 450 3982 (1.1
472 3911 513 3968 id.
532 3915 577 3966 aei
595 3916 707 3965 materni
725 3912 756 3966 Ρ.
771 3911 783 3980 ΙΙ
797 3913 911 3981 sectam]
931 3929 980 3965 ιιιιι.
988 3925 1035 3979 pr.
1046 3908 1084 3964 1).
1103 3913 1239 3962 senectam
1257 3923 1350 3977 scarpo
1367 3905 1431 3974 D-ii

218 3989 290 4040 uitae
309 4004 358 4042 om.
376 3985 408 4042 Ρ.
423 3986 436 4057 ΙΙ
468 3985 494 4040 1.
513 3987 655 4052 potuerunt
672 3983 703 4036 Ρ.
715 3983 728 4053 ΙΙ
743 3981 781 4038 ta
801 3985 921 4036 lictorius
938 3982 975 4038 Β.
993 3983 1119 4034 lecterius
1137 3978 1199 4034 ΡΡ.
1215 3979 1230 4047 ΙΙ
1244 3981 1377 4046 trophaea
1395 3979 1439 4046 ae}

218 4073 268 4111 osa
286 4057 318 4112 Ρ.
337 4061 451 4124 trophea
468 4073 501 4108 ac
519 4054 551 4109 Α.
561 4054 576 4122 ΙΙ
591 4049 631 4108 itt.
649 4058 776 4108 furiosum
797 4053 907 4125 (11190.
925 4058 995 4107 baec
1012 4050 1121 4120 111Ιῇ.
1145 4057 1235 4104 autem
1252 4065 1303 4105 ess.
1321 4049 1353 4104 Ρ.
1365 4051 1380 4120 ΙΙ
1391 4052 1440 4101 iic-

218 4132 298 4199 ginus
317 4129 379 4184 Per.
391 4127 404 4196 ΙΙ
416 4131 440 4180 si
458 4131 494 4179 ad
512 4157 546 4166 -
565 4125 632 4193 (25.)
651 4129 839 4190 relinquendos
858 4129 902 4177 est
917 4141 968 4179 aas.
986 4121 1103 4194 1⁸,pr
1122 4124 1236 4175 conuitio
1250 4137 1295 4192 pr.
1313 4121 1345 4175 Δ.
1364 4121 1378 4190 ti
1396 4117 1441 4175 ᾗ.

219 4202 289 4252 caim
308 4215 357 4252 oea.
376 4198 407 4253 Ρ.
420 4201 433 4268 ΙΙ
445 4202 601 4265 scepionem
618 4197 650 4250 A.
662 4198 675 4267 ΙΙ
686 4194 729 4252 ab.
748 4199 907 4250 theutonicis
926 4195 956 4249 Ρ.

289 4391 315 4450 2.
335 4397 373 4448 Ci.
394 4395 460 4448 Veli.
480 4396 512 4454 ll,
531 4390 557 4456 11,
576 4391 601 4448 11.
630 4395 696 4448 Ρ1ιι1.
715 4396 745 4445 C·
763 4395 876 4446 Gracch.
898 4389 938 4453 iil,
961 4391 1001 4444 17.
1026 4392 1102 4444 Auci.
1121 4393 1156 4444 tle
1173 4392 1223 4443 uir.
1240 4383 1339 4439 iib'i'al.
1360 4387 1440 4438 Oros.

218 4469 251 4530 v,
271 4463 319 4592 liri
337 4535 427 4594 erdem
445 4533 532 4599 ὀοιιιο)
549 4539 710 4589 induxerunt
727 4538 796 4588 haec
814 4539 899 4586 uerba
911 4535 1034 4587 Paridem
1051 4535 1081 4584 ut
1098 4536 1150 4584 ttec
1167 4532 1319 4595 exemplum
1331 4529 1366 4578 ad
1378 4541 1441 4578 eun·

219 4613 280 4664 dom
298 4611 433 4662 Tiberium
453 4611 603 4661 Gracchum
622 4607 741 4662 referret,
763 4611 796 4658 dc
815 4623 868 4673 quo
886 4608 1010 4670 superius
1027 4609 1086 4656 erat
1104 4604 1225 4654 relatum.
1260 4600 1355 4664 incipit
1371 4599 1441 4662 crim
1488 4601 1498 4620 ⁸

219 4683 413 4756 compendium,
433 4677 554 4735 iissders
571 4677 639 4732 isso
657 4677 804 4740 Graeciam
821 4676 935 4731 amdan
953 4674 1052 4728 reem
1065 4671 1212 4754 priuatam,
1276 4683 1285 4702 ·
