3409 5400
580 500 663 570 ine.
686 500 727 582 11,
752 502 789 572 0.
813 505 845 584 8,
870 510 900 586 8.
923 506 1037 575 4-7,
1356 512 1422 585 225

178 660 319 751 gloriae
335 663 458 748 cupidi,
483 665 539 750 qui
555 684 596 727 ex
611 664 751 729 desertis
766 666 931 733 montibus
947 690 1252 758 myoparonumque
1276 675 1422 761 piraticis

177 772 306 834 rostris
331 768 441 834 laudis
464 772 582 855 inopes
607 770 738 835 laureae
762 774 907 839 ramulos
929 774 1160 840 festinabunda
1190 798 1291 843 manu
1312 778 1422 845 decer·

179 886 340 962 pserum.
385 874 603 963 Karthaginis
627 880 765 964 imperio
790 880 929 966 abrupta
940 880 1102 967 Hispania
1126 882 1302 949 etSiciliae
1326 898 1425 969 caput

181 984 375 1055 abscisum,
384 984 593 1069 'Syracusae
610 982 815 1070 triuumphalis
830 990 968 1074 iungere
985 1012 1099 1053 currus
1117 991 1344 1077 nequiuerunt.
1383 990 1425 1054 Et

158 1088 312 1176 aquibus
336 1087 443 1153 uiris?
489 1090 639 1176 Scipioni
663 1102 694 1154 et
710 1090 877 1170 Marcello,
902 1097 1139 1182 quorum'ipsa
1160 1097 1297 1162 nomina
1318 1098 1424 1161 instar

184 1197 319 1261 aeterni
341 1207 419 1259 sunt
439 1196 603 1282 triumphi.
651 1196 722 1263 Sed
737 1197 939 1265 clarissimos
964 1202 1090 1267 solidae
1108 1222 1279 1290 ueraeque
1295 1204 1422 1267 uirtutis

185 1314 347 1368 auctores
370 1301 516 1367 humeris
548 1305 617 1368 suis
643 1304 781 1369 salutem
805 1309 930 1393 patriae
957 1320 1136 1395 gestantes,
1160 1288 1223 1373 etsi
1246 1321 1421 1375 coronatos

183 1410 311 1475 intueri
345 1420 480 1475 senatus
515 1410 687 1496 cupiebat,
729 1412 857 1476 iustiori
884 1404 1001 1503 ¹tamen
1036 1415 1255 1481 reseruandos
1288 1416 1422 1483 laureae

186 1517 328 1603 putauit.

150 1639 180 1683 ta
281 1622 345 1687 llis
378 1620 458 1687 illud
492 1620 693 1687 subnectam.
755 1622 859 1689 Moris
894 1636 945 1689 est
979 1624 1020 1690 ab
1054 1626 1251 1713 imperatore
1287 1625 1422 1691 ducturo
1434 1624 1465 1697 b.

190 1728 394 1815 triumphum
417 1728 573 1793 consules
594 1729 726 1795 inuitari
749 1730 792 1794 ad
812 1752 961 1807 caenam,
986 1732 1104 1797 deinde
1121 1734 1232 1820 rogari
1254 1744 1290 1797 ut
1311 1734 1422 1798 uenire

191 1834 451 1920 supersedeant,
479 1837 619 1921 nequis
645 1858 683 1900 eo
709 1836 786 1914 alie,
802 1862 866 1926 quo
890 1838 942 1903 ille
975 1838 1194 1926 triumpharit,
1223 1842 1359 1907 maioris
1387 1842 1423 1907 in

192 1940 312 2006 eodem
336 1943 487 2006 conuiuio
512 1944 556 2007 sit
577 1942 716 2028 imperii.

283 2046 409 2112 Verum
438 2048 590 2134 quamuis
620 2050 693 2134 quis
724 2051 915 2135 praeclaras
939 2073 992 2117 res
1016 2054 1222 2139 maximeque
1251 2054 1346 2119 utiles
1374 2056 1464 2122 reli.

157 2154 346 2241 republicae
370 2153 459 2218 ciuili
480 2153 566 2218 bello
584 2156 756 2241 gessisset,
778 2157 956 2243 imperator
972 2169 1081 2223 tamen
1098 2180 1137 2221 eo
1161 2160 1293 2223 nomine
1310 2158 1421 2244 appel·

190 2260 281 2327 latus
304 2282 371 2325 non
396 2270 464 2334 est,
493 2280 600 2346 neque
631 2260 716 2325 ullae
739 2262 995 2349 supplicationes
1020 2264 1171 2327 decretae
1195 2275 1286 2339 sunt,
1317 2283 1422 2347 neque

192 2380 252 2433 aut
281 2390 390 2433 ouans
419 2377 476 2431 aut
503 2389 601 2431 curru
623 2367 849 2453 triumphauit,
882 2369 959 2454 quia
982 2380 1016 2433 ut
1038 2368 1248 2432 necessariae
1271 2369 1355 2431 istae
1378 2368 1424 2431 ita

192 2474 351 2562 lugubres
381 2496 513 2560 semper
536 2476 740 2539 existimatae
763 2483 840 2537 sunt
862 2474 1034 2551 uictoriae,
1066 2484 1175 2559 utpote
1199 2496 1266 2539 non
1290 2483 1421 2537 externo

193 2580 256 2645 sed
278 2580 461 2644 domestico
483 2592 599 2667 partae
623 2601 749 2647 cruore.
800 2576 914 2667 ltaque
943 2592 975 2645 et
1001 2582 1127 2647 Nasica
1157 2580 1203 2647 Ti.
1234 2578 1421 2647 Gracchum

156 2708 185 2752 sa
195 2700 227 2751 et
239 2694 259 2762 't
272 2686 312 2754 G.
324 2686 477 2753 Metellus
490 2687 602 2775 Opimi
615 2689 775 2754 sactiones
787 2688 907 2754 maesti
917 2688 1129 2754 trucidarunt.
1174 2687 1214 2770 Q.
1229 2685 1362 2752 (latrdus
1374 2684 1420 2753 M.

196 2863 220 2918 i.
238 2867 486 2932 myopatonumque
503 2864 537 2920 Β.
554 2883 774 2933 poparonumque
794 2865 824 2918 0.
842 2869 909 2918 miro
929 2881 1110 2932 paronumque
1123 2864 1160 2922 D.
1175 2863 1187 2936 ΙΙ
1200 2869 1332 2934 pyraticis
1352 2880 1422 2919 corr.

193 2935 227 2988 A.
238 2934 290 3002 112
309 2937 408 2987 nostds
422 2951 467 3004 pr.
485 2935 517 2990 A.
535 2939 663 2988 monstris
682 2952 750 2990 corr.
768 2934 800 2988 A.
819 2939 897 2988 iustis
915 2936 952 2989 D.
965 2936 978 3006 ΙΙ
995 2931 1020 2990 3.
1040 2941 1136 2990 obruta
1153 2937 1188 2992 E.
1205 2935 1219 3007 ΙΙ
1236 2935 1261 2991 4.
1282 2940 1422 2989 siracusas

192 3006 226 3059 A.
241 3011 255 3074 ιι
268 3008 444 3070 triumphales
461 3006 665 3061 sensnm.
677 3006 691 3074 ΙΙ
701 3004 727 3057 8.
744 3008 861 3075 iustiori]
882 3011 979 3060 ueriori
997 3007 1034 3060 D.
1046 3009 1059 3076 ΙΙ
1075 3008 1115 3062 10.
1134 3013 1160 3074 5.
1179 3007 1205 3063 ii.
1225 3022 1274 3061 om.
1293 3008 1324 3060 Γ.
1339 3007 1351 3078 ΙΙ
1366 3009 1419 3077 est]

194 3085 257 3130 arat
278 3075 355 3130 Torr.
386 3075 589 3131 Visentium
613 3079 675 3130 Par.
695 3080 708 3146 ΙΙ
727 3080 889 3144 triumphurn
914 3083 1023 3131 ducturo
1045 3079 1122 3136 Torr.
1139 3081 1154 3201 'i
1174 3079 1214 3133 12.
1234 3084 1422 3146 supersideant

192 3147 256 3201 ΒΕ
275 3153 303 3199 et
318 3162 386 3201 corr.
404 3146 436 3199 A.
448 3149 648 3217 iltriumpharet
665 3147 728 3202 ΒΕ.
747 3152 921 3216 triumphabit
939 3149 1000 3206 Par.
1014 3151 1027 3221 ΙΙ
1042 3147 1081 3203 ti.
1101 3153 1127 3217 s.
1156 3147 1421 3220 ,annuisses

193 3223 270 3270 ullae
291 3217 391 3287 Tomi!
402 3222 602 3284 suppositiones
620 3218 656 3274 D.
668 3220 683 3287 ll
696 3219 737 3272 ti.
754 3223 922 3288 triumphans
940 3221 977 3274 D.
995 3223 1009 3291 ΙΙ
1026 3225 1064 3273 ita
1083 3237 1132 3273 om.
1154 3221 1182 3274 O.
1201 3222 1214 3290 ll
1234 3219 1274 3272 lb.
1293 3223 1421 3270 uictorias

193 3293 261 3342 aunt
281 3288 384 3355 Tornli
402 3292 532 3344 hesterno
549 3289 640 3346 ABG.
658 3291 673 3360 ΙΙ
690 3287 730 3343 19.
750 3292 862 3359 Nasica]
888 3295 972 3358 scipio
997 3297 1092 3345 nasica
1114 3291 1150 3345 Ε.
1168 3293 1181 3362 ΙΙ
1199 3292 1238 3342 Ti.
1264 3291 1378 3342 Gracchi
1396 3291 1424 3338 et

194 3362 320 3427 Opimius
339 3362 366 3410 C.
384 3363 498 3414 Gracchi
517 3364 648 3414 factiones
668 3358 744 3414 Torr.
756 3360 770 3430 ΙΙ
781 3360 825 3415 20.
843 3365 1007 3415 trucidarent
1022 3378 1067 3430 pr.
1085 3361 1121 3415 E.

705 3470 919 3482 -——-

194 3522 268 3587 (Lin.
287 3520 401 3581 xxmi,
423 3517 466 3575 2l.
490 3514 583 3581 XXV,
601 3515 626 3573 ³.
646 3523 714 3573 Plut.
733 3523 817 3574 Marc.
839 3519 900 3585 13.).
944 3524 1034 3572 Causa
1052 3520 1141 3570 autem
1159 3515 1278 3586 negandi
1297 3517 1424 3581 triumphi

195 3595 275 3644 Liuio
294 3595 322 3645 et
340 3593 484 3643 Plutarcho
502 3595 657 3644 auctoribus
681 3595 740 3645 erat
763 3596 835 3655 quod
853 3593 932 3654 quasi
955 3593 1072 3640 nondum
1091 3590 1224 3638 debellato
1244 3588 1376 3638 exercitus
1394 3589 1423 3640 in

194 3665 336 3730 prouincia
357 3665 518 3723 mansisset,
542 3665 717 3716 necessarius
738 3665 825 3714 meriti
847 3663 1023 3726 immeritique
1048 3660 1173 3724 triumphi
1196 3660 1283 3710 testis.
1329 3659 1423 3724 Neque

196 3736 280 3786 etiam
297 3748 410 3800 possum
428 3735 491 3797 quin
509 3737 645 3786 assentiar
668 3736 724 3786 uiro
749 3749 853 3784 summo
873 3733 1020 3796 increpanti
1039 3731 1175 3781 Valeriam
1196 3732 1228 3781 dc
1247 3732 1377 3784 Marcello
1397 3734 1424 3784 et

195 3806 323 3871 Scipione
344 3808 482 3870 tamquam
507 3807 540 3856 de
564 3806 706 3857 iuuenibus
729 3807 859 3863 locutum,
885 3818 954 3868 quos
979 3805 1090 3853 senatus
1115 3799 1222 3854 iustiori
1242 3806 1423 3856 reseruandos

196 3881 308 3928 laureae
325 3878 491 3940 pntauisset,
516 3891 576 3927 cum
600 3881 692 3929 tamen
711 3878 855 3928 Marcellus
880 3877 934 3926 iam
959 3877 992 3924 de
1012 3873 1096 3924 Gallis
1120 3873 1314 3939 triumphasset
1338 3879 1365 3930 et
1382 3879 1424 3928 ter

196 3951 366 4000 comulatam
384 3949 552 4001 obtinuisset.
589 3950 670 4000 cuius
688 3950 783 4000 Gallici
802 3949 929 4013 triumphi
947 3948 1000 3997 iam
1014 3948 1075 3996 ante
1095 3961 1112 3994 a
1130 3947 1259 3998 Marcello
1278 3950 1332 4000 acti
1351 3953 1423 4000 certe

196 4035 252 4071 non
269 4021 391 4071 meminit
409 4021 509 4072 auctor.

269 4086 296 4142 b.
315 4091 354 4145 cl.
374 4089 441 4142 Plut.
461 4093 564 4158 qrraest
583 4091 659 4142 Rom.
679 4087 721 4143 80.

270 4159 359 4212 Moris
375 4166 423 4222 eat)
440 4161 486 4212 Sic
496 4165 566 4212 edidi
575 4163 691 4212 omnium
707 4163 831 4212 librorum
847 4163 874 4212 et
883 4161 987 4212 Paridis
1001 4175 1162 4212 consensum
1176 4163 1293 4214 secutus.
1329 4163 1423 4226 Itaque

195 4231 300 4286 Valerii
317 4234 454 4283 etiamtum
470 4234 637 4298 temporibus
653 4233 700 4283 ille
717 4245 777 4282 mos
794 4234 894 4302 uiguit,
915 4235 947 4283 ie
966 4249 1017 4300 quo
1036 4233 1089 4282 iam
1108 4232 1268 4286 Plutarchus
1286 4234 1424 4295 tamquam

198 4307 233 4356 tle
252 4305 378 4355 obsoleto
394 4305 490 4356 retulit.

271 4372 297 4426 l.
316 4376 356 4426 ct‘.
375 4377 428 4427 Cic.
447 4375 515 4427 Phil.
533 4375 616 4434 xnli,
636 4369 654 4425 3
673 4375 700 4425 ei
717 4371 743 4426 4.
761 4373 861 4426 Lucan.
882 4375 975 4424 Phara.
994 4374 1014 4432 Ι,
1037 4371 1077 4426 12.
1097 4375 1124 4424 et
1142 4373 1227 4424 schol.
1245 4369 1308 4419 ibid.

271 4443 312 4497 is
339 4445 486 4498 Gracchana
511 4452 537 4498 at
558 4448 576 4511 ’s
600 4445 632 4498 G.
656 4442 778 4498 Metellus
800 4443 899 4512 Opimi)
928 4447 1090 4502 Verborum,
1115 4457 1185 4506 quae
1216 4453 1293 4490 cruce
1324 4435 1423 4496 rrotaui,

198 4519 325 4583 quamuis
343 4519 558 4569 firmissimorum
577 4535 596 4568 a
613 4519 749 4568 codicibus
766 4518 971 4568 inemendabilis
992 4517 1047 4567 iero
1066 4515 1171 4565 uidetur
1192 4511 1321 4574 prauitas.
1358 4509 1425 4567 Quis

199 4590 335 4642 animilia
354 4590 385 4639 G.
404 4589 530 4640 Metabus
550 4593 597 4640 aut
618 4602 751 4652 quaenam
771 4588 869 4653 Opimii
888 4589 1033 4645 sactiones,
1056 4584 1127 4635 iliius
1147 4597 1231 4646 opera
1255 4579 1425 4642 oppressae?

197 4661 320 4728 Flag‘tat
337 4660 444 4726 quidem
462 4675 507 4711 res
526 4660 587 4725 ipsa
606 4675 640 4710 ea
658 4661 723 4718 iere,
743 4675 812 4726 quae
831 4661 866 4708 ab
880 4661 1024 4710 editoribus
1043 4658 1180 4718 hucusque
1191 4651 1263 4701 haud
1274 4651 1426 4706 reluctanter

197 4733 307 4802 prolata
324 4733 416 4794 erant,
441 4733 629 4799 neque-etiarn
646 4745 697 4782 noa
715 4728 851 4784 Valerium
871 4732 909 4780 ita
928 4733 962 4780 ab
981 4727 1093 4778 historia
1111 4723 1274 4776 discessisse
1293 4723 1426 4784 credimus

1195 4811 1236 4878 15
