3409 5400
255 432 322 498 550
567 420 718 488 VAFRE
739 416 874 487 oic‘rA
897 416 989 484 AVT
1010 412 1162 483 FACTA.

257 598 371 676 optant
391 586 607 673 modestoque
631 586 699 648 uoti
723 604 844 671 genere
869 579 1136 644 efficacissimum
1166 576 1303 645 ultionis
1339 584 1540 642 euentum

257 696 454 784 repperiunt.
499 693 658 758 Inutilitcr
682 693 769 755 enim
798 689 921 775 aliquid
951 686 1185 771 concupiscere
1213 696 1246 749 et
1277 689 1315 751 in
1352 708 1405 749 eo
1447 702 1539 768 per·

259 814 448 871 acueranter
471 800 604 873 morari,
627 799 724 861 exitio
748 819 789 860 ea
813 796 923 857 uicina
946 792 1084 856 dulcedo
1110 802 1169 856 est.

765 1022 974 1037 *-

575 1361 725 1427 visun
748 1360 880 1425 DICTA
903 1360 994 1425 AVT
1017 1360 1168 1428 Fctum.

200 1535 255 1607 ill.
352 1542 413 1609 Est
435 1541 524 1607 aliud
547 1542 707 1606 factorum
731 1540 956 1627 dictorumque
980 1560 1097 1627 genua,
1121 1564 1142 1604 a
1164 1543 1328 1625 sapientia
1344 1544 1559 1627 proximo⁵

264 1650 393 1717 deflexu
416 1647 459 1712 ad
482 1648 633 1711 uafritiae
658 1666 778 1709 nomen
794 1666 1025 1733 progressum3
1050 1646 1148 1732 quod,
1171 1648 1234 1710 nisi
1252 1646 1395 1712 fallacia
1412 1650 1528 1711 uir-es

265 1755 493 1841 adsumpserit,
510 1756 606 1817 tinem
622 1754 784 1837 propositi
799 1774 866 1815 non
881 1752 1013 1843 inuenit,
1029 1752 1226 1839 laudemque
1242 1754 1372 1816 occulto
1387 1755 1523 1843 magis

265 1863 391 1926 tramite
415 1881 513 1947 quam
537 1870 650 1944 aperta
671 1860 729 1923 nia
751 1860 838 1943 petit.

224 1966 256 2033 1.
356 1968 428 2032 Ser.
453 1964 556 2029 Tullio
579 1976 738 2053 regnante
762 1965 893 2028 cuidam
917 1965 1000 2050 patri
1026 1965 1168 2028 familiae
1196 1966 1230 2029 in
1260 1986 1344 2052 agro
1368 1966 1515 2031 Sabino

265 2074 465 2163 praecipuae
477 2072 711 2159 magnitudinis
728 2083 760 2134 et
774 2072 912 2134 eximiae
928 2072 1054 2135 formae
1071 2092 1175 2135 uacca
1192 2082 1267 2135 nata
1283 2082 1344 2134 est.
1385 2072 1512 2152 Quam
1527 2086 1557 2128 ra

268 2179 476 2246 oraculorum
499 2179 672 2242 certissimi
696 2188 847 2241 auctores
870 2178 904 2242 in
927 2174 1028 2240 hoca
1051 2178 1102 2241 dis
1119 2177 1347 2241 inmortalibus
1372 2178 1510 2244 editam

266 2286 522 2374 responderunt,
548 2296 581 2348 ut
604 2286 754 2371 quisquis
778 2305 852 2347 cam
882 2283 1096 2347 Auentinensi
1119 2276 1247 2347 Dianae
1276 2281 1510 2357 immolasset,
1610 2268 1614 2350 l

1612 1740 1614 1770 l

1612 1810 1614 1893 l

271 2446 296 2501 i.
316 2450 410 2513 optant
427 2444 613 2511 modestoque]
633 2443 662 2495 ia
680 2458 777 2495 resera
794 2442 826 2495 A.
838 2438 889 2511 113.
909 2460 942 2495 ca
961 2460 1009 2495 om.
1022 2441 1086 2499 EF.
1098 2441 1111 2510 ΙΙ
1123 2442 1148 2495 i.
1163 2440 1275 2493 Titurium
1288 2441 1356 2498 lanc
1368 2458 1420 2495 om.
1434 2442 1506 2497 Par.

268 2520 310 2570 De
330 2520 404 2570 uatra
423 2520 499 2568 dictis
518 2519 565 2565 urit
577 2518 654 2564 tactis
673 2512 784 2567 EYorr.
799 2514 811 2580 ΙΙ
827 2515 908 2577 AVT}
924 2530 957 2564 un
972 2513 1002 2565 Γ.
1017 2512 1029 2583 Η
1049 2512 1074 2567 5.
1095 2516 1213 2577 proxime
1231 2512 1262 2565 F.
1274 2511 1288 2577 ΙΙ
1300 2510 1325 2565 ii.
1338 2516 1454 2563 deflectu
1469 2513 1505 2566 C.

280 2588 409 2655 lluatriac
431 2585 464 2638 A.
486 2588 563 2637 uatre
589 2583 706 2638 CEFP.
733 2588 808 2637 uatcr
829 2584 868 2638 D.
894 2585 1015 2639 Correrit
1043 2583 1173 2653 Veratius.
1203 2582 1245 2649 (Υ.
1265 2584 1354 2636 sense.
1380 2600 1443 2651 epp.
1463 2582 1506 2635 ad

269 2655 356 2712 berit
375 2655 425 2712 49,
446 2656 471 2709 7.
489 2655 503 2724 ΙΙ
519 2656 544 2709 i.
564 2658 713 2721 adsumpsit
736 2654 769 2708 A.
792 2658 941 2722 assumpsit
966 2656 1023 2713 01¹.
1041 2657 1054 2724 ΙΙ
1071 2658 1150 2707 tidem
1168 2652 1429 2708 ACDEFrTorr.
1445 2653 1502 2722 119.

270 2729 334 2779 tullo
353 2727 388 2780 Ε.
400 2728 413 2796 ΙΙ
425 2729 553 2793 patriciae
571 2724 692 2779 AODF.
711 2730 857 2791 patricidae
875 2726 908 2779 E.
932 2725 966 2779 Vt
983 2743 1030 2782 aas
1048 2727 1126 2780 etiam
1145 2725 1208 2780 Pur.
1221 2725 1234 2794 ΙΙ
1249 2725 1289 2778 10.
1307 2727 1423 2793 formae]
1446 2730 1502 2779 i'or·

270 2800 388 2850 titudinis
406 2797 438 2851 F.
450 2797 463 2866 ΙΙ
478 2795 518 2850 12.
536 2799 712 2848 aucntioionsi
729 2795 809 2849 AcD
816 2799 842 2850 F
845 2798 871 2851 Γ
877 2798 953 2852 Torr.

344 2940 390 2989 lll.
408 2936 462 2989 nisi
470 2936 590 3003 fallacie
607 2938 679 2989 eires
697 2935 885 3006 adsumpserit.
904 2941 985 3010 finem
999 2940 1143 3009 propositi)
1171 2941 1325 2992 Perizonius
1350 2942 1498 3009 legendum

274 3025 338 3064 esse
357 3011 545 3074 suspicabatur
555 3007 698 3074 saltariae,
718 3009 862 3062 'i'orrenius
882 3028 899 3062 c
915 3012 1048 3078 fallacie,
1070 3015 1208 3078 utrumque
1226 3015 1348 3076 probum,
1367 3027 1498 3062 necessa·

273 3084 341 3135 rium
358 3085 489 3132 neutrum.
530 3079 613 3130 Sexto
637 3082 705 3130 errim
726 3097 791 3130 casu
810 3082 878 3133 haec
898 3085 1011 3134 eflicitur
1030 3085 1174 3140 sententia.
1201 3085 1262 3134 ‘nisi
1288 3099 1335 3145 per
1359 3083 1496 3133 fallaciam

275 3155 319 3206 uel
337 3153 457 3204 adhibita
475 3151 583 3201 fallacia
602 3153 673 3201 uires
692 3153 743 3201 sibi
762 3155 915 3217 perreuerit'.
947 3157 1027 3206 Recte
1047 3158 1135 3204 autom
1155 3155 1224 3204 idem
1235 3153 1388 3206 Perizonius
1400 3155 1493 3210 sensit,

275 3241 334 3277 cum
352 3241 402 3290 pro
421 3223 539 3274 codicum
564 3223 696 3286 scriptura
711 3220 794 3290 fidem
813 3226 957 3292 legendum
982 3241 1045 3276 esse
1070 3226 1170 3275 diceret
1185 3223 1275 3291 finem.
1311 3225 1416 3274 Etenim
1434 3241 1495 3288 pro-

273 3298 354 3362 positi
372 3297 414 3346 sui
434 3310 514 3358 quam
533 3296 612 3345 fldem
634 3297 734 3344 astutia
758 3297 803 3344 aut
828 3297 991 3361 quaesierint
1016 3299 1061 3346 aut
1084 3297 1231 3346 inuenerint
1254 3295 1299 3356 qut
1322 3301 1495 3345 recensentur

273 3369 327 3420 hoc
350 3369 437 3431 capita
461 3367 596 3423 homines,
621 3367 735 3416 antistes
758 3367 875 3424 Dianae,
907 3369 952 3428 qrri
976 3369 1087 3417 Romam
1112 3369 1184 3417 orbis
1207 3369 1337 3418 terrarum
1361 3367 1495 3416 dominam

275 3441 387 3490 reddere
405 3437 494 3488 auimo
512 3439 697 3502 proposuerat,
717 3441 763 3488 artt
782 3439 871 3488 lunius
890 3439 1002 3497 Brutus,
1022 3439 1067 3500 qui
1085 3441 1112 3486 ut
1132 3439 1273 3502 aliquando
1291 3437 1350 3500 ipse
1369 3439 1495 3504 regnaret

274 3510 386 3566 Romae.
404 3511 483 3559 matri
500 3512 589 3559 terrae
608 3509 729 3558 osculum
751 3510 901 3572 impressit,
926 3511 972 3558 urit
996 3510 1023 3560 P.
1044 3509 1185 3558 Cornelius
1204 3508 1307 3570 Scipio,
1331 3509 1376 3570 qui
1400 3508 1495 3558 callide

275 3582 334 3631 aine
355 3580 417 3630 ullis
441 3581 571 3642 impensis
589 3582 723 3629 trecentos
742 3582 846 3644 equites
866 3581 947 3632 armis
966 3581 1097 3638 instruxit,
1120 3580 1144 3628 id
1164 3579 1286 3645 equidem
1304 3579 1426 3642 proiecto
1444 3593 1496 3627 non

273 3651 411 3718 intellego.
447 3652 553 3700 Viribus
573 3665 641 3714 opus
660 3653 710 3707 est,
728 3653 757 3698 ut
775 3652 809 3699 ad
827 3652 907 3700 tinem
926 3651 1086 3715 perducatur
1103 3652 1284 3714 propositum,
1303 3663 1407 3714 eaeque
1426 3649 1496 3698 uires

276 3721 399 3770 uafritiae
427 3721 536 3770 tattacta
563 3721 641 3769 tribui
671 3722 799 3770 dicuntur.
847 3722 948 3771 Vereor
977 3725 1066 3772 autem
1101 3736 1134 3770 ne
1169 3723 1211 3786 qui
1245 3721 1326 3770 tacite
1350 3722 1497 3783 probarunt

274 3789 403 3838 librorum
421 3791 580 3852 scripturam
589 3786 682 3856 fidem,
705 3806 844 3854 perperam
863 3793 1003 3842 subdolam
1023 3793 1166 3848 rationem.
1191 3805 1245 3852 qua
1269 3791 1306 3840 illi
1330 3791 1496 3855 propositum

277 3858 312 3906 ad
330 3860 450 3920 optatum
468 3861 567 3909 exitum
586 3862 773 3921 perduxerunt,
793 3877 852 3910 cum
872 3863 931 3924 ipso
951 3863 1116 3914 confuderint
1134 3857 1280 3926 proposito.

350 3923 374 3977 1.
392 3928 431 3978 Ct.
448 3927 508 3977 Liu.
526 3930 547 3987 l,
566 3926 609 3980 45.
638 3931 705 3981 Piut.
724 3935 828 3993 qrirrest.
847 3933 922 3981 Rom.
941 3927 966 3981 4.

342 3993 567 4064 patrifamiliae)
593 3999 661 4049 Nolo
684 4001 789 4051 silentio
814 4003 958 4064 praeterire
983 4005 1161 4066 suspicionem
1187 4017 1276 4054 meam
1302 4003 1442 4068 archetypi
1460 4005 1498 4054 in·

276 4067 367 4133 eptam
385 4069 542 4131 scripturam
557 4067 693 4134 patriciae
703 4070 839 4136 familiae,
861 4073 935 4120 cuius
949 4075 1099 4124 emendatio
1119 4089 1206 4136 neque
1219 4090 1267 4137 per
1285 4087 1316 4123 sa
1335 4075 1417 4124 dubia
1435 4089 1497 4126 esse

276 4140 412 4206 potestat
436 4153 505 4189 nune
523 4139 581 4187 lulii
599 4139 703 4190 Paridis
727 4141 882 4206 compendio
906 4143 1092 4201 confirmatur,
1117 4149 1204 4194 ortam
1229 4159 1292 4194 csse
1316 4158 1332 4193 e
1355 4145 1498 4214 marginali

276 4213 430 4262 correctura
447 4209 579 4266 uocabuli,
599 4211 667 4273 quod
687 4213 766 4274 paulo
785 4215 847 4262 anto
860 4214 954 4264 uitiosa
973 4217 999 4276 in
1012 4231 1044 4266 eo
1058 4217 1152 4264 librum
1167 4209 1294 4279 scriptum
1308 4217 1365 4265 erat
1382 4214 1496 4282 eesrs'ee.

277 4281 491 4352 Significauarat‚
509 4281 537 4330 ni
546 4281 635 4330 omnia
648 4296 690 4330 me
704 4283 806 4341 tollunt,
820 4285 918 4350 antiqui
932 4287 1069 4337 cuiusdam
1083 4287 1198 4350 exempli
1214 4286 1355 4344 corrector,
1374 4288 1496 4348 ascriptis

277 4353 306 4404 ln
322 4354 445 4422 margine
463 4353 557 4403 littaris
575 4349 643 4404 ciac,
662 4350 808 4417 eusticius,
832 4369 885 4404 non
906 4354 1012 4421 nesciae
1035 4357 1177 4426 legendum
1201 4371 1278 4418 csse,
1302 4371 1371 4423 quac
1396 4358 1496 4409 litterae

277 4425 375 4486 postea
391 4426 464 4475 male
481 4424 568 4475 alieno
586 4423 718 4473 uocabulo
736 4425 924 4477 adhaeserunt.

348 4492 518 4547 decubuerat
527 4492 644 4555 Dianae)
661 4493 705 4544 ste
718 4497 859 4547 emendant
872 4497 998 4549 librorum
1011 4499 1250 4563 manuscriptorum
1263 4499 1290 4548 et
1307 4500 1495 4562 impresseram

278 4562 391 4615 {ormam
409 4563 602 4624 damasiani.
626 4565 751 4631 quoniam
774 4581 834 4618 curn
859 4569 1073 4633 inscriptionibus
1097 4571 1252 4622 constanter
1275 4565 1421 4638 litterami
1438 4573 1495 4622 ante

279 4633 471 4688 relidentibus
491 4636 623 4689 consentit
640 4636 744 4688 Paridis
768 4641 853 4690 codex
871 4640 1017 4691 Vaticanus
1040 4641 1068 4690 in
1090 4641 1170 4692 buius
1194 4635 1310 4706 exempti·
1333 4641 1494 4706 compendio.
