<?xml version="1.0" encoding="UTF-8"?>
<!DOCTYPE html PUBLIC "-//W3C//DTD XHTML 1.0 Transitional//EN"
    "http://www.w3.org/TR/xhtml1/DTD/xhtml1-transitional.dtd">
<html xmlns="http://www.w3.org/1999/xhtml" xml:lang="en" lang="en">
 <head>
  <title>
</title>
<meta http-equiv="Content-Type" content="text/html;charset=utf-8" />
  <meta name='ocr-system' content='tesseract 3.04.00' />
  <meta name='ocr-capabilities' content='ocr_page ocr_carea ocr_par ocr_line ocrx_word'/>
</head>
<body>
  <div class='ocr_page' id='page_1' title='image "./valerimaximifac00parigoog_0733.png"; bbox 0 0 3409 5400; ppageno 0'>
   <div class='ocr_carea' id='block_1_1' title="bbox 347 457 1462 535">
    <p class='ocr_par' dir='ltr' id='par_1_1' title="bbox 347 457 1462 535">
     <span class='ocr_line' id='line_1_1' title="bbox 347 457 1462 535; baseline 0.005 -7"><span class='ocrx_word' id='word_1_1' title='bbox 347 463 411 529; x_wconf 81' lang='grc'><strong>718</strong></span> <span class='ocrx_word' id='word_1_2' title='bbox 495 460 627 528; x_wconf 80' lang='lat' dir='ltr'>DICTA</span> <span class='ocrx_word' id='word_1_3' title='bbox 649 459 847 528; x_wconf 86' lang='lat' dir='ltr'><strong>INPROBA</strong></span> <span class='ocrx_word' id='word_1_4' title='bbox 868 457 962 528; x_wconf 78' lang='lat' dir='ltr'><strong>Avi</strong></span> <span class='ocrx_word' id='word_1_5' title='bbox 983 459 1130 526; x_wconf 82' lang='lat' dir='ltr'>FACTA</span> <span class='ocrx_word' id='word_1_6' title='bbox 1151 463 1462 535; x_wconf 77' lang='lat' dir='ltr'>SCELERATA.</span> 
     </span>
    </p>
   </div>
   <div class='ocr_carea' id='block_1_2' title="bbox 214 620 1597 2208">
    <p class='ocr_par' dir='ltr' id='par_1_2' title="bbox 214 620 1597 2208">
     <span class='ocr_line' id='line_1_2' title="bbox 346 620 1589 710; baseline -0.002 -24"><span class='ocrx_word' id='word_1_7' title='bbox 346 622 452 703; x_wconf 86' lang='lat' dir='ltr'><strong>Quem</strong></span> <span class='ocrx_word' id='word_1_8' title='bbox 475 623 628 688; x_wconf 87' lang='lat' dir='ltr'><strong>latentem</strong></span> <span class='ocrx_word' id='word_1_9' title='bbox 652 645 733 688; x_wconf 86' lang='lat' dir='ltr'><strong>uxor</strong></span> <span class='ocrx_word' id='word_1_10' title='bbox 749 620 1020 698; x_wconf 85' lang='lat' dir='ltr'><strong>interficiendum,</strong></span> <span class='ocrx_word' id='word_1_11' title='bbox 1045 623 1124 710; x_wconf 92' lang='lat' dir='ltr'><strong>quid</strong></span> <span class='ocrx_word' id='word_1_12' title='bbox 1148 623 1279 700; x_wconf 91' lang='lat' dir='ltr'><strong>dicam,</strong></span> <span class='ocrx_word' id='word_1_13' title='bbox 1309 627 1462 692; x_wconf 78' lang='lat' dir='ltr'><strong>tradidit</strong></span> <span class='ocrx_word' id='word_1_14' title='bbox 1476 629 1589 708; x_wconf 47' lang='grc' dir='ltr'><strong>κύρω</strong></span> 
     </span>
     <span class='ocr_line' id='line_1_3' title="bbox 344 728 1587 818; baseline 0.001 -24"><span class='ocrx_word' id='word_1_15' title='bbox 344 728 528 818; x_wconf 76' lang='lat' dir='ltr'><strong>iugulauit‘?</strong></span> <span class='ocrx_word' id='word_1_16' title='bbox 564 731 695 813; x_wconf 82' lang='lat' dir='ltr'><strong>Quanto</strong></span> <span class='ocrx_word' id='word_1_17' title='bbox 719 733 806 796; x_wconf 85' lang='lat' dir='ltr'><strong>enirn</strong></span> <span class='ocrx_word' id='word_1_18' title='bbox 829 729 935 795; x_wconf 90' lang='lat' dir='ltr'><strong>leuius</strong></span> <span class='ocrx_word' id='word_1_19' title='bbox 959 740 1010 794; x_wconf 84' lang='lat' dir='ltr'><strong>est</strong></span> <span class='ocrx_word' id='word_1_20' title='bbox 1032 729 1154 804; x_wconf 88' lang='lat' dir='ltr'><strong>scelus,</strong></span> <span class='ocrx_word' id='word_1_21' title='bbox 1179 732 1234 793; x_wconf 93' lang='lat' dir='ltr'><strong>cui</strong></span> <span class='ocrx_word' id='word_1_22' title='bbox 1262 733 1587 798; x_wconf 67' lang='lat' dir='ltr'><strong>tantummodum</strong></span> 
     </span>
     <span class='ocr_line' id='line_1_4' title="bbox 347 835 550 902; baseline -0.015 -1"><span class='ocrx_word' id='word_1_23' title='bbox 347 860 408 902; x_wconf 86' lang='lat' dir='ltr'><strong>nus</strong></span> <span class='ocrx_word' id='word_1_24' title='bbox 433 835 550 902; x_wconf 80' lang='lat' dir='ltr'><strong>ahest‘i</strong></span> 
     </span>
     <span class='ocr_line' id='line_1_5' title="bbox 214 940 1562 1031; baseline 0.001 -25"><span class='ocrx_word' id='word_1_25' title='bbox 214 940 284 1009; x_wconf 58' lang='lat' dir='ltr'><strong>Exti</strong></span> <span class='ocrx_word' id='word_1_26' title='bbox 306 943 337 1010; x_wconf 91' lang='grc'><strong>1.</strong></span> <span class='ocrx_word' id='word_1_27' title='bbox 435 943 517 1010; x_wconf 89' lang='lat' dir='ltr'><strong>lllud</strong></span> <span class='ocrx_word' id='word_1_28' title='bbox 542 955 650 1008; x_wconf 90' lang='lat' dir='ltr'><strong>autem</strong></span> <span class='ocrx_word' id='word_1_29' title='bbox 673 945 813 1017; x_wconf 86' lang='lat' dir='ltr'><strong>facinus,</strong></span> <span class='ocrx_word' id='word_1_30' title='bbox 838 943 918 1029; x_wconf 87' lang='lat' dir='ltr'><strong>quia</strong></span> <span class='ocrx_word' id='word_1_31' title='bbox 933 953 1100 1006; x_wconf 83' lang='lat' dir='ltr'><strong>externum</strong></span> <span class='ocrx_word' id='word_1_32' title='bbox 1118 955 1179 1010; x_wconf 86' lang='lat' dir='ltr'><strong>cst,</strong></span> <span class='ocrx_word' id='word_1_33' title='bbox 1206 945 1460 1031; x_wconf 85' lang='lat' dir='ltr'><strong>tranquilliore</strong></span> <span class='ocrx_word' id='word_1_34' title='bbox 1476 947 1562 1010; x_wconf 68' lang='lat' dir='ltr'><strong>adia*¹</strong></span> 
     </span>
     <span class='ocr_line' id='line_1_6' title="bbox 348 1051 1578 1138; baseline -0.002 -22"><span class='ocrx_word' id='word_1_35' title='bbox 348 1051 540 1118; x_wconf 80' lang='lat' dir='ltr'><strong>narrabitur.</strong></span> <span class='ocrx_word' id='word_1_36' title='bbox 593 1051 749 1135; x_wconf 81' lang='lat' dir='ltr'><strong>Scipione</strong></span> <span class='ocrx_word' id='word_1_37' title='bbox 772 1051 932 1116; x_wconf 78' lang='lat' dir='ltr'><strong>Africano</strong></span> <span class='ocrx_word' id='word_1_38' title='bbox 962 1051 1065 1137; x_wconf 90' lang='lat' dir='ltr'><strong>patris</strong></span> <span class='ocrx_word' id='word_1_39' title='bbox 1095 1064 1127 1115; x_wconf 89' lang='lat' dir='ltr'><strong>et</strong></span> <span class='ocrx_word' id='word_1_40' title='bbox 1157 1052 1269 1138; x_wconf 89' lang='lat' dir='ltr'><strong>patrui</strong></span> <span class='ocrx_word' id='word_1_41' title='bbox 1295 1058 1510 1120; x_wconf 75' lang='lat' dir='ltr'><strong>memoriam</strong></span> <span class='ocrx_word' id='word_1_42' title='bbox 1530 1054 1578 1138; x_wconf 65' lang='lat' dir='ltr'><strong>gli·</strong></span> 
     </span>
     <span class='ocr_line' id='line_1_7' title="bbox 348 1153 1573 1246; baseline -0.001 -25"><span class='ocrx_word' id='word_1_43' title='bbox 348 1159 485 1222; x_wconf 89' lang='lat' dir='ltr'><strong>distorio</strong></span> <span class='ocrx_word' id='word_1_44' title='bbox 509 1179 643 1223; x_wconf 87' lang='lat' dir='ltr'><strong>munere</strong></span> <span class='ocrx_word' id='word_1_45' title='bbox 662 1153 866 1244; x_wconf 76' lang='lat' dir='ltr'><strong>Karthagine</strong></span> <span class='ocrx_word' id='word_1_46' title='bbox 883 1157 982 1222; x_wconf 89' lang='lat' dir='ltr'><strong>Noua</strong></span> <span class='ocrx_word' id='word_1_47' title='bbox 1000 1157 1186 1222; x_wconf 81' lang='lat' dir='ltr'><strong>celebrante</strong></span> <span class='ocrx_word' id='word_1_48' title='bbox 1206 1158 1277 1221; x_wconf 81' lang='lat' dir='ltr'><strong>(luo</strong></span> <span class='ocrx_word' id='word_1_49' title='bbox 1297 1162 1404 1246; x_wconf 83' lang='lat' dir='ltr'><strong>regis</strong></span> <span class='ocrx_word' id='word_1_50' title='bbox 1427 1161 1488 1224; x_wconf 87' lang='lat' dir='ltr'><strong>tilii</strong></span> <span class='ocrx_word' id='word_1_51' title='bbox 1503 1181 1573 1241; x_wconf 70' lang='lat' dir='ltr'><strong>nup·</strong></span> 
     </span>
     <span class='ocr_line' id='line_1_8' title="bbox 348 1261 1576 1352; baseline -0.004 -24"><span class='ocrx_word' id='word_1_52' title='bbox 348 1277 438 1351; x_wconf 86' lang='lat' dir='ltr'><strong>patre</strong></span> <span class='ocrx_word' id='word_1_53' title='bbox 462 1277 590 1328; x_wconf 90' lang='lat' dir='ltr'><strong>mortuo</strong></span> <span class='ocrx_word' id='word_1_54' title='bbox 619 1265 653 1328; x_wconf 93' lang='lat' dir='ltr'><strong>in</strong></span> <span class='ocrx_word' id='word_1_55' title='bbox 682 1261 841 1328; x_wconf 85' lang='lat' dir='ltr'><strong>harenam</strong></span> <span class='ocrx_word' id='word_1_56' title='bbox 871 1275 1104 1348; x_wconf 88' lang='lat' dir='ltr'><strong>processerunt</strong></span> <span class='ocrx_word' id='word_1_57' title='bbox 1130 1263 1346 1352; x_wconf 84' lang='lat' dir='ltr'><strong>pollicitique</strong></span> <span class='ocrx_word' id='word_1_58' title='bbox 1379 1283 1467 1331; x_wconf 89' lang='lat' dir='ltr'><strong>sunt</strong></span> <span class='ocrx_word' id='word_1_59' title='bbox 1495 1268 1532 1328; x_wconf 82' lang='lat' dir='ltr'><strong>iii</strong></span> <span class='ocrx_word' id='word_1_60' title='bbox 1552 1285 1576 1310; x_wconf 55' lang='lat'><strong>..-</strong></span> 
     </span>
     <span class='ocr_line' id='line_1_9' title="bbox 348 1369 1573 1460; baseline -0.005 -25"><span class='ocrx_word' id='word_1_61' title='bbox 348 1372 389 1435; x_wconf 89' lang='lat' dir='ltr'><strong>de</strong></span> <span class='ocrx_word' id='word_1_62' title='bbox 401 1392 504 1458; x_wconf 85' lang='lat' dir='ltr'><strong>regno</strong></span> <span class='ocrx_word' id='word_1_63' title='bbox 517 1370 745 1458; x_wconf 83' lang='lat' dir='ltr'><strong>proeliaturus.</strong></span> <span class='ocrx_word' id='word_1_64' title='bbox 764 1389 829 1455; x_wconf 91' lang='lat' dir='ltr'><strong>quo</strong></span> <span class='ocrx_word' id='word_1_65' title='bbox 848 1369 1072 1454; x_wconf 83' lang='lat' dir='ltr'><strong>spectaculum</strong></span> <span class='ocrx_word' id='word_1_66' title='bbox 1090 1369 1171 1434; x_wconf 92' lang='lat' dir='ltr'><strong>illud</strong></span> <span class='ocrx_word' id='word_1_67' title='bbox 1192 1370 1381 1436; x_wconf 82' lang='lat' dir='ltr'><strong>inlustrius</strong></span> <span class='ocrx_word' id='word_1_68' title='bbox 1405 1395 1520 1460; x_wconf 81' lang='lat' dir='ltr'><strong>pugna</strong></span> <span class='ocrx_word' id='word_1_69' title='bbox 1536 1392 1573 1432; x_wconf 57' lang='lat' dir='ltr'><strong>&gt;s</strong></span> 
     </span>
     <span class='ocr_line' id='line_1_10' title="bbox 348 1475 1577 1562; baseline -0.005 -20"><span class='ocrx_word' id='word_1_70' title='bbox 348 1479 503 1542; x_wconf 81' lang='lat' dir='ltr'><strong>facerent.</strong></span> <span class='ocrx_word' id='word_1_71' title='bbox 548 1477 616 1540; x_wconf 87' lang='lat' dir='ltr'><strong>Eos</strong></span> <span class='ocrx_word' id='word_1_72' title='bbox 640 1495 713 1540; x_wconf 83' lang='lat' dir='ltr'><strong>cuin</strong></span> <span class='ocrx_word' id='word_1_73' title='bbox 730 1475 844 1560; x_wconf 86' lang='lat' dir='ltr'><strong>Scipio</strong></span> <span class='ocrx_word' id='word_1_74' title='bbox 867 1477 1053 1540; x_wconf 84' lang='lat' dir='ltr'><strong>monuisset</strong></span> <span class='ocrx_word' id='word_1_75' title='bbox 1077 1486 1111 1539; x_wconf 91' lang='lat' dir='ltr'><strong>ut</strong></span> <span class='ocrx_word' id='word_1_76' title='bbox 1132 1475 1246 1540; x_wconf 89' lang='lat' dir='ltr'><strong>uerbis</strong></span> <span class='ocrx_word' id='word_1_77' title='bbox 1264 1500 1379 1562; x_wconf 89' lang='lat' dir='ltr'><strong>quam</strong></span> <span class='ocrx_word' id='word_1_78' title='bbox 1404 1481 1498 1544; x_wconf 87' lang='lat' dir='ltr'><strong>serro</strong></span> <span class='ocrx_word' id='word_1_79' title='bbox 1519 1480 1577 1537; x_wconf 62' lang='lat' dir='ltr'><strong>iii.-</strong></span> 
     </span>
     <span class='ocr_line' id='line_1_11' title="bbox 349 1581 1594 1668; baseline -0.003 -20"><span class='ocrx_word' id='word_1_80' title='bbox 349 1583 459 1650; x_wconf 87' lang='lat' dir='ltr'><strong>dicare</strong></span> <span class='ocrx_word' id='word_1_81' title='bbox 484 1583 615 1648; x_wconf 89' lang='lat' dir='ltr'><strong>mallent</strong></span> <span class='ocrx_word' id='word_1_82' title='bbox 638 1595 707 1646; x_wconf 90' lang='lat' dir='ltr'><strong>uter</strong></span> <span class='ocrx_word' id='word_1_83' title='bbox 730 1601 871 1668; x_wconf 85' lang='lat' dir='ltr'><strong>regnare</strong></span> <span class='ocrx_word' id='word_1_84' title='bbox 895 1581 1039 1655; x_wconf 81' lang='lat' dir='ltr'><strong>deberet,</strong></span> <span class='ocrx_word' id='word_1_85' title='bbox 1064 1605 1104 1646; x_wconf 86' lang='lat' dir='ltr'><strong>ac</strong></span> <span class='ocrx_word' id='word_1_86' title='bbox 1126 1582 1194 1646; x_wconf 87' lang='lat' dir='ltr'><strong>iarn</strong></span> <span class='ocrx_word' id='word_1_87' title='bbox 1211 1584 1325 1647; x_wconf 89' lang='lat' dir='ltr'><strong>maior</strong></span> <span class='ocrx_word' id='word_1_88' title='bbox 1354 1599 1445 1650; x_wconf 89' lang='lat' dir='ltr'><strong>natu</strong></span> <span class='ocrx_word' id='word_1_89' title='bbox 1464 1584 1561 1648; x_wconf 68' lang='lat' dir='ltr'><strong>cons-ii</strong></span> <span class='ocrx_word' id='word_1_90' title='bbox 1593 1594 1594 1607; x_wconf 64' lang='lat'>¹</span> 
     </span>
     <span class='ocr_line' id='line_1_12' title="bbox 349 1688 1597 1776; baseline 0 -22"><span class='ocrx_word' id='word_1_91' title='bbox 349 1692 420 1755; x_wconf 86' lang='lat' dir='ltr'><strong>eius</strong></span> <span class='ocrx_word' id='word_1_92' title='bbox 444 1690 691 1776; x_wconf 84' lang='lat' dir='ltr'><strong>obtemperaret,</strong></span> <span class='ocrx_word' id='word_1_93' title='bbox 714 1689 821 1752; x_wconf 81' lang='lat' dir='ltr'><strong>uiinor</strong></span> <span class='ocrx_word' id='word_1_94' title='bbox 844 1689 993 1773; x_wconf 89' lang='lat' dir='ltr'><strong>corporis</strong></span> <span class='ocrx_word' id='word_1_95' title='bbox 1016 1688 1142 1753; x_wconf 87' lang='lat' dir='ltr'><strong>uiribus</strong></span> <span class='ocrx_word' id='word_1_96' title='bbox 1157 1688 1264 1753; x_wconf 83' lang='lat' dir='ltr'><strong>fretus</strong></span> <span class='ocrx_word' id='word_1_97' title='bbox 1290 1692 1326 1754; x_wconf 92' lang='lat' dir='ltr'><strong>in</strong></span> <span class='ocrx_word' id='word_1_98' title='bbox 1346 1694 1505 1756; x_wconf 86' lang='lat' dir='ltr'><strong>amentia</strong></span> <span class='ocrx_word' id='word_1_99' title='bbox 1523 1711 1597 1775; x_wconf 57' lang='lat' dir='ltr'><strong>per,</strong></span> 
     </span>
     <span class='ocr_line' id='line_1_13' title="bbox 305 1795 1567 1881; baseline 0.002 -25"><span class='ocrx_word' id='word_1_100' title='bbox 305 1797 429 1860; x_wconf 65' lang='lat' dir='ltr'><strong>estitit</strong></span> <span class='ocrx_word' id='word_1_101' title='bbox 456 1797 601 1880; x_wconf 90' lang='lat' dir='ltr'><strong>initoque</strong></span> <span class='ocrx_word' id='word_1_102' title='bbox 638 1795 815 1858; x_wconf 88' lang='lat' dir='ltr'><strong>certamine</strong></span> <span class='ocrx_word' id='word_1_103' title='bbox 850 1797 1045 1881; x_wconf 88' lang='lat' dir='ltr'><strong>pertinacior</strong></span> <span class='ocrx_word' id='word_1_104' title='bbox 1082 1795 1236 1880; x_wconf 83' lang='lat' dir='ltr'><strong>impietas</strong></span> <span class='ocrx_word' id='word_1_105' title='bbox 1272 1798 1445 1862; x_wconf 82' lang='lat' dir='ltr'><strong>fortunae</strong></span> <span class='ocrx_word' id='word_1_106' title='bbox 1480 1797 1567 1862; x_wconf 62' lang='lat' dir='ltr'><strong>iudici²</strong></span> 
     </span>
     <span class='ocr_line' id='line_1_14' title="bbox 348 1890 1597 1987; baseline -0.011 -21"><span class='ocrx_word' id='word_1_107' title='bbox 348 1914 452 1966; x_wconf 89' lang='lat' dir='ltr'><strong>morte</strong></span> <span class='ocrx_word' id='word_1_108' title='bbox 475 1901 610 1965; x_wconf 88' lang='lat' dir='ltr'><strong>multata</strong></span> <span class='ocrx_word' id='word_1_109' title='bbox 633 1910 691 1966; x_wconf 89' lang='lat' dir='ltr'><strong>est.</strong></span> <span class='ocrx_word' id='word_1_110' title='bbox 1591 1890 1597 1987; x_wconf 68' lang='lat' dir='ltr'><strong>i</strong></span> 
     </span>
     <span class='ocr_line' id='line_1_15' title="bbox 306 1992 1593 2095; baseline -0.001 -24"><span class='ocrx_word' id='word_1_111' title='bbox 306 2005 337 2072; x_wconf 79' lang='lat'><strong>2.</strong></span> <span class='ocrx_word' id='word_1_112' title='bbox 438 2005 621 2072; x_wconf 85' lang='lat' dir='ltr'><strong>Mitridates</strong></span> <span class='ocrx_word' id='word_1_113' title='bbox 644 2017 753 2072; x_wconf 76' lang='lat' dir='ltr'><strong>alitem</strong></span> <span class='ocrx_word' id='word_1_114' title='bbox 776 2007 877 2072; x_wconf 90' lang='lat' dir='ltr'><strong>multo</strong></span> <span class='ocrx_word' id='word_1_115' title='bbox 900 2008 1111 2084; x_wconf 79' lang='lat' dir='ltr'><strong>sceleratius,</strong></span> <span class='ocrx_word' id='word_1_116' title='bbox 1139 2009 1195 2095; x_wconf 87' lang='lat' dir='ltr'><strong>qui</strong></span> <span class='ocrx_word' id='word_1_117' title='bbox 1223 2030 1294 2074; x_wconf 91' lang='lat' dir='ltr'><strong>non</strong></span> <span class='ocrx_word' id='word_1_118' title='bbox 1319 2032 1405 2076; x_wconf 89' lang='lat' dir='ltr'><strong>eum</strong></span> <span class='ocrx_word' id='word_1_119' title='bbox 1432 2012 1530 2076; x_wconf 86' lang='lat' dir='ltr'><strong>fratre</strong></span> <span class='ocrx_word' id='word_1_120' title='bbox 1547 1992 1593 2070; x_wconf 48' lang='lat' dir='ltr'><strong>cs</strong></span> 
     </span>
     <span class='ocr_line' id='line_1_16' title="bbox 349 2056 1597 2208; baseline 0.002 -28"><span class='ocrx_word' id='word_1_121' title='bbox 349 2125 485 2202; x_wconf 85' lang='lat' dir='ltr'><strong>paterno</strong></span> <span class='ocrx_word' id='word_1_122' title='bbox 509 2135 624 2203; x_wconf 87' lang='lat' dir='ltr'><strong>regno,</strong></span> <span class='ocrx_word' id='word_1_123' title='bbox 647 2113 706 2179; x_wconf 86' lang='lat' dir='ltr'><strong>sed</strong></span> <span class='ocrx_word' id='word_1_124' title='bbox 730 2136 804 2179; x_wconf 91' lang='lat' dir='ltr'><strong>cum</strong></span> <span class='ocrx_word' id='word_1_125' title='bbox 821 2116 896 2200; x_wconf 89' lang='lat' dir='ltr'><strong>ipso</strong></span> <span class='ocrx_word' id='word_1_126' title='bbox 913 2125 1005 2200; x_wconf 86' lang='lat' dir='ltr'><strong>patre</strong></span> <span class='ocrx_word' id='word_1_127' title='bbox 1019 2115 1140 2180; x_wconf 91' lang='lat' dir='ltr'><strong>bellum</strong></span> <span class='ocrx_word' id='word_1_128' title='bbox 1156 2115 1198 2180; x_wconf 87' lang='lat' dir='ltr'><strong>de</strong></span> <span class='ocrx_word' id='word_1_129' title='bbox 1215 2114 1463 2184; x_wconf 86' lang='lat' dir='ltr'><strong>dominatione</strong></span> <span class='ocrx_word' id='word_1_130' title='bbox 1485 2140 1559 2208; x_wconf 76' lang='lat' dir='ltr'><strong>gesa</strong></span> <span class='ocrx_word' id='word_1_131' title='bbox 1593 2056 1597 2152; x_wconf 77' lang='lat' dir='ltr'><strong>l</strong></span> 
     </span>
    </p>
   </div>
   <div class='ocr_carea' id='block_1_3' title="bbox 350 2411 1573 2769">
    <p class='ocr_par' dir='ltr' id='par_1_3' title="bbox 350 2411 1573 2769">
     <span class='ocr_line' id='line_1_17' title="bbox 350 2411 1573 2488; baseline -0.006 -16"><span class='ocrx_word' id='word_1_132' title='bbox 350 2417 376 2472; x_wconf 62' lang='grc' dir='ltr'><strong>ἲ.</strong></span> <span class='ocrx_word' id='word_1_133' title='bbox 396 2421 482 2471; x_wconf 89' lang='lat' dir='ltr'><strong>minus</strong></span> <span class='ocrx_word' id='word_1_134' title='bbox 497 2431 542 2488; x_wconf 86' lang='lat' dir='ltr'><strong>pr.</strong></span> <span class='ocrx_word' id='word_1_135' title='bbox 561 2416 592 2470; x_wconf 80' lang='lat' dir='ltr'><strong>A.</strong></span> <span class='ocrx_word' id='word_1_136' title='bbox 611 2413 624 2486; x_wconf 75' lang='lat' dir='ltr'><strong>li</strong></span> <span class='ocrx_word' id='word_1_137' title='bbox 644 2411 669 2468; x_wconf 84' lang='lat' dir='ltr'><strong>l.</strong></span> <span class='ocrx_word' id='word_1_138' title='bbox 695 2419 737 2466; x_wconf 86' lang='lat' dir='ltr'><strong>est</strong></span> <span class='ocrx_word' id='word_1_139' title='bbox 760 2431 809 2469; x_wconf 82' lang='lat' dir='ltr'><strong>ora.</strong></span> <span class='ocrx_word' id='word_1_140' title='bbox 830 2412 908 2468; x_wconf 77' lang='lat' dir='ltr'><strong>Tor-r.</strong></span> <span class='ocrx_word' id='word_1_141' title='bbox 927 2411 942 2488; x_wconf 73' lang='grc' dir='ltr'><strong>ΙΙ</strong></span> <span class='ocrx_word' id='word_1_142' title='bbox 959 2418 1167 2482; x_wconf 82' lang='lat' dir='ltr'><strong>tranquilliorem</strong></span> <span class='ocrx_word' id='word_1_143' title='bbox 1186 2431 1232 2484; x_wconf 83' lang='lat' dir='ltr'><strong>pr.</strong></span> <span class='ocrx_word' id='word_1_144' title='bbox 1257 2414 1289 2470; x_wconf 77' lang='lat' dir='ltr'><strong>A.</strong></span> <span class='ocrx_word' id='word_1_145' title='bbox 1307 2417 1324 2487; x_wconf 77' lang='lat' dir='ltr'><strong>ii</strong></span> <span class='ocrx_word' id='word_1_146' title='bbox 1340 2415 1370 2472; x_wconf 85' lang='lat' dir='ltr'><strong>ii.</strong></span> <span class='ocrx_word' id='word_1_147' title='bbox 1398 2423 1429 2472; x_wconf 87' lang='lat' dir='ltr'><strong>iu</strong></span> <span class='ocrx_word' id='word_1_148' title='bbox 1455 2423 1573 2488; x_wconf 49' lang='lat' dir='ltr'><strong>ism-ge</strong></span> 
     </span>
     <span class='ocr_line' id='line_1_18' title="bbox 350 2485 1572 2559; baseline -0.005 -15"><span class='ocrx_word' id='word_1_149' title='bbox 350 2489 378 2544; x_wconf 78' lang='lat' dir='ltr'><em>B</em></span> <span class='ocrx_word' id='word_1_150' title='bbox 397 2495 423 2542; x_wconf 83' lang='lat' dir='ltr'><strong>at</strong></span> <span class='ocrx_word' id='word_1_151' title='bbox 440 2505 510 2542; x_wconf 84' lang='lat' dir='ltr'><strong>corr.</strong></span> <span class='ocrx_word' id='word_1_152' title='bbox 528 2486 564 2542; x_wconf 89' lang='lat' dir='ltr'><strong>D.</strong></span> <span class='ocrx_word' id='word_1_153' title='bbox 580 2487 592 2556; x_wconf 85' lang='grc' dir='ltr'><strong>ΙΙ</strong></span> <span class='ocrx_word' id='word_1_154' title='bbox 607 2489 675 2559; x_wconf 78' lang='lat' dir='ltr'><strong>regii</strong></span> <span class='ocrx_word' id='word_1_155' title='bbox 695 2485 771 2539; x_wconf 78' lang='lat' dir='ltr'><strong>lbrr.</strong></span> <span class='ocrx_word' id='word_1_156' title='bbox 787 2485 799 2556; x_wconf 83' lang='grc' dir='ltr'><strong>ΙΙ</strong></span> <span class='ocrx_word' id='word_1_157' title='bbox 820 2485 845 2540; x_wconf 86' lang='grc'><strong>7.</strong></span> <span class='ocrx_word' id='word_1_158' title='bbox 864 2502 976 2538; x_wconf 87' lang='lat' dir='ltr'><strong>arenam</strong></span> <span class='ocrx_word' id='word_1_159' title='bbox 996 2485 1074 2540; x_wconf 81' lang='lat' dir='ltr'><strong>Torr.</strong></span> <span class='ocrx_word' id='word_1_160' title='bbox 1089 2486 1105 2554; x_wconf 82' lang='grc' dir='ltr'><strong>ΙΙ</strong></span> <span class='ocrx_word' id='word_1_161' title='bbox 1120 2485 1146 2541; x_wconf 85' lang='grc'><strong>8.</strong></span> <span class='ocrx_word' id='word_1_162' title='bbox 1165 2489 1339 2552; x_wconf 77' lang='lat' dir='ltr'><strong>pacisculum</strong></span> <span class='ocrx_word' id='word_1_163' title='bbox 1354 2507 1409 2558; x_wconf 78' lang='lat' dir='ltr'><strong>pr,</strong></span> <span class='ocrx_word' id='word_1_164' title='bbox 1430 2491 1468 2544; x_wconf 72' lang='grc' dir='ltr'><strong>Δ.</strong></span> <span class='ocrx_word' id='word_1_165' title='bbox 1483 2493 1498 2558; x_wconf 74' lang='lat' dir='ltr'><strong>i}</strong></span> <span class='ocrx_word' id='word_1_166' title='bbox 1512 2492 1534 2544; x_wconf 59' lang='lat' dir='ltr'><strong>a</strong></span> <span class='ocrx_word' id='word_1_167' title='bbox 1547 2494 1572 2538; x_wconf 61' lang='lat' dir='ltr'><strong>tr</strong></span> 
     </span>
     <span class='ocr_line' id='line_1_19' title="bbox 352 2555 1568 2630; baseline -0.002 -18"><span class='ocrx_word' id='word_1_168' title='bbox 352 2566 424 2613; x_wconf 86' lang='lat' dir='ltr'><strong>corsi</strong></span> <span class='ocrx_word' id='word_1_169' title='bbox 437 2560 464 2616; x_wconf 81' lang='grc' dir='ltr'><strong>Γ.</strong></span> <span class='ocrx_word' id='word_1_170' title='bbox 475 2561 489 2629; x_wconf 80' lang='grc' dir='ltr'><strong>ΙΙ</strong></span> <span class='ocrx_word' id='word_1_171' title='bbox 502 2561 637 2612; x_wconf 79' lang='lat' dir='ltr'><strong>diiudicari</strong></span> <span class='ocrx_word' id='word_1_172' title='bbox 648 2556 677 2611; x_wconf 88' lang='lat' dir='ltr'><em>D</em></span> <span class='ocrx_word' id='word_1_173' title='bbox 696 2563 721 2610; x_wconf 83' lang='lat' dir='ltr'><strong>at</strong></span> <span class='ocrx_word' id='word_1_174' title='bbox 739 2572 808 2610; x_wconf 85' lang='lat' dir='ltr'><strong>corr.</strong></span> <span class='ocrx_word' id='word_1_175' title='bbox 821 2556 853 2610; x_wconf 79' lang='lat' dir='ltr'><strong>A.</strong></span> <span class='ocrx_word' id='word_1_176' title='bbox 872 2557 1043 2613; x_wconf 69' lang='lat' dir='ltr'><strong>dimicares.</strong></span> <span class='ocrx_word' id='word_1_177' title='bbox 1057 2557 1071 2628; x_wconf 83' lang='grc' dir='ltr'><strong>ΙΙ</strong></span> <span class='ocrx_word' id='word_1_178' title='bbox 1087 2555 1128 2611; x_wconf 83' lang='lat'><strong>10.</strong></span> <span class='ocrx_word' id='word_1_179' title='bbox 1146 2559 1246 2610; x_wconf 86' lang='lat' dir='ltr'><strong>uellent</strong></span> <span class='ocrx_word' id='word_1_180' title='bbox 1257 2555 1289 2612; x_wconf 78' lang='grc' dir='ltr'><strong>Γ.</strong></span> <span class='ocrx_word' id='word_1_181' title='bbox 1300 2558 1317 2624; x_wconf 87' lang='grc' dir='ltr'><strong>ΙΙ</strong></span> <span class='ocrx_word' id='word_1_182' title='bbox 1331 2563 1412 2630; x_wconf 80' lang='lat' dir='ltr'><strong>uter]</strong></span> <span class='ocrx_word' id='word_1_183' title='bbox 1428 2585 1447 2614; x_wconf 69' lang='grc' dir='ltr'>ι</span> <span class='ocrx_word' id='word_1_184' title='bbox 1461 2586 1479 2614; x_wconf 66' lang='lat' dir='ltr'><strong>s</strong></span> <span class='ocrx_word' id='word_1_185' title='bbox 1491 2568 1568 2620; x_wconf 65' lang='lat' dir='ltr'><strong>uisa</strong></span> 
     </span>
     <span class='ocr_line' id='line_1_20' title="bbox 351 2625 1572 2703; baseline 0.002 -22"><span class='ocrx_word' id='word_1_186' title='bbox 351 2630 447 2684; x_wconf 72' lang='lat' dir='ltr'><strong>iiuada</strong></span> <span class='ocrx_word' id='word_1_187' title='bbox 465 2645 545 2702; x_wconf 79' lang='lat' dir='ltr'><strong>super</strong></span> <span class='ocrx_word' id='word_1_188' title='bbox 563 2635 574 2681; x_wconf 92' lang='lat' dir='ltr'><strong>t</strong></span> <span class='ocrx_word' id='word_1_189' title='bbox 591 2648 608 2683; x_wconf 88' lang='lat' dir='ltr'><strong>o</strong></span> <span class='ocrx_word' id='word_1_190' title='bbox 626 2645 696 2684; x_wconf 86' lang='lat' dir='ltr'><strong>corr.</strong></span> <span class='ocrx_word' id='word_1_191' title='bbox 715 2626 819 2692; x_wconf 81' lang='lat' dir='ltr'><strong>addito)</strong></span> <span class='ocrx_word' id='word_1_192' title='bbox 835 2628 867 2681; x_wconf 82' lang='grc' dir='ltr'><strong>Δ.</strong></span> <span class='ocrx_word' id='word_1_193' title='bbox 881 2625 894 2696; x_wconf 83' lang='grc' dir='ltr'><strong>ΙΙ</strong></span> <span class='ocrx_word' id='word_1_194' title='bbox 910 2627 952 2683; x_wconf 90' lang='grc'><strong>11.</strong></span> <span class='ocrx_word' id='word_1_195' title='bbox 964 2631 1066 2682; x_wconf 87' lang='lat' dir='ltr'><strong>uiribus</strong></span> <span class='ocrx_word' id='word_1_196' title='bbox 1086 2631 1205 2694; x_wconf 87' lang='lat' dir='ltr'><strong>eorporis</strong></span> <span class='ocrx_word' id='word_1_197' title='bbox 1220 2627 1251 2682; x_wconf 82' lang='grc' dir='ltr'><strong>Γ.</strong></span> <span class='ocrx_word' id='word_1_198' title='bbox 1266 2633 1278 2700; x_wconf 81' lang='grc' dir='ltr'><strong>ΙΙ</strong></span> <span class='ocrx_word' id='word_1_199' title='bbox 1294 2627 1340 2682; x_wconf 82' lang='grc'><strong>13.</strong></span> <span class='ocrx_word' id='word_1_200' title='bbox 1361 2637 1493 2686; x_wconf 77' lang='lat' dir='ltr'><strong>molesta</strong></span> <span class='ocrx_word' id='word_1_201' title='bbox 1499 2651 1537 2703; x_wconf 76' lang='lat' dir='ltr'><strong>pr.</strong></span> <span class='ocrx_word' id='word_1_202' title='bbox 1546 2631 1572 2683; x_wconf 86' lang='lat' dir='ltr'><strong>ll.</strong></span> 
     </span>
     <span class='ocr_line' id='line_1_21' title="bbox 352 2697 1287 2769; baseline 0 -14"><span class='ocrx_word' id='word_1_203' title='bbox 352 2706 479 2757; x_wconf 78' lang='lat' dir='ltr'><strong>mulctata</strong></span> <span class='ocrx_word' id='word_1_204' title='bbox 496 2703 523 2757; x_wconf 78' lang='lat' dir='ltr'><em>E</em></span> <span class='ocrx_word' id='word_1_205' title='bbox 541 2709 567 2755; x_wconf 83' lang='lat' dir='ltr'><strong>st</strong></span> <span class='ocrx_word' id='word_1_206' title='bbox 584 2718 654 2756; x_wconf 83' lang='lat' dir='ltr'><strong>corr.</strong></span> <span class='ocrx_word' id='word_1_207' title='bbox 673 2697 790 2769; x_wconf 69' lang='grc'><strong>111111.</strong></span> <span class='ocrx_word' id='word_1_208' title='bbox 809 2704 950 2754; x_wconf 81' lang='lat' dir='ltr'><strong>mitridatis</strong></span> <span class='ocrx_word' id='word_1_209' title='bbox 968 2699 1006 2754; x_wconf 89' lang='lat' dir='ltr'><strong>D.</strong></span> <span class='ocrx_word' id='word_1_210' title='bbox 1020 2702 1033 2769; x_wconf 81' lang='grc' dir='ltr'><strong>ΙΙ</strong></span> <span class='ocrx_word' id='word_1_211' title='bbox 1047 2703 1148 2768; x_wconf 58' lang='lat' dir='ltr'><strong>summ]</strong></span> <span class='ocrx_word' id='word_1_212' title='bbox 1167 2718 1237 2753; x_wconf 82' lang='lat' dir='ltr'><strong>nune</strong></span> <span class='ocrx_word' id='word_1_213' title='bbox 1255 2700 1287 2755; x_wconf 80' lang='grc' dir='ltr'><strong>Γ.</strong></span> 
     </span>
    </p>
   </div>
   <div class='ocr_carea' id='block_1_4' title="bbox 353 2983 1598 4761">
    <p class='ocr_par' dir='ltr' id='par_1_4' title="bbox 424 2983 865 3048">
     <span class='ocr_line' id='line_1_22' title="bbox 424 2983 865 3048; baseline 0.007 -11"><span class='ocrx_word' id='word_1_214' title='bbox 424 2988 483 3040; x_wconf 80' lang='lat' dir='ltr'><strong>Exi.</strong></span> <span class='ocrx_word' id='word_1_215' title='bbox 504 2984 526 3039; x_wconf 95' lang='lat' dir='ltr'><strong>l.</strong></span> <span class='ocrx_word' id='word_1_216' title='bbox 545 2987 584 3038; x_wconf 89' lang='lat' dir='ltr'><strong>Ci.</strong></span> <span class='ocrx_word' id='word_1_217' title='bbox 602 2987 661 3039; x_wconf 72' lang='lat' dir='ltr'><strong>liu.</strong></span> <span class='ocrx_word' id='word_1_218' title='bbox 679 2988 802 3048; x_wconf 86' lang='lat' dir='ltr'><strong>xxviii,</strong></span> <span class='ocrx_word' id='word_1_219' title='bbox 820 2983 865 3040; x_wconf 75' lang='lat' dir='ltr'><strong>ti.</strong></span> 
     </span>
    </p>

    <p class='ocr_par' dir='ltr' id='par_1_5' title="bbox 353 3027 1598 3271">
     <span class='ocr_line' id='line_1_23' title="bbox 424 3027 1598 3121; baseline 0.003 -14"><span class='ocrx_word' id='word_1_220' title='bbox 424 3056 452 3107; x_wconf 84' lang='lat' dir='ltr'><strong>ia</strong></span> <span class='ocrx_word' id='word_1_221' title='bbox 469 3054 604 3119; x_wconf 72' lang='lat' dir='ltr'><strong>harenam)</strong></span> <span class='ocrx_word' id='word_1_222' title='bbox 622 3058 662 3107; x_wconf 90' lang='lat' dir='ltr'><strong>ita</strong></span> <span class='ocrx_word' id='word_1_223' title='bbox 680 3064 787 3121; x_wconf 86' lang='lat' dir='ltr'><strong>praeter</strong></span> <span class='ocrx_word' id='word_1_224' title='bbox 805 3060 913 3109; x_wconf 82' lang='lat' dir='ltr'><strong>codices</strong></span> <span class='ocrx_word' id='word_1_225' title='bbox 925 3061 1034 3110; x_wconf 88' lang='lat' dir='ltr'><strong>nostros</strong></span> <span class='ocrx_word' id='word_1_226' title='bbox 1053 3061 1133 3108; x_wconf 88' lang='lat' dir='ltr'><strong>etiam</strong></span> <span class='ocrx_word' id='word_1_227' title='bbox 1149 3059 1231 3108; x_wconf 87' lang='lat' dir='ltr'><strong>iulius</strong></span> <span class='ocrx_word' id='word_1_228' title='bbox 1245 3058 1331 3108; x_wconf 85' lang='lat' dir='ltr'><strong>Paris.</strong></span> <span class='ocrx_word' id='word_1_229' title='bbox 1353 3061 1397 3111; x_wconf 79' lang='lat' dir='ltr'><strong>ct.</strong></span> <span class='ocrx_word' id='word_1_230' title='bbox 1414 3065 1500 3114; x_wconf 80' lang='lat' dir='ltr'><strong>Oreii</strong></span> <span class='ocrx_word' id='word_1_231' title='bbox 1511 3068 1563 3111; x_wconf 81' lang='lat' dir='ltr'><strong>tuso</strong></span> <span class='ocrx_word' id='word_1_232' title='bbox 1597 3027 1598 3068; x_wconf 82' lang='lat' dir='ltr'><strong>i</strong></span> 
     </span>
     <span class='ocr_line' id='line_1_24' title="bbox 355 3121 1598 3201; baseline -0.004 -20"><span class='ocrx_word' id='word_1_233' title='bbox 355 3125 387 3181; x_wconf 83' lang='grc'><strong>13</strong></span> <span class='ocrx_word' id='word_1_234' title='bbox 406 3134 433 3181; x_wconf 88' lang='lat' dir='ltr'><strong>ei</strong></span> <span class='ocrx_word' id='word_1_235' title='bbox 450 3124 511 3181; x_wconf 75' lang='lat'><strong>855.</strong></span> <span class='ocrx_word' id='word_1_236' title='bbox 536 3128 620 3179; x_wconf 86' lang='lat' dir='ltr'><strong>Varro</strong></span> <span class='ocrx_word' id='word_1_237' title='bbox 645 3145 688 3192; x_wconf 85' lang='lat' dir='ltr'><strong>sp.</strong></span> <span class='ocrx_word' id='word_1_238' title='bbox 712 3129 787 3181; x_wconf 85' lang='lat' dir='ltr'><strong>Seru.</strong></span> <span class='ocrx_word' id='word_1_239' title='bbox 812 3130 846 3179; x_wconf 88' lang='lat' dir='ltr'><strong>ad</strong></span> <span class='ocrx_word' id='word_1_240' title='bbox 873 3130 937 3181; x_wconf 80' lang='lat' dir='ltr'><strong>Aen.</strong></span> <span class='ocrx_word' id='word_1_241' title='bbox 958 3132 984 3187; x_wconf 90' lang='lat' dir='ltr'><strong>i,</strong></span> <span class='ocrx_word' id='word_1_242' title='bbox 1012 3126 1068 3180; x_wconf 74' lang='lat'><strong>172</strong></span> <span class='ocrx_word' id='word_1_243' title='bbox 1093 3130 1171 3181; x_wconf 83' lang='lat' dir='ltr'><strong>Proh.</strong></span> <span class='ocrx_word' id='word_1_244' title='bbox 1196 3130 1229 3178; x_wconf 80' lang='lat' dir='ltr'><strong>ari</strong></span> <span class='ocrx_word' id='word_1_245' title='bbox 1256 3130 1337 3195; x_wconf 83' lang='lat' dir='ltr'><strong>Vsrg.</strong></span> <span class='ocrx_word' id='word_1_246' title='bbox 1364 3132 1475 3201; x_wconf 76' lang='lat' dir='ltr'><strong>Georg,</strong></span> <span class='ocrx_word' id='word_1_247' title='bbox 1497 3135 1521 3188; x_wconf 79' lang='lat' dir='ltr'><strong>i,</strong></span> <span class='ocrx_word' id='word_1_248' title='bbox 1540 3131 1566 3177; x_wconf 78' lang='lat' dir='ltr'><strong>itt</strong></span> <span class='ocrx_word' id='word_1_249' title='bbox 1597 3121 1598 3136; x_wconf 61' lang='lat'>¹</span> 
     </span>
     <span class='ocr_line' id='line_1_25' title="bbox 353 3196 1536 3271; baseline -0.002 -20"><span class='ocrx_word' id='word_1_250' title='bbox 353 3202 457 3253; x_wconf 83' lang='lat' dir='ltr'><strong>Charis.</strong></span> <span class='ocrx_word' id='word_1_251' title='bbox 476 3200 486 3249; x_wconf 93' lang='lat' dir='ltr'><strong>i</strong></span> <span class='ocrx_word' id='word_1_252' title='bbox 505 3216 532 3265; x_wconf 90' lang='lat' dir='ltr'><strong>p.</strong></span> <span class='ocrx_word' id='word_1_253' title='bbox 550 3197 594 3251; x_wconf 81' lang='grc'><strong>80.</strong></span> <span class='ocrx_word' id='word_1_254' title='bbox 615 3200 671 3250; x_wconf 90' lang='lat' dir='ltr'><strong>Vel.</strong></span> <span class='ocrx_word' id='word_1_255' title='bbox 690 3199 775 3267; x_wconf 79' lang='lat' dir='ltr'><strong>Long.</strong></span> <span class='ocrx_word' id='word_1_256' title='bbox 794 3216 821 3265; x_wconf 86' lang='lat' dir='ltr'><strong>p.</strong></span> <span class='ocrx_word' id='word_1_257' title='bbox 839 3196 911 3252; x_wconf 70' lang='lat'><strong>2218</strong></span> <span class='ocrx_word' id='word_1_258' title='bbox 931 3200 1038 3251; x_wconf 89' lang='lat' dir='ltr'><strong>Putsch.</strong></span> <span class='ocrx_word' id='word_1_259' title='bbox 1062 3200 1159 3268; x_wconf 77' lang='lat' dir='ltr'><strong>Wagn.</strong></span> <span class='ocrx_word' id='word_1_260' title='bbox 1177 3200 1302 3267; x_wconf 80' lang='lat' dir='ltr'><strong>Orthogr.</strong></span> <span class='ocrx_word' id='word_1_261' title='bbox 1323 3200 1414 3271; x_wconf 78' lang='lat' dir='ltr'><strong>Verg.</strong></span> <span class='ocrx_word' id='word_1_262' title='bbox 1437 3221 1465 3267; x_wconf 80' lang='lat' dir='ltr'><strong>p.</strong></span> <span class='ocrx_word' id='word_1_263' title='bbox 1480 3201 1536 3254; x_wconf 78' lang='lat' dir='ltr'><strong>iii.</strong></span> 
     </span>
    </p>

    <p class='ocr_par' dir='ltr' id='par_1_6' title="bbox 353 3268 1598 4178">
     <span class='ocr_line' id='line_1_26' title="bbox 425 3268 1598 3338; baseline -0.003 -17"><span class='ocrx_word' id='word_1_264' title='bbox 425 3268 576 3323; x_wconf 79' lang='lat' dir='ltr'><strong>diiudicare</strong></span> <span class='ocrx_word' id='word_1_265' title='bbox 593 3268 708 3333; x_wconf 62' lang='lat' dir='ltr'><strong>aunem)</strong></span> <span class='ocrx_word' id='word_1_266' title='bbox 726 3270 880 3322; x_wconf 74' lang='lat' dir='ltr'><strong>Perizonius</strong></span> <span class='ocrx_word' id='word_1_267' title='bbox 899 3271 1083 3321; x_wconf 85' lang='lat' dir='ltr'><strong>stTorreuius</strong></span> <span class='ocrx_word' id='word_1_268' title='bbox 1095 3274 1241 3335; x_wconf 82' lang='lat' dir='ltr'><strong>probarunt</strong></span> <span class='ocrx_word' id='word_1_269' title='bbox 1258 3270 1361 3320; x_wconf 85' lang='lat' dir='ltr'><strong>codicis</strong></span> <span class='ocrx_word' id='word_1_270' title='bbox 1377 3274 1565 3338; x_wconf 56' lang='lat' dir='ltr'><strong>(incitaturus=</strong></span> <span class='ocrx_word' id='word_1_271' title='bbox 1597 3315 1598 3324; x_wconf 71' lang='grc'>,</span> 
     </span>
     <span class='ocr_line' id='line_1_27' title="bbox 353 3339 1598 3409; baseline -0.005 -15"><span class='ocrx_word' id='word_1_272' title='bbox 353 3344 501 3395; x_wconf 87' lang='lat' dir='ltr'><strong>abbreuiaii</strong></span> <span class='ocrx_word' id='word_1_273' title='bbox 521 3345 678 3409; x_wconf 83' lang='lat' dir='ltr'><strong>scripturam</strong></span> <span class='ocrx_word' id='word_1_274' title='bbox 698 3339 826 3393; x_wconf 81' lang='lat' dir='ltr'><strong>dimicare</strong></span> <span class='ocrx_word' id='word_1_275' title='bbox 846 3340 964 3399; x_wconf 71' lang='lat' dir='ltr'><strong>radient,</strong></span> <span class='ocrx_word' id='word_1_276' title='bbox 987 3342 1015 3391; x_wconf 89' lang='lat' dir='ltr'><strong>in</strong></span> <span class='ocrx_word' id='word_1_277' title='bbox 1034 3342 1129 3392; x_wconf 75' lang='lat' dir='ltr'><strong>Aldine</strong></span> <span class='ocrx_word' id='word_1_278' title='bbox 1153 3356 1258 3407; x_wconf 83' lang='lat' dir='ltr'><strong>quoqne</strong></span> <span class='ocrx_word' id='word_1_279' title='bbox 1281 3344 1416 3404; x_wconf 80' lang='lat' dir='ltr'><strong>exemplo</strong></span> <span class='ocrx_word' id='word_1_280' title='bbox 1436 3348 1565 3395; x_wconf 72' lang='lat' dir='ltr'><strong>loomin:</strong></span> <span class='ocrx_word' id='word_1_281' title='bbox 1597 3359 1598 3368; x_wconf 52' lang='lat'>¹</span> 
     </span>
     <span class='ocr_line' id='line_1_28' title="bbox 353 3410 1565 3484; baseline -0.005 -19"><span class='ocrx_word' id='word_1_282' title='bbox 353 3432 439 3482; x_wconf 83' lang='lat' dir='ltr'><strong>nsque</strong></span> <span class='ocrx_word' id='word_1_283' title='bbox 458 3416 528 3467; x_wconf 89' lang='lat' dir='ltr'><strong>enim</strong></span> <span class='ocrx_word' id='word_1_284' title='bbox 547 3418 662 3466; x_wconf 78' lang='lat' dir='ltr'><strong>setinum</strong></span> <span class='ocrx_word' id='word_1_285' title='bbox 682 3410 832 3464; x_wconf 77' lang='lat' dir='ltr'><strong>diiudicare</strong></span> <span class='ocrx_word' id='word_1_286' title='bbox 854 3416 943 3464; x_wconf 88' lang='lat' dir='ltr'><strong>iocum</strong></span> <span class='ocrx_word' id='word_1_287' title='bbox 964 3414 1080 3471; x_wconf 83' lang='lat' dir='ltr'><strong>habere,</strong></span> <span class='ocrx_word' id='word_1_288' title='bbox 1105 3428 1164 3463; x_wconf 84' lang='lat' dir='ltr'><strong>aum</strong></span> <span class='ocrx_word' id='word_1_289' title='bbox 1187 3427 1241 3462; x_wconf 90' lang='lat' dir='ltr'><strong>non</strong></span> <span class='ocrx_word' id='word_1_290' title='bbox 1265 3412 1317 3476; x_wconf 89' lang='lat' dir='ltr'><strong>ipsi</strong></span> <span class='ocrx_word' id='word_1_291' title='bbox 1340 3413 1382 3461; x_wconf 90' lang='lat' dir='ltr'><strong>iiii</strong></span> <span class='ocrx_word' id='word_1_292' title='bbox 1409 3418 1516 3484; x_wconf 60' lang='lat' dir='ltr'><strong>oefflu,</strong></span> <span class='ocrx_word' id='word_1_293' title='bbox 1534 3414 1565 3461; x_wconf 56' lang='lat' dir='ltr'><strong>sti</strong></span> 
     </span>
     <span class='ocr_line' id='line_1_29' title="bbox 353 3485 1565 3553; baseline -0.002 -16"><span class='ocrx_word' id='word_1_294' title='bbox 353 3486 443 3553; x_wconf 85' lang='lat' dir='ltr'><strong>Scipio</strong></span> <span class='ocrx_word' id='word_1_295' title='bbox 462 3488 533 3537; x_wconf 86' lang='lat' dir='ltr'><strong>iilum</strong></span> <span class='ocrx_word' id='word_1_296' title='bbox 558 3488 746 3537; x_wconf 84' lang='lat' dir='ltr'><strong>diiudicaturus</strong></span> <span class='ocrx_word' id='word_1_297' title='bbox 771 3485 881 3543; x_wconf 78' lang='lat' dir='ltr'><strong>uisset,</strong></span> <span class='ocrx_word' id='word_1_298' title='bbox 906 3486 945 3534; x_wconf 86' lang='lat' dir='ltr'><strong>ita</strong></span> <span class='ocrx_word' id='word_1_299' title='bbox 966 3486 1057 3534; x_wconf 67' lang='lat' dir='ltr'><strong>umen</strong></span> <span class='ocrx_word' id='word_1_300' title='bbox 1082 3486 1111 3533; x_wconf 87' lang='lat' dir='ltr'><strong>ut</strong></span> <span class='ocrx_word' id='word_1_301' title='bbox 1132 3499 1186 3534; x_wconf 88' lang='lat' dir='ltr'><strong>non</strong></span> <span class='ocrx_word' id='word_1_302' title='bbox 1209 3485 1340 3533; x_wconf 83' lang='lat' dir='ltr'><strong>reicereni</strong></span> <span class='ocrx_word' id='word_1_303' title='bbox 1364 3490 1565 3537; x_wconf 65' lang='lat' dir='ltr'><strong>emendationes</strong></span> 
     </span>
     <span class='ocr_line' id='line_1_30' title="bbox 353 3551 1566 3617; baseline -0.004 -9"><span class='ocrx_word' id='word_1_304' title='bbox 353 3562 499 3610; x_wconf 86' lang='lat' dir='ltr'><strong>recentiore</strong></span> <span class='ocrx_word' id='word_1_305' title='bbox 509 3574 588 3609; x_wconf 87' lang='lat' dir='ltr'><strong>manu</strong></span> <span class='ocrx_word' id='word_1_306' title='bbox 601 3560 627 3607; x_wconf 90' lang='lat' dir='ltr'><strong>ia</strong></span> <span class='ocrx_word' id='word_1_307' title='bbox 641 3558 732 3607; x_wconf 83' lang='lat' dir='ltr'><strong>codiee</strong></span> <span class='ocrx_word' id='word_1_308' title='bbox 744 3556 875 3606; x_wconf 87' lang='lat' dir='ltr'><strong>Beruensi</strong></span> <span class='ocrx_word' id='word_1_309' title='bbox 886 3556 1054 3617; x_wconf 81' lang='lat' dir='ltr'><strong>temptatam,</strong></span> <span class='ocrx_word' id='word_1_310' title='bbox 1073 3551 1225 3605; x_wconf 76' lang='lat' dir='ltr'><strong>diiudicari.</strong></span> <span class='ocrx_word' id='word_1_311' title='bbox 1263 3554 1327 3603; x_wconf 85' lang='lat' dir='ltr'><strong>Mihi</strong></span> <span class='ocrx_word' id='word_1_312' title='bbox 1344 3554 1416 3606; x_wconf 88' lang='lat' dir='ltr'><strong>nihii</strong></span> <span class='ocrx_word' id='word_1_313' title='bbox 1431 3559 1566 3609; x_wconf 72' lang='lat' dir='ltr'><strong>mutand-a</strong></span> 
     </span>
     <span class='ocr_line' id='line_1_31' title="bbox 353 3625 1567 3695; baseline -0.007 -13"><span class='ocrx_word' id='word_1_314' title='bbox 353 3645 416 3683; x_wconf 87' lang='lat' dir='ltr'><strong>usse</strong></span> <span class='ocrx_word' id='word_1_315' title='bbox 435 3631 546 3680; x_wconf 85' lang='lat' dir='ltr'><strong>uidetur.</strong></span> <span class='ocrx_word' id='word_1_316' title='bbox 583 3628 677 3679; x_wconf 83' lang='lat' dir='ltr'><strong>Procul</strong></span> <span class='ocrx_word' id='word_1_317' title='bbox 695 3626 776 3677; x_wconf 86' lang='lat' dir='ltr'><strong>dubio</strong></span> <span class='ocrx_word' id='word_1_318' title='bbox 789 3626 860 3677; x_wconf 84' lang='lat' dir='ltr'><strong>enlm</strong></span> <span class='ocrx_word' id='word_1_319' title='bbox 878 3626 976 3677; x_wconf 72' lang='lat' dir='ltr'><strong>haim</strong></span> <span class='ocrx_word' id='word_1_320' title='bbox 988 3628 1061 3676; x_wconf 86' lang='lat' dir='ltr'><strong>recte</strong></span> <span class='ocrx_word' id='word_1_321' title='bbox 1078 3626 1208 3694; x_wconf 75' lang='lat' dir='ltr'><strong>singulari</strong></span> <span class='ocrx_word' id='word_1_322' title='bbox 1225 3625 1272 3676; x_wconf 92' lang='lat' dir='ltr'><strong>ilio</strong></span> <span class='ocrx_word' id='word_1_323' title='bbox 1291 3627 1447 3679; x_wconf 86' lang='lat' dir='ltr'><strong>certamine</strong></span> <span class='ocrx_word' id='word_1_324' title='bbox 1465 3631 1517 3695; x_wconf 66' lang='lat' dir='ltr'><strong>imi</strong></span> <span class='ocrx_word' id='word_1_325' title='bbox 1533 3626 1567 3675; x_wconf 70' lang='lat' dir='ltr'><strong>sei</strong></span> 
     </span>
     <span class='ocr_line' id='line_1_32' title="bbox 354 3694 1568 3763; baseline -0.006 -10"><span class='ocrx_word' id='word_1_326' title='bbox 354 3704 456 3753; x_wconf 80' lang='lat' dir='ltr'><strong>iudicas</strong></span> <span class='ocrx_word' id='word_1_327' title='bbox 475 3700 597 3751; x_wconf 76' lang='lat' dir='ltr'><strong>extitisse</strong></span> <span class='ocrx_word' id='word_1_328' title='bbox 613 3700 748 3763; x_wconf 83' lang='lat' dir='ltr'><strong>putantur.</strong></span> <span class='ocrx_word' id='word_1_329' title='bbox 791 3698 847 3747; x_wconf 87' lang='lat' dir='ltr'><strong>lam</strong></span> <span class='ocrx_word' id='word_1_330' title='bbox 867 3698 891 3746; x_wconf 89' lang='lat' dir='ltr'><strong>si</strong></span> <span class='ocrx_word' id='word_1_331' title='bbox 910 3713 928 3747; x_wconf 90' lang='lat' dir='ltr'><strong>s</strong></span> <span class='ocrx_word' id='word_1_332' title='bbox 945 3694 1071 3761; x_wconf 81' lang='lat' dir='ltr'><strong>Scipione</strong></span> <span class='ocrx_word' id='word_1_333' title='bbox 1094 3699 1271 3747; x_wconf 86' lang='lat' dir='ltr'><strong>admonentur</strong></span> <span class='ocrx_word' id='word_1_334' title='bbox 1289 3700 1316 3745; x_wconf 93' lang='lat' dir='ltr'><strong>ut</strong></span> <span class='ocrx_word' id='word_1_335' title='bbox 1335 3696 1410 3747; x_wconf 82' lang='lat' dir='ltr'><strong>bane</strong></span> <span class='ocrx_word' id='word_1_336' title='bbox 1431 3708 1568 3751; x_wconf 66' lang='lat' dir='ltr'><strong>eoam</strong></span> 
     </span>
     <span class='ocr_line' id='line_1_33' title="bbox 353 3768 1568 3838; baseline -0.003 -15"><span class='ocrx_word' id='word_1_337' title='bbox 353 3774 421 3823; x_wconf 84' lang='lat' dir='ltr'><strong>siam</strong></span> <span class='ocrx_word' id='word_1_338' title='bbox 446 3772 535 3823; x_wconf 86' lang='lat' dir='ltr'><strong>uerbis</strong></span> <span class='ocrx_word' id='word_1_339' title='bbox 561 3772 648 3835; x_wconf 88' lang='lat' dir='ltr'><strong>potius</strong></span> <span class='ocrx_word' id='word_1_340' title='bbox 672 3786 751 3836; x_wconf 86' lang='lat' dir='ltr'><strong>quarn</strong></span> <span class='ocrx_word' id='word_1_341' title='bbox 776 3770 859 3819; x_wconf 85' lang='lat' dir='ltr'><strong>armis</strong></span> <span class='ocrx_word' id='word_1_342' title='bbox 884 3768 1047 3830; x_wconf 82' lang='lat' dir='ltr'><strong>disceptent,</strong></span> <span class='ocrx_word' id='word_1_343' title='bbox 1071 3769 1162 3818; x_wconf 85' lang='lat' dir='ltr'><strong>uerbis</strong></span> <span class='ocrx_word' id='word_1_344' title='bbox 1185 3783 1234 3831; x_wconf 90' lang='lat' dir='ltr'><strong>pro</strong></span> <span class='ocrx_word' id='word_1_345' title='bbox 1256 3768 1338 3816; x_wconf 78' lang='lat' dir='ltr'><strong>annis</strong></span> <span class='ocrx_word' id='word_1_346' title='bbox 1357 3772 1439 3819; x_wconf 83' lang='lat' dir='ltr'><strong>usuri</strong></span> <span class='ocrx_word' id='word_1_347' title='bbox 1460 3774 1568 3838; x_wconf 66' lang='lat' dir='ltr'><strong>quotae</strong></span> 
     </span>
     <span class='ocr_line' id='line_1_34' title="bbox 353 3838 1568 3905; baseline -0.004 -11"><span class='ocrx_word' id='word_1_348' title='bbox 353 3845 433 3894; x_wconf 86' lang='lat' dir='ltr'><strong>modo</strong></span> <span class='ocrx_word' id='word_1_349' title='bbox 459 3858 514 3893; x_wconf 89' lang='lat' dir='ltr'><strong>rem</strong></span> <span class='ocrx_word' id='word_1_350' title='bbox 533 3843 584 3905; x_wconf 86' lang='lat' dir='ltr'><strong>ipsi</strong></span> <span class='ocrx_word' id='word_1_351' title='bbox 603 3840 765 3891; x_wconf 72' lang='lat' dir='ltr'><strong>diiudicasset</strong></span> <span class='ocrx_word' id='word_1_352' title='bbox 784 3841 835 3891; x_wconf 87' lang='lat' dir='ltr'><strong>dici</strong></span> <span class='ocrx_word' id='word_1_353' title='bbox 852 3841 991 3904; x_wconf 71' lang='lat' dir='ltr'><strong>potsrmu</strong></span> <span class='ocrx_word' id='word_1_354' title='bbox 1014 3838 1039 3888; x_wconf 90' lang='lat' dir='ltr'><strong>is</strong></span> <span class='ocrx_word' id='word_1_355' title='bbox 1062 3840 1132 3890; x_wconf 86' lang='lat' dir='ltr'><strong>euim</strong></span> <span class='ocrx_word' id='word_1_356' title='bbox 1151 3839 1274 3903; x_wconf 85' lang='lat' dir='ltr'><strong>superior</strong></span> <span class='ocrx_word' id='word_1_357' title='bbox 1291 3852 1430 3889; x_wconf 83' lang='lat' dir='ltr'><strong>euasurus</strong></span> <span class='ocrx_word' id='word_1_358' title='bbox 1451 3848 1524 3899; x_wconf 75' lang='lat' dir='ltr'><strong>erat,</strong></span> <span class='ocrx_word' id='word_1_359' title='bbox 1539 3857 1568 3904; x_wconf 73' lang='lat' dir='ltr'><strong>qu</strong></span> 
     </span>
     <span class='ocr_line' id='line_1_35' title="bbox 354 3909 1569 3973; baseline -0.007 -8"><span class='ocrx_word' id='word_1_360' title='bbox 354 3916 465 3965; x_wconf 84' lang='lat' dir='ltr'><strong>alterurn</strong></span> <span class='ocrx_word' id='word_1_361' title='bbox 495 3914 586 3963; x_wconf 85' lang='lat' dir='ltr'><strong>uerbis</strong></span> <span class='ocrx_word' id='word_1_362' title='bbox 616 3913 738 3969; x_wconf 83' lang='lat' dir='ltr'><strong>uicisset,</strong></span> <span class='ocrx_word' id='word_1_363' title='bbox 769 3913 849 3973; x_wconf 84' lang='lat' dir='ltr'><strong>atque</strong></span> <span class='ocrx_word' id='word_1_364' title='bbox 876 3910 915 3961; x_wconf 89' lang='lat' dir='ltr'><strong>ita</strong></span> <span class='ocrx_word' id='word_1_365' title='bbox 949 3910 1109 3961; x_wconf 86' lang='lat' dir='ltr'><strong>uocabulum</strong></span> <span class='ocrx_word' id='word_1_366' title='bbox 1140 3909 1218 3961; x_wconf 86' lang='lat' dir='ltr'><strong>alieri</strong></span> <span class='ocrx_word' id='word_1_367' title='bbox 1247 3910 1387 3959; x_wconf 80' lang='lat' dir='ltr'><strong>dumtaxat</strong></span> <span class='ocrx_word' id='word_1_368' title='bbox 1416 3914 1461 3962; x_wconf 74' lang='lat' dir='ltr'><strong>rai</strong></span> <span class='ocrx_word' id='word_1_369' title='bbox 1488 3927 1569 3963; x_wconf 60' lang='lat' dir='ltr'><strong>002oe</strong></span> 
     </span>
     <span class='ocr_line' id='line_1_36' title="bbox 354 3980 1570 4051; baseline -0.002 -16"><span class='ocrx_word' id='word_1_370' title='bbox 354 3986 469 4035; x_wconf 86' lang='lat' dir='ltr'><strong>nleniem</strong></span> <span class='ocrx_word' id='word_1_371' title='bbox 492 3984 527 4033; x_wconf 87' lang='lat' dir='ltr'><strong>ad</strong></span> <span class='ocrx_word' id='word_1_372' title='bbox 557 3985 667 4034; x_wconf 85' lang='lat' dir='ltr'><strong>aiteram</strong></span> <span class='ocrx_word' id='word_1_373' title='bbox 691 3983 833 4042; x_wconf 80' lang='lat' dir='ltr'><strong>transferri</strong></span> <span class='ocrx_word' id='word_1_374' title='bbox 859 3982 940 4033; x_wconf 88' lang='lat' dir='ltr'><strong>licuit.</strong></span> <span class='ocrx_word' id='word_1_375' title='bbox 983 3980 1077 4044; x_wconf 84' lang='lat' dir='ltr'><strong>Neque</strong></span> <span class='ocrx_word' id='word_1_376' title='bbox 1104 3994 1172 4031; x_wconf 80' lang='lat' dir='ltr'><strong>suus</strong></span> <span class='ocrx_word' id='word_1_377' title='bbox 1196 3982 1336 4047; x_wconf 72' lang='lat' dir='ltr'><strong>quisquam</strong></span> <span class='ocrx_word' id='word_1_378' title='bbox 1363 3986 1465 4033; x_wconf 84' lang='lat' dir='ltr'><strong>nostra</strong></span> <span class='ocrx_word' id='word_1_379' title='bbox 1493 3986 1570 4051; x_wconf 74' lang='lat' dir='ltr'><strong>tinge</strong></span> 
     </span>
     <span class='ocr_line' id='line_1_37' title="bbox 354 4050 1570 4113; baseline -0.003 -6"><span class='ocrx_word' id='word_1_380' title='bbox 354 4054 478 4107; x_wconf 88' lang='lat' dir='ltr'><strong>utentium</strong></span> <span class='ocrx_word' id='word_1_381' title='bbox 498 4054 567 4104; x_wconf 82' lang='lat' dir='ltr'><strong>adeo</strong></span> <span class='ocrx_word' id='word_1_382' title='bbox 586 4054 778 4112; x_wconf 79' lang='lat' dir='ltr'><strong>offenderetur,</strong></span> <span class='ocrx_word' id='word_1_383' title='bbox 804 4052 964 4113; x_wconf 76' lang='lat' dir='ltr'><strong>si‘sutiirei,</strong></span> <span class='ocrx_word' id='word_1_384' title='bbox 990 4052 1056 4103; x_wconf 84' lang='lat' dir='ltr'><strong>tissa</strong></span> <span class='ocrx_word' id='word_1_385' title='bbox 1079 4052 1120 4103; x_wconf 90' lang='lat' dir='ltr'><strong>sie</strong></span> <span class='ocrx_word' id='word_1_386' title='bbox 1139 4052 1191 4102; x_wconf 85' lang='lat' dir='ltr'><strong>tien</strong></span> <span class='ocrx_word' id='word_1_387' title='bbox 1211 4052 1288 4101; x_wconf 87' lang='lat' dir='ltr'><strong>streit</strong></span> <span class='ocrx_word' id='word_1_388' title='bbox 1308 4050 1393 4101; x_wconf 88' lang='lat' dir='ltr'><strong>lieber</strong></span> <span class='ocrx_word' id='word_1_389' title='bbox 1409 4055 1464 4105; x_wconf 87' lang='lat' dir='ltr'><strong>mit</strong></span> <span class='ocrx_word' id='word_1_390' title='bbox 1481 4060 1570 4107; x_wconf 82' lang='lat' dir='ltr'><strong>wortu</strong></span> 
     </span>
     <span class='ocr_line' id='line_1_38' title="bbox 353 4124 917 4178; baseline -0.002 0"><span class='ocrx_word' id='word_1_391' title='bbox 353 4129 395 4178; x_wconf 87' lang='lat' dir='ltr'><strong>sis</strong></span> <span class='ocrx_word' id='word_1_392' title='bbox 414 4126 461 4177; x_wconf 88' lang='lat' dir='ltr'><strong>mit</strong></span> <span class='ocrx_word' id='word_1_393' title='bbox 478 4124 576 4177; x_wconf 81' lang='lat' dir='ltr'><strong>wallon</strong></span> <span class='ocrx_word' id='word_1_394' title='bbox 595 4126 767 4177; x_wconf 87' lang='lat' dir='ltr'><strong>cutschoiden</strong></span> <span class='ocrx_word' id='word_1_395' title='bbox 785 4125 917 4177; x_wconf 71' lang='lat' dir='ltr'><strong>machion.</strong></span> 
     </span>
    </p>

    <p class='ocr_par' dir='ltr' id='par_1_7' title="bbox 354 4187 1570 4333">
     <span class='ocr_line' id='line_1_39' title="bbox 423 4187 1570 4259; baseline -0.003 -10"><span class='ocrx_word' id='word_1_396' title='bbox 423 4194 449 4249; x_wconf 76' lang='lat'><strong>2.</strong></span> <span class='ocrx_word' id='word_1_397' title='bbox 468 4196 506 4249; x_wconf 85' lang='lat' dir='ltr'><strong>ct.</strong></span> <span class='ocrx_word' id='word_1_398' title='bbox 525 4196 583 4246; x_wconf 85' lang='lat' dir='ltr'><strong>Liu.</strong></span> <span class='ocrx_word' id='word_1_399' title='bbox 605 4197 667 4259; x_wconf 88' lang='lat' dir='ltr'><strong>epit.</strong></span> <span class='ocrx_word' id='word_1_400' title='bbox 691 4198 749 4251; x_wconf 91' lang='lat' dir='ltr'><strong>libr.</strong></span> <span class='ocrx_word' id='word_1_401' title='bbox 769 4195 821 4247; x_wconf 86' lang='lat' dir='ltr'><strong>cti.</strong></span> <span class='ocrx_word' id='word_1_402' title='bbox 849 4194 916 4246; x_wconf 90' lang='lat' dir='ltr'><strong>Piui.</strong></span> <span class='ocrx_word' id='word_1_403' title='bbox 941 4194 1034 4259; x_wconf 85' lang='lat' dir='ltr'><strong>Pomp.</strong></span> <span class='ocrx_word' id='word_1_404' title='bbox 1056 4188 1099 4247; x_wconf 74' lang='grc'><strong>41.</strong></span> <span class='ocrx_word' id='word_1_405' title='bbox 1127 4192 1195 4259; x_wconf 80' lang='lat' dir='ltr'><strong>App.</strong></span> <span class='ocrx_word' id='word_1_406' title='bbox 1220 4194 1310 4245; x_wconf 80' lang='lat' dir='ltr'><strong>Miihr.</strong></span> <span class='ocrx_word' id='word_1_407' title='bbox 1336 4187 1397 4245; x_wconf 93' lang='grc'><strong>111.</strong></span> <span class='ocrx_word' id='word_1_408' title='bbox 1426 4194 1482 4247; x_wconf 88' lang='lat' dir='ltr'><strong>Dio</strong></span> <span class='ocrx_word' id='word_1_409' title='bbox 1506 4199 1570 4247; x_wconf 72' lang='lat' dir='ltr'><strong>Cass</strong></span> 
     </span>
     <span class='ocr_line' id='line_1_40' title="bbox 354 4259 1022 4333; baseline -0.009 -11"><span class='ocrx_word' id='word_1_410' title='bbox 354 4268 490 4327; x_wconf 85' lang='lat' dir='ltr'><strong>xxxvii,</strong></span> <span class='ocrx_word' id='word_1_411' title='bbox 511 4262 552 4320; x_wconf 78' lang='grc'><strong>13.</strong></span> <span class='ocrx_word' id='word_1_412' title='bbox 576 4267 683 4333; x_wconf 75' lang='lat' dir='ltr'><strong>liutrop.</strong></span> <span class='ocrx_word' id='word_1_413' title='bbox 704 4268 746 4325; x_wconf 88' lang='lat' dir='ltr'><strong>vi,</strong></span> <span class='ocrx_word' id='word_1_414' title='bbox 768 4264 809 4319; x_wconf 74' lang='lat'><strong>12·</strong></span> <span class='ocrx_word' id='word_1_415' title='bbox 834 4267 914 4317; x_wconf 83' lang='lat' dir='ltr'><strong>Oros.</strong></span> <span class='ocrx_word' id='word_1_416' title='bbox 932 4264 976 4320; x_wconf 84' lang='lat' dir='ltr'><strong>v1.</strong></span> <span class='ocrx_word' id='word_1_417' title='bbox 995 4259 1022 4317; x_wconf 81' lang='grc'><strong>5.</strong></span> 
     </span>
    </p>

    <p class='ocr_par' dir='ltr' id='par_1_8' title="bbox 353 4335 1571 4761">
     <span class='ocr_line' id='line_1_41' title="bbox 423 4335 1569 4402; baseline -0.006 -10"><span class='ocrx_word' id='word_1_418' title='bbox 423 4336 577 4395; x_wconf 81' lang='lat' dir='ltr'><strong>Mitridates</strong></span> <span class='ocrx_word' id='word_1_419' title='bbox 594 4342 690 4395; x_wconf 82' lang='lat' dir='ltr'><strong>sutem)</strong></span> <span class='ocrx_word' id='word_1_420' title='bbox 707 4338 868 4389; x_wconf 80' lang='lat' dir='ltr'><strong>Mithridatis</strong></span> <span class='ocrx_word' id='word_1_421' title='bbox 881 4336 935 4386; x_wconf 92' lang='lat' dir='ltr'><strong>tiiio</strong></span> <span class='ocrx_word' id='word_1_422' title='bbox 948 4336 1082 4387; x_wconf 85' lang='lat' dir='ltr'><strong>Pharnaci</strong></span> <span class='ocrx_word' id='word_1_423' title='bbox 1094 4338 1145 4387; x_wconf 87' lang='lat' dir='ltr'><strong>hoe</strong></span> <span class='ocrx_word' id='word_1_424' title='bbox 1158 4335 1275 4386; x_wconf 89' lang='lat' dir='ltr'><strong>tribuunt</strong></span> <span class='ocrx_word' id='word_1_425' title='bbox 1293 4349 1388 4385; x_wconf 88' lang='lat' dir='ltr'><strong>ornnes</strong></span> <span class='ocrx_word' id='word_1_426' title='bbox 1408 4352 1481 4402; x_wconf 85' lang='lat' dir='ltr'><strong>quos</strong></span> <span class='ocrx_word' id='word_1_427' title='bbox 1499 4340 1569 4391; x_wconf 75' lang='lat' dir='ltr'><strong>cicani</strong></span> 
     </span>
     <span class='ocr_line' id='line_1_42' title="bbox 354 4406 1570 4479; baseline -0.003 -16"><span class='ocrx_word' id='word_1_428' title='bbox 354 4416 508 4479; x_wconf 86' lang='lat' dir='ltr'><strong>scriptores.</strong></span> <span class='ocrx_word' id='word_1_429' title='bbox 545 4411 585 4461; x_wconf 87' lang='lat' dir='ltr'><strong>De</strong></span> <span class='ocrx_word' id='word_1_430' title='bbox 603 4408 754 4479; x_wconf 80' lang='lat' dir='ltr'><strong>cognomini</strong></span> <span class='ocrx_word' id='word_1_431' title='bbox 773 4407 937 4458; x_wconf 85' lang='lat' dir='ltr'><strong>Mithridatis</strong></span> <span class='ocrx_word' id='word_1_432' title='bbox 955 4406 1024 4467; x_wconf 86' lang='lat' dir='ltr'><strong>tilio,</strong></span> <span class='ocrx_word' id='word_1_433' title='bbox 1049 4423 1127 4471; x_wconf 83' lang='lat' dir='ltr'><strong>quern</strong></span> <span class='ocrx_word' id='word_1_434' title='bbox 1145 4408 1206 4473; x_wconf 88' lang='lat' dir='ltr'><strong>ipse</strong></span> <span class='ocrx_word' id='word_1_435' title='bbox 1223 4410 1300 4471; x_wconf 84' lang='lat' dir='ltr'><strong>pater</strong></span> <span class='ocrx_word' id='word_1_436' title='bbox 1323 4407 1407 4457; x_wconf 81' lang='lat' dir='ltr'><strong>inuito</strong></span> <span class='ocrx_word' id='word_1_437' title='bbox 1429 4414 1525 4469; x_wconf 85' lang='lat' dir='ltr'><strong>antea,</strong></span> <span class='ocrx_word' id='word_1_438' title='bbox 1543 4416 1570 4462; x_wconf 76' lang='lat' dir='ltr'><strong>ir·</strong></span> 
     </span>
     <span class='ocr_line' id='line_1_43' title="bbox 353 4474 1571 4551; baseline -0.005 -16"><span class='ocrx_word' id='word_1_439' title='bbox 353 4487 422 4536; x_wconf 83' lang='lat' dir='ltr'><strong>iuria</strong></span> <span class='ocrx_word' id='word_1_440' title='bbox 440 4488 575 4551; x_wconf 85' lang='lat' dir='ltr'><strong>tamquam</strong></span> <span class='ocrx_word' id='word_1_441' title='bbox 594 4496 704 4551; x_wconf 84' lang='lat' dir='ltr'><strong>reguum</strong></span> <span class='ocrx_word' id='word_1_442' title='bbox 725 4478 864 4529; x_wconf 77' lang='lat' dir='ltr'><strong>affectaret</strong></span> <span class='ocrx_word' id='word_1_443' title='bbox 882 4481 1047 4543; x_wconf 85' lang='lat' dir='ltr'><strong>suspectum,</strong></span> <span class='ocrx_word' id='word_1_444' title='bbox 1066 4480 1200 4530; x_wconf 87' lang='lat' dir='ltr'><strong>interemit</strong></span> <span class='ocrx_word' id='word_1_445' title='bbox 1217 4480 1298 4543; x_wconf 80' lang='lat' dir='ltr'><strong>(App.</strong></span> <span class='ocrx_word' id='word_1_446' title='bbox 1317 4478 1409 4527; x_wconf 78' lang='lat' dir='ltr'><strong>Mitnr.</strong></span> <span class='ocrx_word' id='word_1_447' title='bbox 1427 4474 1496 4547; x_wconf 75' lang='lat' dir='ltr'><strong>tit),</strong></span> <span class='ocrx_word' id='word_1_448' title='bbox 1517 4484 1571 4533; x_wconf 76' lang='lat' dir='ltr'><strong>anit</strong></span> 
     </span>
     <span class='ocr_line' id='line_1_44' title="bbox 354 4548 1571 4615; baseline 0 -11"><span class='ocrx_word' id='word_1_449' title='bbox 354 4556 484 4605; x_wconf 83' lang='lat' dir='ltr'><strong>eiusmodi</strong></span> <span class='ocrx_word' id='word_1_450' title='bbox 503 4557 615 4606; x_wconf 81' lang='lat' dir='ltr'><strong>constat</strong></span> <span class='ocrx_word' id='word_1_451' title='bbox 652 4553 744 4615; x_wconf 87' lang='lat' dir='ltr'><strong>itaque</strong></span> <span class='ocrx_word' id='word_1_452' title='bbox 757 4564 810 4599; x_wconf 91' lang='lat' dir='ltr'><strong>non</strong></span> <span class='ocrx_word' id='word_1_453' title='bbox 828 4562 940 4613; x_wconf 87' lang='lat' dir='ltr'><strong>possum</strong></span> <span class='ocrx_word' id='word_1_454' title='bbox 955 4549 1017 4615; x_wconf 91' lang='lat' dir='ltr'><strong>quin</strong></span> <span class='ocrx_word' id='word_1_455' title='bbox 1030 4550 1166 4601; x_wconf 82' lang='lat' dir='ltr'><strong>Valerium</strong></span> <span class='ocrx_word' id='word_1_456' title='bbox 1184 4551 1236 4600; x_wconf 84' lang='lat' dir='ltr'><strong>hoe</strong></span> <span class='ocrx_word' id='word_1_457' title='bbox 1250 4564 1356 4615; x_wconf 79' lang='lat' dir='ltr'><strong>quoque</strong></span> <span class='ocrx_word' id='word_1_458' title='bbox 1374 4548 1435 4599; x_wconf 87' lang='lat' dir='ltr'><strong>ioco</strong></span> <span class='ocrx_word' id='word_1_459' title='bbox 1449 4556 1571 4603; x_wconf 67' lang='lat' dir='ltr'><strong>memma</strong></span> 
     </span>
     <span class='ocr_line' id='line_1_45' title="bbox 355 4620 1570 4694; baseline 0.002 -23"><span class='ocrx_word' id='word_1_460' title='bbox 355 4626 492 4691; x_wconf 82' lang='lat' dir='ltr'><strong>deceptum</strong></span> <span class='ocrx_word' id='word_1_461' title='bbox 505 4626 647 4691; x_wconf 86' lang='lat' dir='ltr'><strong>suiipsius</strong></span> <span class='ocrx_word' id='word_1_462' title='bbox 660 4620 821 4672; x_wconf 81' lang='lat' dir='ltr'><strong>Mithridatis</strong></span> <span class='ocrx_word' id='word_1_463' title='bbox 835 4624 949 4694; x_wconf 76' lang='lat' dir='ltr'><strong>putasse</strong></span> <span class='ocrx_word' id='word_1_464' title='bbox 964 4622 1072 4672; x_wconf 85' lang='lat' dir='ltr'><strong>credam</strong></span> <span class='ocrx_word' id='word_1_465' title='bbox 1085 4636 1155 4686; x_wconf 87' lang='lat' dir='ltr'><strong>qnae</strong></span> <span class='ocrx_word' id='word_1_466' title='bbox 1167 4620 1214 4671; x_wconf 89' lang='lat' dir='ltr'><strong>iiiii</strong></span> <span class='ocrx_word' id='word_1_467' title='bbox 1232 4622 1291 4671; x_wconf 89' lang='lat' dir='ltr'><strong>eius</strong></span> <span class='ocrx_word' id='word_1_468' title='bbox 1309 4622 1393 4676; x_wconf 83' lang='lat' dir='ltr'><strong>ursui.</strong></span> <span class='ocrx_word' id='word_1_469' title='bbox 1414 4623 1461 4672; x_wconf 83' lang='lat' dir='ltr'><strong>aut</strong></span> <span class='ocrx_word' id='word_1_470' title='bbox 1479 4640 1570 4694; x_wconf 75' lang='lat' dir='ltr'><strong>aogoo</strong></span> 
     </span>
     <span class='ocr_line' id='line_1_46' title="bbox 355 4692 1162 4761; baseline 0.007 -20"><span class='ocrx_word' id='word_1_471' title='bbox 355 4696 452 4748; x_wconf 88' lang='lat' dir='ltr'><strong>minem</strong></span> <span class='ocrx_word' id='word_1_472' title='bbox 471 4696 538 4761; x_wconf 86' lang='lat' dir='ltr'><strong>patri</strong></span> <span class='ocrx_word' id='word_1_473' title='bbox 557 4696 729 4745; x_wconf 78' lang='lat' dir='ltr'><strong>existimasse</strong></span> <span class='ocrx_word' id='word_1_474' title='bbox 746 4693 838 4753; x_wconf 87' lang='lat' dir='ltr'><strong>fliium,</strong></span> <span class='ocrx_word' id='word_1_475' title='bbox 858 4692 902 4758; x_wconf 89' lang='lat' dir='ltr'><strong>qui</strong></span> <span class='ocrx_word' id='word_1_476' title='bbox 920 4694 979 4743; x_wconf 84' lang='lat' dir='ltr'><strong>erat</strong></span> <span class='ocrx_word' id='word_1_477' title='bbox 996 4692 1162 4747; x_wconf 84' lang='lat' dir='ltr'><strong>Pharnaces.</strong></span> 
     </span>
    </p>
   </div>
   <div class='ocr_carea' id='block_1_5' title="bbox 0 0 1721 5400">
    <p class='ocr_par' dir='ltr' id='par_1_9' title="bbox 0 0 1721 5400">
     <span class='ocr_line' id='line_1_47' title="bbox 0 0 1721 5400; baseline 0 0"><span class='ocrx_word' id='word_1_478' title='bbox 0 0 1721 5400; x_wconf 95' lang='lat' dir='ltr'><strong> </strong></span> 
     </span>
    </p>
   </div>
  </div>
 </body>
</html>
