3409 5400
295 518 361 585 368
767 513 827 579 Dn
849 508 1058 577 AMICITIA.
1112 508 1118 516 ’

248 716 254 733 ·
291 690 327 743 et
348 676 452 747 salitis
475 670 869 758 amicorum'perpetuam
899 672 1209 747 excubationem,'†
1231 668 1440 735 testationem
1461 670 1518 733 bc·

289 780 504 849 niuolontiam
527 791 560 843 et
579 802 694 844 rursus
716 777 833 843 harum
855 798 965 842 rernm
992 777 1175 843 uberrimos
1202 774 1328 843 fruelus
1355 779 1517 864 posterior

292 892 423 958 intuens
447 898 538 951 aetas
560 886 595 950 in
618 884 798 949 excolendo
820 886 890 949 iure
912 884 1073 948 amicitiae
1089 906 1156 970 qna
1169 884 1322 949 libentius
1338 885 1407 971 qua
1420 885 1517 949 etiam

292 994 479 1082 religiosius
503 994 564 1057 erit
585 1003 731 1079 operata.

160 1094 231 1166 Est.
253 1098 292 1165 1.’
382 1100 503 1165 Haeret
526 1100 653 1163 animus
676 1101 710 1161 in
734 1097 933 1173 domesticis,
962 1096 1023 1161 sed
1051 1098 1161 1163 aliena
1187 1118 1317 1183 quoqne
1345 1096 1538 1161 benefacias

293 1208 415 1273 referre
449 1204 620 1269 Romanae
655 1204 743 1267 urhis
779 1203 904 1267 candor
936 1202 1092 1269 hortatur.
1138 1202 1270 1268 Damon
1298 1216 1330 1267 ct
1356 1202 1515 1267 Phintias.

241 1373 252 1398 ‚
293 1312 535 1400 Pythagoricae
558 1310 750 1396 prudentiae
773 1311 880 1373 sacris
903 1310 1030 1377 initiati.
1053 1322 1119 1373 tam
1132 1310 1262 1373 fidelem
1277 1312 1361 1376 inter
1382 1332 1420 1373 se
1436 1310 1515 1373 ami·

269 1414 403 1483 ‚citiam
427 1420 608 1491 iunxerunt,
631 1428 676 1491 ut,
700 1436 773 1479 cum
797 1415 934 1479 alterum
957 1436 997 1479 ex
1018 1413 1071 1478 his
1087 1416 1268 1501 Dionysius
1283 1416 1515 1501 Syracusanus

292 1526 474 1590 interlicere
496 1523 593 1587 uellet
615 1536 712 1608 atque
735 1524 764 1584 is
788 1534 916 1605 tempus
946 1522 988 1584 ab
1012 1542 1070 1595 eo,
1093 1544 1158 1608 quo
1187 1525 1379 1608 priusquam
1398 1523 1515 1607 periret

293 1633 425 1697 domum
448 1632 613 1717 profectus
638 1649 691 1693 res
715 1648 794 1691 suas
819 1626 995 1701 ordinaret,
1017 1629 1271 1713 impetranisset,
1295 1628 1375 1693 alter
1396 1629 1514 1693 uadem
1524 1639 1551 1683 ¹⁰

292 1760 331 1804 se
360 1759 419 1825 pro
446 1738 551 1800 reditu
581 1736 651 1797 eius
681 1745 818 1819 tyranno
850 1732 930 1795 dare
959 1754 1024 1797 non
1059 1732 1229 1799 dubitaret.
1281 1729 1416 1799 Solutus
1447 1748 1517 1800 erat

290 1844 437 1931 periculo
465 1841 579 1906 mortis
609 1840 663 1926 qui
692 1838 792 1902 modo
827 1837 939 1924 gladio
964 1842 1114 1919 ceruices
1148 1841 1313 1905 subiectas
1345 1840 1516 1906 habuerat.

293 1950 409 2014 Eidem
433 1959 530 2034 eaput
553 1969 648 2011 suum
673 1944 857 2009 subiecerat
879 1945 932 2009 cui
956 1966 1073 2009 securo
1103 1948 1215 2011 uiuere
1241 1946 1370 2012 licebat.
1414 1947 1517 2034 Igitur

294 2078 409 2121 omnes
434 2066 465 2119 et
485 2056 519 2118 in
542 2054 656 2141 primis
679 2052 860 2139 Dionysius
884 2073 991 2118 nortae
1016 2062 1112 2139 atque
1143 2054 1293 2141 ancipitis
1321 2056 1369 2118 rei
1397 2056 1515 2118 exitum

293 2162 554 2248 speculabantur.
582 2159 877 2246 Adpropinquante
894 2159 1012 2223 deinde
1027 2160 1118 2223 finita
1133 2159 1187 2223 die
1202 2182 1264 2225 nee
1279 2160 1335 2226 illo
1350 2161 1517 2234 redeunte,
1526 2178 1552 2221 ts

292 2290 377 2333 unus
408 2270 547 2355 quisque
583 2266 735 2331 stultitiae
765 2276 831 2330 tam
860 2264 1068 2330 temerarium
1100 2286 1296 2351 sponsorem
1327 2266 1516 2333 damnabat.

292 2373 336 2439 At
358 2377 388 2439 is
411 2373 492 2439 nihil
515 2396 551 2439 se
575 2374 615 2438 de
640 2372 737 2439 amici
760 2373 946 2439 constantia
966 2384 1110 2435 metuere
1132 2372 1354 2457 praedicabat
1389 2372 1515 2438 Eodem

293 2494 401 2545 autem
424 2492 589 2545 momento
622 2492 653 2543 ct
674 2478 758 2543 hora
781 2500 801 2541 a
822 2478 984 2564 Dionysio
1014 2479 1198 2553 constituta,
1229 2501 1303 2543 eam
1335 2480 1392 2565 qui
1421 2502 1515 2544 acce·

291 2598 384 2673 perat
415 2587 612 2673 superuenit.
657 2584 847 2649 Admiratus
876 2585 1047 2649 amborum
1075 2585 1220 2651 anianum
1252 2598 1409 2673 tyrannus
1437 2608 1515 2671 sup·

295 2745 318 2798 l.
342 2748 507 2798 testatiorem
538 2759 607 2798 corr.
632 2743 670 2799 Α,
704 2743 779 2799 Tora.
800 2743 814 2812 ΙΙ
836 2742 862 2796 3.
888 2747 999 2796 intueris
1022 2743 1051 2798 p,
1075 2742 1088 2814 ΙΙ
1113 2748 1245 2798 amleItise
1268 2747 1326 2797 iure
1350 2745 1382 2798 F.
1396 2745 1411 2814 ll
1431 2761 1513 2810 qoam

293 2819 417 2868 ilbentlus
436 2833 514 2882 quam
533 2815 595 2868 DE
614 2821 638 2866 et
656 2829 725 2868 cerr.
744 2814 776 2868 A.
794 2831 875 2878 quam
895 2817 1019 2868 libentius
1041 2821 1097 2868 tarn
1118 2815 1195 2870 Tm.
1222 2813 1391 2875 videdit
1414 2818 1437 2876 l,
1455 2817 1513 2869 isit.

303 2886 354 2954 114.
372 2889 494 2955 llglosias
513 2886 567 2954 F-ll
585 2887 679 2951 operta
698 2899 743 2953 pr.
761 2885 797 2938 E.
816 2882 828 2957 ΙΙ
848 2882 874 2940 5.
899 2889 1000 2938 llaeret
1016 2915 1051 2926 -
1069 2889 1186 2955 quoque]
1214 2889 1249 2937 lit
1272 2889 1335 2939 lieet
1358 2889 1464 2938 animus
1485 2890 1513 2938 ia

292 2960 446 3009 domestiels
470 2961 581 3010 haereat
605 2962 631 3008 et
655 2959 744 3008 aliena
765 2961 856 3008 iernen
880 2956 911 3009 Γ.
928 2956 941 3024 ΙΙ
956 2955 983 3009 11.
1002 2961 1103 3022 piihias
1123 2959 1152 3012 C.
1177 2959 1276 3024 phitius
1297 2957 1332 3009 Β.
1354 2961 1465 3024 phytiae
1483 2957 1513 3011 F.

292 3031 414 3095 plnehias
432 3027 469 3081 D.
493 3031 610 3093 pinthlas
630 3026 716 3080 l'Par.
744 3025 778 3077 Vt
799 3043 847 3080 nes
870 3028 949 3078 etiam
973 3028 1027 3081 Cio.
1046 3029 1064 3080 l.
1082 3045 1105 3083 c.
1121 3030 1135 3096 11
1153 3029 1179 3081 1.
1200 3031 1385 3098 pithagoriese
1402 3028 1434 3080 A.
1450 3028 1465 3095 ΙΙ
1481 3045 1513 3080 se

291 3115 341 3152 ota.
360 3099 391 3152 Γ.
413 3099 457 3171 lii.
477 3103 598 3151 uiuerent
609 3097 645 3151 D.
665 3100 832 3149 iniunxerunt
843 3097 876 3150 Ε.
892 3098 903 3166 ΙΙ
918 3100 1058 3163 dyonisius
1075 3099 1134 3170 sn
1148 3098 1518 3153 transmutarentur

296 3169 369 3223 Vise.
413 3171 454 3223 eil.
471 3185 541 3240 spec.
559 3169 618 3222 hist.
637 3166 703 3222 llll.
723 3165 766 3220 26.
786 3172 912 3219 debltant
925 3167 1000 3224 Ter-r.
1021 3170 1099 3229 Qsed
1109 3169 1215 3222 mrreaei
1231 3169 1320 3222 ePor.
1331 3169 1345 3237 ΙΙ
1357 3171 1425 3237 erat]
1446 3186 1513 3238 ergo

293 3241 402 3311 (11112.
422 3246 540 3294 ceruices
580 3241 649 3291 ladio
670 3237 826 3307 Tornllll.
846 3242 985 3304 dyonisius
1003 3239 1065 3310 All
1086 3239 1127 3294 15.
1145 3241 1251 3307 deinde]
1276 3243 1329 3292 iam
1348 3240 1379 3295 F.
1395 3241 1410 3308 ΙΙ
1426 3242 1511 3308 nana]

291 3315 353 3364 licta
371 3311 400 3368 F.
424 3316 531 3366 defluila
550 3315 561 3377 l
588 3309 682 3374 lI'orr.
700 3310 713 3376 ΙΙ
729 3311 783 3360 ullo
801 3308 831 3362 F.
847 3309 861 3376 ΙΙ
880 3308 919 3362 11.
940 3325 971 3362 se
989 3314 1035 3376 de}
1060 3315 1107 3364 sed
1122 3326 1167 3378 pr.
1186 3311 1216 3363 A.
1234 3311 1249 3379 ΙΙ
1266 3311 1308 3364 18.
1326 3312 1427 3378 autem]
1450 3309 1512 3363 add

290 3388 369 3436 modo
388 3383 424 3438 D.
436 3385 479 3453 ll⁸
497 3401 545 3436 om.
566 3380 653 3436 CDE
671 3386 698 3432 et
711 3395 754 3447 pr.
772 3380 804 3431 Α.
821 3379 834 3448 ΙΙ
852 3383 976 3448 dyonisio
996 3381 1027 3432 Α.
1042 3381 1054 3449 ll
1069 3385 1214 3434 constituis
1231 3409 1244 3435 ι
1263 3383 1296 3435 Α.
1313 3381 1327 3450 ΙΙ
1343 3385 1389 3449 qui
1407 3398 1468 3433 eam
1484 3381 1514 3434 D

289 3453 398 3508 I'Terr.
409 3457 423 3526 Η
437 3453 477 3508 ill.
495 3455 688 3520 superuenerat
704 3449 732 3502 F.

359 3599 555 3663 mentones
579 3593 788 3656 beniuolentiam)
815 3597 859 3646 Sic
884 3609 979 3646 omnes
1001 3598 1118 3648 codices.
1154 3595 1374 3646 Emendaticnem
1397 3597 1513 3646 uitiosae

289 3671 437 3735 scripturae
456 3687 473 3719 a
491 3669 641 3719 correctore
660 3668 718 3718 libri
736 3669 882 3718 narnensis
899 3669 1056 3730 temptatam
1075 3669 1103 3716 et
1119 3667 1254 3730 receptam
1273 3668 1301 3716 ln
1318 3668 1438 3734 inrigatio
1456 3669 1512 3716 edi·

287 3743 412 3798 tinniens,
432 3737 599 3796 testatiorem,
617 3739 741 3802 probauit
759 3739 912 3796 Torrcnius,
932 3740 1003 3790 linae
1021 3751 1055 3788 en
1073 3739 1233 3788 sententiam
1252 3737 1321 3788 etilci
1340 3742 1428 3794 ratus,
1451 3739 1513 3788 lleet

289 3815 444 3860 constantes
463 3812 559 3860 interint
578 3823 668 3859 eorum
687 3811 777 3866 animi,
797 3813 908 3860 strenua
924 3811 1080 3866 ministeria,
1098 3810 1316 3874 inexpugnabilis
1334 3809 1512 3866 taciturnitas,

288 3883 418 3942 perpetua
440 3881 594 3934 excubatio,
618 3882 709 3929 tanuen
732 3881 774 3928 his
798 3882 922 3929 omnibus
945 3881 1109 3929 testationem
1134 3882 1162 3928 et
1185 3880 1401 3929 excellentiorem
1427 3881 1513 3928 tuisse

288 3950 502 4001 beniuolentiam.
540 3955 614 4010 Quae
633 3951 796 4013 comparatio
815 3965 903 4014 neque
921 3949 973 3997 illis
993 3951 1082 3999 uerbis
1100 3933 1213 4013 caplimi
1228 3950 1312 4013 potuit
1328 3951 1403 4000 nulle
1421 3952 1514 4000 addita

288 4023 461 4081 comparatae
479 4021 517 4069 rei
537 4021 715 4076 denotatione,
735 4033 794 4068 cum
814 4020 931 4070 carteia
950 4020 1002 4067 lise
1021 4022 1155 4069 sententis
1178 4021 1346 4071 scribendam
1373 4022 1470 4071 fuisset
1487 4026 1514 4072 ei

287 4087 330 4140 tis
346 4087 465 4140 nantibus
482 4090 538 4153 (nel
557 4091 643 4140 simile
662 4091 773 4152 aliquid)
792 4088 952 4140 tantadem
969 4086 1183 4148 bmiuekstiom,
1200 4105 1303 4153 neque,
1328 4093 1352 4141 sl
1370 4094 1512 4156 potuisset.

288 4161 324 4210 nd
349 4175 404 4210 rem
428 4163 581 4225 pertineret..
624 4163 690 4220 Quid
717 4162 785 4210 onim
810 4161 873 4210 illud
902 4166 959 4217 est,
990 4163 1059 4226 qaod
1089 4164 1285 4213 lwniuolsntiae
1315 4164 1429 4212 allectus
1451 4165 1513 4227 ipse

287 4233 409 4284 testatior
449 4234 533 4282 t‘ulsso
568 4233 662 4280 dicitur
695 4247 774 4296 quami
806 4231 909 4287 cilicia,
943 4233 1040 4293 quibos
1074 4237 1261 4298 comprobatur
1295 4236 1341 4284 ille
1376 4235 1512 4284 allectas?

287 4305 328 4355 Ne
347 4305 431 4370 lipsii
456 4304 560 4370 quidem
585 4305 612 4352 ot
636 4302 764 4352 l’erimnii
788 4303 956 4352 coniecturae
977 4303 1150 4362 “citationem
1173 4303 1363 4355 beniuolentiae
1384 4309 1412 4356 ct
1435 4309 1513 4356 teste·

288 4373 380 4428 tierent
406 4373 590 4435 beniuolentia)
614 4375 791 4423 satislhclunt.
832 4374 959 4435 llqtridnm
979 4389 1038 4426 cum
1058 4377 1174 4425 maxime
1192 4377 1352 4426 adiectiunm
1378 4379 1511 4437 desidero,

288 4463 340 4514 quo
360 4449 511 4498 accuratius
530 4447 670 4496 definiatur
688 4445 875 4502 beniuolentiae,
896 4449 1118 4509 quemadmodum
1137 4450 1200 4496 sunt
1218 4463 1287 4513 quae
1300 4449 1408 4513 reliquis
1427 4450 1512 4498 nomi·

286 4521 365 4570 nibus
390 4519 564 4583 apponuntur.
608 4517 710 4569 Vellem
739 4517 820 4584 igitur
852 4518 982 4568 maiorem
1012 4519 1227 4582 probabilitatem
1252 4520 1365 4570 haberet
1391 4524 1512 4570 testatam

287 4587 494 4641 beniuolentiam.
533 4589 606 4638 Nune
624 4601 668 4639 me
686 4601 739 4638 non
758 4588 881 4652 expedio.

358 4658 417 4714 liat.
440 4658 462 4714 l.
487 4662 526 4712 ct.
545 4662 599 4710 cle.
615 4663 649 4713 de
668 4661 712 4711 etl.
732 4659 777 4718 lll,
799 4656 840 4718 ill,
859 4655 903 4712 45.

359 4729 453 4784 deinde
462 4729 544 4802 finito
562 4729 616 4794 dte)
632 4733 808 4784 Nolalocutio
827 4733 869 4784 est
878 4725 962 4800 finire
979 4728 1049 4783 diem
1066 4747 1116 4798 pro
1138 4736 1238 4784 entem
1259 4731 1416 4786 mmmm
1433 4727 1512 4788 ‹liets-
