3409 5400
304 433 368 500 742
685 419 745 486 DE
767 413 1151 484 PRAENOMINIBVS.

300 591 506 656 Albanorum
528 605 644 673 reges,
667 582 826 668 Capetum
850 580 1006 652 Siluium,
1028 577 1221 666 Agrippam
1247 579 1432 654 Siluium,
1468 600 1573 664 puga

300 699 473 782 rioresque
498 693 600 757 duces
624 690 771 754 Mettium
795 688 957 751 Fufetium
980 697 1013 748 et
1032 683 1187 749 Tutorem
1203 683 1392 752 Cloelium
1420 707 1563 749 uocas-

302 805 374 872 Nec
403 801 547 868 contenti
576 798 630 862 his
665 796 705 859 ud
737 794 882 859 Sabinos
915 791 1216 880 transgrediuntur;
1260 791 1391 858 'litum
1433 791 1570 856 Tadu:

303 911 450 978 Numam
479 903 677 990 Pompilium
706 912 737 965 et
766 913 893 987 petrem
921 901 993 962 eius
1020 896 1197 984 Pompium
1220 897 1464 986 Pompilium
1496 902 1569 961 elau

307 1019 447 1103 demque
470 1012 615 1099 regionis
638 1009 804 1093 principes
834 1017 1028 1070 enumerent
1049 1013 1070 1080 †
1091 1002 1325 1070 Pustulnnum
1351 1006 1577 1071 Lamnum

306 1123 468 1188 Volesum
483 1117 690 1188 Vallensium,
712 1114 849 1177 Mettum
866 1113 1024 1186 Curtium,
1047 1120 1068 1188 †
1091 1111 1201 1176 Alium
1221 1112 1560 1178 Fumusilleatieun

308 1230 360 1297 Ab
375 1227 524 1294 Etruscis
547 1223 685 1288 recitant
698 1219 829 1286 Lartem
844 1220 1063 1296 Porsennam,
1086 1219 1128 1284 ab
1144 1217 1353 1306 Aequiculis
1374 1221 1565 1308 Septimus

312 1499 337 1552 1.
360 1497 515 1562 mrpentem
538 1489 576 1543 D.
595 1489 608 1559 ΙΙ
626 1487 653 1542 2.
673 1490 816 1556 [Mettium]
840 1487 872 1542 Α.
896 1491 1009 1540 Matium
1029 1487 1092 1540 Par.
1118 1486 1197 1540 Torr.
1219 1491 1346 1539 metrum
1369 1488 1419 1542 D.
1456 1488 1522 1541 l'iat
1539 1518 1562 1536 .,

314 1567 377 1624 Vll.
396 1567 424 1622 4.
444 1565 470 1618 l.
484 1563 496 1634 ll
511 1564 660 1614 suffectium
676 1559 713 1613 D.
732 1561 870 1612 Suilclium
885 1558 962 1612 Torr.
976 1555 1028 1628 113.
1047 1561 1072 1610 is
1089 1557 1126 1612 D.
1137 1559 1152 1627 ΙΙ
1163 1563 1192 1610 et
1206 1559 1300 1610 Titum
1317 1559 1444 1628 Turni!
1457 1560 1488 1613 «i.
1501 1579 1562 1625 pe-

312 1643 385 1706 pium
404 1638 532 1703 popilium
550 1631 587 1686 D.
605 1635 735 1697 Pompum
754 1633 884 1696 Popilium
905 1630 1009 1696 Pori-‚li
1025 1632 1085 1680 eiua
1103 1631 1217 1692 denique
1237 1629 1324 1683 Τοπ.
1341 1630 1358 1696 ΙΙ
1377 1630 1412 1684 5.
1434 1634 1562 1701 reglum

313 1740 345 1750 -
358 1705 431 1775 (llll.
445 1707 481 1772 l.)
499 1702 651 1773 quiiusld.
665 1701 677 1772 ΙΙ
691 1705 851 1767 pucuianum
864 1699 903 1754 D.
921 1703 1085 1752 Pirtilianum
1105 1699 1397 1766 Torr.iil.auianium
1424 1701 1511 1755 mn.
1542 1701 1561 1752 i.

312 1784 441 1832 Volesum
460 1793 509 1830 oar.
527 1773 584 1842 Di
605 1775 755 1824 ueieneinm
772 1771 812 1826 D.
835 1775 973 1824 Valesium
998 1770 1077 1824 terr.
1101 1771 1144 1838 ty.
1167 1771 1268 1824 om
1291 1771 1337 1823 ad
1364 1772 1435 1826 cie.
1462 1772 1500 1824 de
1517 1791 1560 1839 rep

311 1847 365 1906 111.
387 1847 429 1902 10,
452 1846 495 1901 Π,
510 1861 542 1912 p.
614 1844 767 1912 ‚umetium
785 1841 926 1912 Dioren
938 1845 1024 1896 nilum
1044 1840 1123 1894 Torr.
1136 1843 1149 1910 fl
1164 1843 1302 1894 uronisille
1322 1841 1366 1896 D.
1399 1847 1560 1896 eumeni.

312 1925 392 1972 ticum
406 1916 483 1970 Terr.
496 1915 509 1984 ΙΙ
521 1914 547 1968 7.
565 1915 606 1968 Ab
619 1911 751 1982 Etruscis]
770 1915 810 1967 Es
823 1915 922 1965 Tuscis
933 1911 1010 1968 terr.
1024 1911 1037 1984 11
1051 1916 1205 1979 porsiunam
1217 1910 1256 1966 D.
1268 1913 1283 1982 ΙΙ
1295 1915 1477 1978 Aequicolis
1492 1915 1559 1967 Tm.

496 2123 508 2148 Ι

385 2165 509 2238 Capoten
525 2163 647 2227 statam
666 2166 706 2216 ct.
724 2166 783 2218 Liu.
801 2167 822 2224 l,
840 2161 867 2219 ³.
889 2167 967 2218 Dion.
985 2165 1047 2215 ilai.
1065 2165 1086 2224 l,
1106 2161 1149 2217 il.
1173 2165 1252 2215 Ouid.
1277 2166 1347 2217 met.
1368 2165 1474 2226 xllll,
1498 2161 1554 2217 tls

385 2309 531 2382 Api-ippum
548 2309 670 2371 Sitdaet)
687 2309 726 2360 Gi.
743 2307 798 2360 nu.
818 2308 895 2360 Dion.
915 2309 975 2360 ilai.
993 2308 1022 2358 ll.
1040 2323 1080 2359 cc.
1098 2307 1175 2357 Ouid
1193 2307 1258 2358 fast.
1275 2306 1339 2366 lm,
1360 2303 1413 2362 49.

389 2382 511 2436 Tutorem
531 2379 665 2442 Cloeliam
691 2379 755 2430 Sina
776 2379 856 2428 durbio
877 2379 902 2428 is
923 2379 1102 2446 significetur.
1126 2393 1204 2443 quem
1229 2391 1460 2432 commemorant
1484 2385 1550 2433 Dies

316 2457 376 2508 ilai.
395 2455 440 2514 ΠΙ,
460 2451 477 2506 ³
496 2457 523 2504 et
540 2454 615 2505 Paul.
634 2454 702 2503 diac.
721 2467 747 2502 u.
766 2451 884 2500 Cloeliae
902 2451 996 2500 fossae
1014 2465 1040 2514 p.
1058 2445 1095 2501 56
1112 2450 1186 2500 stell

386 2523 522 2592 Poapian
544 2521 713 2590 Pompiliani)
740 2521 843 2582 Reliqui
867 2522 1012 2585 scriptores
1034 2521 1138 2570 Numae
1160 2519 1263 2582 patrem
1285 2524 1460 2574 constanter
1482 2527 1548 2575 Poa-

316 2611 415 2662 ponem
433 2599 531 2646 uocant
549 2595 639 2658 (Dion.
656 2594 717 2644 ilai.
735 2593 767 2651 ΙΙ,
785 2588 830 2642 58.
854 2589 931 2644 Auci.
948 2593 983 2641 de
1000 2592 1049 2642 uir.
1060 2585 1157 2654 illd).
1175 2591 1337 2640 Plutarchus
1360 2594 1450 2647 Num.
1470 2593 1546 2648 dure

316 2668 424 2720 nomine
442 2665 627 2731 Pomponium.
662 2664 787 2731 Pighius,
812 2663 902 2713 dubito
925 2678 989 2713 num
1013 2677 1029 2713 e
1052 2664 1159 2719 codice.
1187 2663 1216 2711 ut
1245 2665 1404 2721 contendit.

318 2740 400 2791 edidit
423 2753 472 2804 pro
497 2739 624 2788 librorum
642 2733 789 2801 Pompieus,
814 2748 884 2799 quae
907 2734 1059 2785 emendatio
1077 2734 1196 2797 speciem
1213 2734 1295 2783 habet
1314 2737 1387 2787 ueri.
1437 2740 1505 2789 xm
1524 2741 1544 2786 ε’,

318 2812 403 2861 multa
419 2810 595 2872 praenomina
612 2808 639 2856 iu
661 2820 693 2855 ar
711 2808 826 2865 eribant,
846 2820 916 2871 qliae
928 2806 1088 2870 simulatque
1106 2810 1203 2871 gentes
1215 2805 1377 2872 significare
1394 2819 1542 2873 coeptant

317 2880 483 2943 trisyllabum
507 2878 580 2927 iliam
603 2876 815 2927 terminationem
840 2876 1000 2939 acceperuut
1021 2876 1127 2938 (Altus,
1157 2874 1259 2931 Accua.
1291 2873 1422 2944 {Acea‚]
1451 2881 1542 2932 Tullus

317 2948 450 3011 Marcus.)
469 2949 495 2997 in
514 2948 607 3010 primis
620 2947 672 2995 hue
690 2948 788 2997 cedere
801 2947 904 2997 uidetur
920 2948 948 2997 in
965 2948 1089 3012 antiquas
1101 2948 1164 2995 illas
1177 2945 1387 3009 appellationes,
1407 2951 1438 2999 in
1457 2954 1541 3017 quitus

317 3019 494 3083 praenomina
512 3017 606 3067 iisdem
626 3018 720 3066 litteris
744 3018 897 3083 incipientia
914 3018 1036 3068 simililer
1060 3018 1195 3066 sonabant
1217 3018 1298 3078 atque
1316 3020 1449 3080 nomina,
1475 3025 1540 3071 ntia

319 3089 379 3139 Tito
403 3088 494 3147 Tatio,
514 3086 613 3138 Voleso
632 3088 757 3147 valesio,
782 3088 868 3138 ilceto
886 3089 1013 3146 iioslilio.
1038 3088 1106 3139 aliis.
1152 3086 1206 3137 Sed
1229 3103 1289 3136 cum
1311 3088 1452 3153 Pompilio
1477 3095 1539 3141 soles

318 3160 443 3211 Valerius
462 3161 514 3209 hoc
531 3174 695 3224 praenomen
714 3160 834 3210 tribuerit
852 3162 881 3210 et
896 3161 981 3211 multa
997 3160 1172 3223 praenomina
1189 3160 1276 3209 altera
1292 3160 1342 3209 iila
1358 3164 1539 3213 terminatione

320 3232 477 3291 efferuntur,
497 3231 526 3279 ut
544 3230 660 3295 Appius,
681 3230 787 3289 Lucius,
806 3232 929 3289 Manius,
947 3232 1070 3287 Publius,
1089 3230 1208 3288 Seruius,
1225 3229 1354 3294 Spurius,
1372 3236 1538 3285 temerarium

320 3305 462 3355 uidebatur
479 3303 583 3353 mutare
602 3302 759 3365 scripturam
779 3318 796 3351 a
815 3303 950 3353 codicibus
968 3302 1158 3353 firmissimam.

392 3372 412 3441 †
431 3371 599 3427 Pmutmm
616 3370 781 3425 Lauronem)
803 3373 843 3424 De
869 3374 1055 3424 emendatione
1077 3373 1156 3423 liniris
1179 3372 1293 3423 nominis
1314 3374 1442 3438 equid0m
1460 3394 1538 3442 aeque

322 3448 438 3510 despero
457 3449 537 3512 utque
556 3446 659 3510 priores
678 3445 807 3503 editores,
831 3460 891 3495 cum
914 3460 1001 3506 neque
1024 3458 1186 3509 praenomen
1209 3444 1264 3493 tale
1288 3458 1376 3508 neque
1394 3462 1537 3515 cognomen

322 3516 385 3567 alibi
404 3518 538 3568 inuentum
557 3518 593 3566 eit
614 3531 647 3565 ae
672 3530 705 3565 nc
729 3514 830 3565 similes
853 3515 960 3577 quidem
984 3515 1182 3578 appellationes
1205 3516 1378 3573 innotuerint,
1405 3534 1476 3583 quae
1499 3538 1538 3583 pe

321 3588 438 3639 tuissent
455 3588 592 3645 substitui,
615 3588 666 3636 nisi
684 3588 753 3648 quod
773 3586 906 3635 Luranius
931 3585 974 3635 uel
991 3586 1142 3635 Laurauius
1160 3586 1268 3647 quidam
1286 3597 1508 3641 commemoratur
1523 3608 1538 3639 ι

323 3658 483 3718 Quintiliano
501 3658 548 3713 lx.
568 3654 593 3716 l,
612 3652 656 3708 38.
698 3656 749 3706 Pro
773 3657 919 3707 Pustulane
943 3657 1117 3707 Peelulanum
1142 3658 1275 3719 oriendum
1300 3672 1318 3706 a
1338 3658 1470 3719 Paetone,
1494 3678 1536 3725 pru

322 3730 448 3780 Laurano
467 3728 607 3779 Laianinm
630 3728 680 3777 sibi
702 3728 776 3778 linxit
795 3728 958 3780 Perizonius.

398 3796 516 3850 Veterem
544 3796 701 3855 Vetoniana)
728 3800 767 3851 ct.
789 3800 924 3867 Borghcs.
947 3814 974 3851 n.
997 3800 1101 3852 tramm.
1120 3799 1163 3849 de·
1180 3799 1245 3852 fast.
1263 3812 1338 3853 cons.
1356 3798 1387 3853 T.
1404 3800 1429 3862 l,
1452 3820 1477 3867 p.
1495 3798 1535 3860 ti,

323 3870 407 3921 iuscr.
427 3870 500 3921 Grut.
517 3886 545 3937 p.
563 3867 589 3927 ti.
608 3866 625 3921 5
644 3874 671 3919 et
689 3865 732 3929 ul,
751 3866 777 3921 2.
796 3871 873 3921 ilion.
891 3870 952 3920 ilai.
969 3871 1002 3930 11,
1021 3866 1066 3921 46.
1241 3922 1247 3929 ,

392 3936 503 3993 Mettum
524 3938 652 4001 Curtium)
671 3940 709 3993 Cf.
729 3940 786 3992 l.iu.
806 3943 825 3999 1,
847 3938 888 3992 12.
910 3942 987 3993 Dion.
1005 3942 1066 3993 ilat.
1084 3942 1117 3999 11.
1135 3936 1180 3992 ili.

393 4008 509 4078 †Atium
516 4008 765 4069 Fumuailleuticum)
774 4012 833 4063 Nun
843 4013 1006 4063 minushaac
1019 4013 1170 4077 corruptele
1182 4013 1408 4079 deplorataquam
1417 4030 1531 4084 eaquae

322 4084 401 4134 modo
420 4082 448 4131 in
459 4083 606 4133 Pustuiano
623 4082 747 4133 Lauruno
766 4084 883 4135 olieudit.
919 4085 1032 4152 Pighius
1044 4086 1112 4133 duos
1130 4085 1254 4151 hemines
1271 4100 1320 4147 pro
1338 4090 1455 4150 exempto
1471 4094 1529 4153 poni

321 4154 496 4222 praenomine
505 4153 532 4204 et
540 4154 648 4203 nomine
658 4154 826 4221 significatos
837 4158 864 4205 et
872 4152 958 4207 Aliam
966 4157 1042 4220 prius
1051 4170 1215 4219 praenomen
1224 4169 1289 4206 esse
1297 4159 1452 4220 arrapicatur.
1465 4164 1527 4211 unde

323 4240 393 4297 gens
412 4224 482 4275 Allia
505 4224 710 4289 appeliationem
735 4226 873 4277 traxisset.
914 4224 1009 4277 Altera
1026 4228 1148 4277 eiusdem
1172 4227 1223 4276 uiri
1250 4228 1399 4278 coniectura
1419 4233 1525 4292 speciem

323 4299 380 4349 ueri
398 4295 575 4347 similitudinis
593 4310 658 4359 pree
673 4309 704 4345 se
718 4294 776 4353 tert,
795 4297 922 4420 intellegis
933 4298 1051 4349 fortasm
1063 4298 1167 4349 Tullum
1180 4298 1325 4348 Toranium
1343 4301 1425 4362 (codri.
1437 4298 1523 4359 Tritia

326 4364 484 4439 Τύραννος),
509 4380 586 4434 quem
605 4365 752 4432 Dionysius
770 4368 793 4415 ll
813 4370 867 4419 unt.
945 4386 1005 4419 cum
1024 4368 1101 4419 Tatio
1120 4384 1136 4419 e
1154 4369 1260 4419 Sabinis
1284 4370 1395 4420 Romam
1415 4374 1521 4423 transmi-

323 4454 422 4509 grasse
440 4438 591 4504 seripseritz
621 4436 698 4487 iidem
724 4438 793 4487 enim
811 4439 865 4489 iilic
882 4438 953 4491 Tatii
977 4443 1088 4491 comites
1107 4444 1361 4502 commemorantur,
1384 4443 1422 4503 qui
1437 4444 1461 4491 iu
1476 4445 1521 4493 hoe

324 4524 407 4573 opere
427 4526 485 4561 uum
505 4508 574 4561 Atlio
592 4508 806 4559 Fumusiileatico
826 4515 1028 4575 componuntur.
1049 4509 1163 4564 Volesus
1180 4512 1305 4564 Valesius
1325 4515 1353 4562 et
1368 4514 1519 4563 dinuscet-

322 4578 385 4631 tiue.
428 4580 526 4631 Verum
551 4582 655 4631 litterae
674 4580 733 4631 ciue
751 4580 866 4631 nominis
884 4599 902 4632 u
919 4584 1018 4635 tradita
1036 4584 1169 4648 scriptura
1186 4583 1265 4635 nimis
1283 4584 1432 4643 abhorrent,
1449 4600 1514 4649 quam

325 4659 395 4707 quae
413 4663 508 4699 ansam
527 4651 675 4715 praebeant
693 4652 859 4703 emendandi.
