3409 5400
1393 513 1438 579 41

207 669 371 751 respondit
383 668 512 752 samm
536 669 817 744 mmeramoribae,
841 689 900 753 qao
923 671 1029 734 arbem
1051 678 1217 746 taereatar,
1241 694 1303 739 aaa
1314 695 1434 751 aarara,

208 800 271 863 qao
293 779 463 842 libertatem
486 777 523 840 ab
546 779 732 858 imperatore
754 798 852 841 amoro
875 785 1016 853 emerent,
1041 782 1191 844 relictam.

301 886 351 949 Ae
375 907 416 950 ne
439 886 551 969 inepta
575 883 705 969 quidem
728 893 759 946 et
781 883 921 948 ridicula
943 884 996 948 hic
1021 888 1159 973 scriptor
1176 888 1211 950 in
1225 900 1438 974 praepostero

208 993 266 1057 illo
292 1003 429 1079 argutae
453 1001 484 1054 et
506 989 628 1054 nitidae
641 991 798 1054 orationis
818 991 925 1054 studio
944 992 1043 1076 plane
1056 994 1199 1058 erritauit.
1246 993 1328 1074 Quis
1353 998 1440 1062 enlm

209 1119 370 1185 umquam
392 1111 460 1163 tam
484 1098 592 1162 audax
618 1099 678 1162 fuit
704 1109 739 1160 ut
768 1099 880 1162 mitem
910 1109 942 1161 et
972 1098 1162 1165 clementem
1191 1104 1375 1185 parentium
1405 1104 1439 1166 in

208 1205 334 1270 liberos
358 1204 593 1291 indulgentiam
617 1206 767 1270 comitam
792 1205 913 1268 diceret
934 1209 1111 1271 lenitatem?
1161 1205 1333 1283 Valeriae,
1366 1231 1439 1274 cum

208 1313 339 1377 facetus
363 1333 438 1375 esse
461 1310 567 1385 uellet,
590 1313 717 1374 inficeto
741 1311 805 1376 hoc
831 1334 958 1398 quoque
982 1314 1045 1376 sibi
1067 1315 1224 1400 permisit,
1247 1326 1282 1378 ut
1305 1314 1441 1380 haberet

211 1419 302 1505 quod
331 1427 508 1503 opponeret
538 1420 675 1499 tropicae
705 1419 842 1483 aliorum
880 1421 1043 1501 asperitati
1074 1419 1124 1494 V,
1154 1423 1193 1494 8,
1227 1422 1256 1485 l.
1312 1422 1439 1486 Eodem

212 1526 320 1610 capite
344 1533 374 1600 s.
398 1525 429 1598 5,
454 1536 620 1609 tamquam
651 1523 696 1587 Α,
722 1525 871 1600 Fuluius,
904 1547 977 1588 cum
1007 1526 1107 1592 lilium
1139 1527 1298 1592 Catilinae
1329 1539 1439 1613 partes

212 1641 363 1695 secutum
386 1651 426 1694 ex
450 1632 520 1694 acie
543 1629 722 1694 retraheret
745 1630 970 1718 supplicioque
987 1633 1140 1703 afficeret,
1163 1632 1280 1697 horum
1305 1655 1440 1719 operum

210 1739 405 1824 futuraeque
428 1735 628 1802 Valerianae
658 1738 824 1804 relationis
856 1743 1017 1806 rationem
1039 1739 1226 1813 habuisset,
1257 1741 1441 1825 composuit

211 1845 329 1918 licuit,
352 1845 447 1908 doaao
470 1845 538 1908 betti
554 1845 660 1908 oiattia
674 1846 778 1908 rabies
795 1849 992 1928 praeteriret,
1016 1849 1170 1910 tartarum
1185 1867 1309 1921 aroere,·
1331 1867 1440 1911 aeram

210 1951 292 2014 atati
313 1953 398 2014 amai
415 1953 524 2032 patris
546 1958 730 2016 aarraretar
751 1973 838 2034 apae,
861 1957 919 2018 boo
934 1955 1193 2036 aeaeriresertar.
1239 1953 1440 2018 Perridiculc

211 2059 246 2122 in
279 2058 418 2122 transitu
451 2056 495 2120 ad
525 2077 647 2121 nouum
678 2059 860 2145 exemplum
898 2072 997 2126 antea
1027 2061 1068 2123 de
1094 2059 1281 2124 Democrito
1314 2059 1440 2124 locutus

212 2161 302 2238 VIII,
337 2165 441 2226 text.
466 2164 487 2227 4
510 2165 617 2250 pergit
645 2165 753 2247 Stupet
783 2187 870 2230 meae
897 2169 1100 2232 admiratione
1128 2173 1230 2230 tantae
1258 2167 1440 2241 industriae,

210 2277 242 2333 et
265 2271 329 2334 iam
351 2271 466 2333 amarit
487 2271 558 2332 atta.

304 2375 398 2456 Quae
430 2377 543 2439 omnia
571 2377 601 2440 si
624 2377 949 2462 comprehendimus,
981 2401 1084 2444 causa
1114 2402 1171 2443 cur
1200 2402 1260 2444 nec
1284 2381 1442 2465 placuerit

212 2481 369 2547 Valerius
393 2480 554 2546 iudicibus
577 2485 713 2570 integris
739 2495 834 2570 atque
856 2487 1053 2571 incorruptis
1076 2507 1137 2550 nec
1154 2486 1284 2570 placere
1307 2489 1441 2552 ommno

212 2590 364 2676 potuerit,
387 2610 454 2652 non
480 2601 538 2664 est,
562 2601 596 2653 ut
619 2589 675 2654 alii
698 2589 948 2666 arbitrabantur,
974 2593 1138 2656 inferioris
1164 2594 1239 2656 aeui
1262 2592 1443 2679 deprauata

211 2696 357 2761 latinitas
389 2708 420 2758 et
450 2718 559 2762 sermo
595 2697 637 2761 ab
666 2697 755 2763 omni
782 2699 966 2763 urbanitate
996 2697 1096 2785 longe
1119 2712 1280 2773 remotus,
1312 2701 1443 2788 qualem

213 2802 378 2867 obiecisse
401 2801 529 2867 uidetur
551 2804 729 2879 ErasmuS,
762 2804 850 2891 quod
874 2804 995 2868 diceret
1022 2804 1192 2870 Valerium
1222 2806 1304 2870 Afro
1333 2809 1441 2893 potius

213 2930 314 2995 quam
330 2908 410 2973 Italo
428 2930 488 2973 nec
506 2910 656 2974 Ciceroni
671 2912 780 2997 magis
798 2911 940 2975 similem
956 2933 1032 2975 esse
1049 2933 1146 2998 quam
1162 2911 1288 2977 homini
1308 2913 1442 2989 mulum,

214 3014 278 3079 sed
308 3016 413 3099 ipsius
442 3014 539 3081 huius
571 3016 695 3081 saeculi
725 3018 805 3081 uitia
835 3017 951 3102 cupide
984 3029 1131 3103 arrepta,
1162 3022 1299 3095 nutrita,
1337 3032 1443 3094 aucta,

213 3124 382 3209 nimiaque
404 3122 573 3187 urbamtas
596 3124 632 3185 in
654 3121 786 3187 homine
809 3124 919 3209 pusilli
941 3126 1077 3211 ingenii,
1099 3138 1231 3211 propter
1255 3148 1354 3213 quam
1376 3129 1443 3191 iam

214 3230 368 3317 Scaliger
392 3250 466 3295 eum
496 3252 563 3295 non
591 3230 750 3296 immerito
782 3231 926 3317 ineptum
958 3233 1191 3297 sententiarum
1215 3244 1247 3295 at
1268 3234 1442 3297 uerborum

214 3335 442 3401 affectatorem
465 3337 606 3399 uocauit.

302 3442 418 3529 Neque
449 3454 558 3507 tamen
585 3440 755 3517 Valerius,
795 3465 993 3532 quamquam
1029 3445 1196 3509 elaborato
1228 3456 1260 3506 ct
1290 3448 1440 3530 quaesito

212 3550 344 3613 dicendi
374 3570 494 3636 genere
530 3558 698 3635 tantopere
728 3549 868 3615 inhiauit
888 3571 949 3615 nec
982 3551 1105 3615 occulte
1129 3549 1272 3613 studium
1283 3571 1377 3633 ·prae
1402 3570 1440 3613 se

211 3656 275 3719 sert
296 3657 455 3720 uarietate
479 3655 664 3720 oblectandi
685 3656 864 3743 legentium
889 3658 1036 3729 animos,
1067 3657 1250 3718 satietatem
1274 3655 1442 3741 quandam
1534 3657 1539 3665 '

211 3762 346 3835 uitauit,
375 3784 459 3847 quae
481 3764 671 3827 necessario
700 3784 767 3827 non
789 3764 900 3848 magis
924 3770 1099 3847 perpetuas
1131 3760 1277 3825 eiusdem
1310 3763 1442 3847 generis

211 3868 410 3933 festiuitates
441 3890 540 3955 quam
570 3870 792 3955 frequentatas
825 3889 899 3932 cum
929 3867 1079 3954 siugulas
1108 3890 1208 3931 uoces
1238 3878 1306 3933 tum
1337 3879 1443 3932 certas

213 3976 448 4039 sententiarum
472 3976 597 4062 figuras
621 3976 777 4061 sequitur.
824 3974 967 4038 Nimium
997 3995 1071 4038 eum
1086 3996 1176 4045 ¹esse
1205 3977 1240 4038 in
1266 3996 1332 4039 usu
1354 3995 1442 4039 com·

210 4082 313 4167 positi
337 4080 488 4145 uocabuli
511 4083 684 4145 eoaeimitie
693 4080 715 4160 ¹)
738 4102 797 4166 pro
817 4080 967 4166 simplici,
990 4082 1222 4166 particularum
1237 4088 1357 4145 tmttam
1371 4102 1442 4156 aaa,

211 4188 303 4253 modo
325 4208 388 4250 aaa
409 4208 469 4272 pro
486 4186 627 4269 paeae²),
651 4188 685 4252 in
701 4188 973 4273 oppositionibus,
997 4209 1082 4273 quae
1106 4189 1185 4251 fiunt
1206 4209 1265 4273 per
1283 4192 1384 4272 priaa
1398 4226 1443 4237 -

278 4452 380 4517 ¹)m1,
399 4448 424 4512 o.
443 4449 468 4503 4.
506 4450 581 4514 v‚t‚
605 4450 626 4504 t.
663 4451 739 4513 vti

212 4527 269 4585 vn,
288 4522 315 4585 a,
336 4520 360 4575 a.
397 4524 453 4582 vn.
472 4520 498 4581 a,
518 4526 569 4575 aa
593 4522 630 4575 17.
668 4520 760 4585 vna

212 4594 238 4657 Ἰ,
260 4593 289 4648 4.
326 4591 573 4655 V111‚13.extt.
609 4596 656 4654 IX,
678 4590 738 4655 l,b

277 4662 388 4729 2)1,8,
412 4664 450 4718 10.
486 4668 531 4727 111,
550 4662 575 4724 8.
595 4662 619 4718 3.
656 4666 711 4725 nu,
732 4664 755 4725 l,
777 4661 817 4724 ta.

212 4733 239 4789 3.
277 4732 483 4799 taberti.
520 4738 576 4799 vu,
595 4732 664 4797 4,2
701 4738 748 4798 tx,
770 4734 793 4799 1,
816 4733 837 4789 l.

775 4450 812 4505 ll.

762 4562 768 4584 ‚
788 4520 812 4576 6.

782 4596 829 4655 IX,

745 4490 751 4512 ‚
851 4454 895 4511 vl.
961 4451 984 4504 7.
1022 4450 1111 4514 vta,
1133 4451 1172 4504 14.
1209 4455 1259 4513 VI,
1285 4452 1317 4511 9.
1343 4457 1395 4505 ext
1417 4452 1441 4505 7.

848 4525 906 4653 {1¹⁹
965 4521 1067 4646 gath
1104 4525 1166 4584 VII,
1184 4520 1216 4584 6,
1236 4526 1288 4575 ext
1309 4521 1334 4576 3.
1372 4525 1441 4584 VIII,

855 4666 903 4717 1111

894 4611 928 4646 ex

915 4450 940 4511 3,

926 4520 951 4583 3·

904 4597 1440 4727 ,bmbWmesth
