3409 5400
538 505 621 579 LIB.
644 505 717 584 vlt.
741 507 780 575 Ο.
803 509 836 584 6.
857 516 890 585 i·
914 510 1034 579 2·-4.
1333 520 1398 587 579

262 664 301 732 In
322 665 379 731 illa
401 666 573 731 obsidione
598 678 630 731 et
651 667 716 731 tide
740 690 813 733 oum
840 671 975 735 trecenti
999 669 1205 739 Praenestini
1227 680 1440 759 permane-8.

92 805 93 812 .
168 782 262 845 rent,
291 774 398 837 euenit
426 783 461 837 ut
489 795 529 837 ex
557 772 610 839 his
640 774 776 861 quidam
801 799 929 842 murem
960 794 1091 864 captum
1120 779 1267 845 ducentis
1290 784 1399 866 potius

169 877 319 944 denariis
341 878 486 943 uendere
509 902 609 965 qnam
630 880 705 967 ipse
729 884 863 967 [potius]
887 883 1060 964 leniendae
1075 885 1173 951 famis
1190 888 1299 974 gratia
1322 910 1400 953 con·

92 994 94 1026 ÷
170 1004 305 1051 sumere
334 984 455 1049 mallet.
502 985 587 1061 Sed,
616 986 732 1061 credo,
762 988 898 1055 deorum
928 992 1134 1075 prouidentia
1162 993 1339 1071 [effectum]
1370 1005 1409 1055 et·

92 1100 95 1139 t
144 1090 335 1154 attenditori
359 1103 390 1155 et
418 1093 556 1177 emptori
584 1113 682 1178 quem
708 1104 843 1180 uterque
873 1097 1058 1163 merebatur
1089 1100 1207 1164 exitum
1236 1099 1398 1167 adtribuit.

92 1208 95 1249 t
170 1197 287 1261 Ausro
310 1198 479 1277 enim1et]
502 1198 590 1263 fame
612 1212 807 1285 consumpto
827 1204 991 1267 manubiis
1009 1204 1153 1269 sordium
1178 1226 1311 1269 suarum
1335 1207 1398 1269 frui

169 1324 241 1367 non
263 1302 366 1378 lieuit3
395 1308 492 1390 aequi
520 1306 621 1371 animi
643 1308 695 1370 nir
718 1308 760 1372 ad
793 1307 972 1373 salutarem
1003 1310 1177 1397 inpensam
1211 1310 1398 1375 faciendam

92 1437 93 1450 ¹
169 1430 250 1473 care
274 1409 416 1495 quidem,
438 1432 553 1475 uerum
576 1413 765 1479 necessarie
789 1425 968 1499 conparato
991 1415 1065 1479 cibo
1089 1417 1177 1481 uixit.

92 1530 95 1570 t
263 1514 346 1579 Gaio
370 1526 479 1581 autem
494 1516 612 1592 Mario,
636 1518 695 1586 Cn.
713 1519 864 1583 Carbone
888 1520 1078 1585 consulibus
1103 1521 1189 1586 ciuili
1213 1522 1297 1587 bello
1321 1524 1437 1590 cunt.

92 1640 95 1680 ι
132 1638 162 1682 ru
171 1619 212 1685 L.
243 1620 336 1707 Sylla
359 1621 610 1697 dissidentibus,
642 1646 706 1710 quo
738 1635 885 1710 ternpore
913 1648 980 1690 non
1012 1627 1058 1689 rei
1089 1626 1236 1711 publicae
1260 1629 1398 1695 uictoria

92 1751 95 1787 ι
172 1728 407 1814 quaerebatur,
435 1728 497 1793 sed
520 1730 699 1812 praemium
725 1728 881 1799 uictoriae
910 1754 964 1795 res
989 1744 1060 1797 erat
1086 1732 1233 1817 publica,
1263 1745 1396 1799 senatus

92 1858 94 1893 r
170 1834 323 1899 consulto
340 1854 441 1899 aurea
455 1844 553 1920 atque
569 1848 727 1921 argentea
742 1836 935 1922 templorum
950 1850 1153 1913 ornamenta,
1176 1860 1218 1903 ne
1241 1839 1396 1907 militibus

91 1964 94 2002 r
170 1939 336 2026 stipendia
358 1940 523 2017 deessent,
547 1940 689 2005 conflata
711 1953 797 2008 sunt.
842 1942 954 2031 Digna
978 1946 1064 2007 enim
1087 1966 1193 2009 causa
1216 1956 1296 2019 erat,
1319 1944 1396 2009 hine

172 2068 215 2110 an
245 2044 291 2109 illi
313 2046 536 2113 crudelitatem
564 2068 660 2112 suam
689 2050 927 2134 proscriptione
957 2050 1076 2113 ciuium
1106 2052 1278 2125 satiarent,
1306 2062 1341 2113 ut
1364 2052 1397 2114 di

92 2185 93 2188 =
132 2169 161 2212 15
170 2150 374 2218 immortales
401 2152 630 2238 spoliarentur.
679 2150 757 2219 Non
785 2174 864 2240 ergo
894 2165 1022 2238 patrum
1051 2157 1308 2239 conscriptorum
1337 2178 1395 2218 uo·

171 2260 294 2333 luntas,
319 2257 379 2322 sed
402 2260 608 2323 taeterrimae
625 2260 831 2323 necessitatis
844 2259 1025 2325 truculenta
1039 2282 1159 2326 manus
1175 2260 1222 2325 illi
1245 2262 1394 2327 consulto

172 2366 284 2431 stilum
306 2388 403 2431 suum
424 2365 591 2450 inpressit.

175 2524 200 2580 1.
217 2528 365 2592 penestrint
382 2522 409 2579 F
425 2529 451 2577 et
463 2540 510 2592 pr.
528 2523 561 2578 A.
579 2526 700 2590 penest.
713 2525 749 2575 ini
768 2538 838 2577 corr.
857 2524 889 2577 A.
901 2522 951 2593 112.
969 2526 1002 2577 tis
1015 2523 1050 2579 E.
1069 2528 1110 2577 sis
1122 2524 1185 2579 Pur.
1199 2523 1212 2595 ΙΙ
1226 2525 1325 2593 potius]
1345 2542 1394 2581 om.

92 2629 93 2654 ;
173 2596 211 2653 D.
223 2592 273 2665 113.
293 2594 616 2664 tempestiuam
631 2593 740 2656 (titteris
757 2613 801 2646 um
820 2594 848 2646 in
866 2602 974 2652 rasura)
990 2594 1027 2648 D.
1043 2594 1058 2664 ΙΙ
1074 2598 1163 2661 potius
1182 2612 1231 2649 om.
1249 2595 1390 2651 Dl'ibrr.

186 2669 199 2736 ΙΙ
214 2670 354 2721 leniendae
374 2664 412 2720 D.
428 2664 442 2732 ΙΙ
459 2665 484 2720 4.
503 2669 537 2720 de
559 2682 652 2720 eorum
670 2664 699 2722 F.
715 2665 729 2734 ΙΙ
744 2667 880 2734 etinctum]
902 2665 1010 2735 punctis
1026 2673 1141 2720 tutatuta
1159 2666 1190 2720 A.
1209 2679 1258 2721 orn.
1279 2667 1355 2722 Torr.
1367 2670 1381 2738 ΙΙ

92 2776 93 2803 .
173 2745 201 2790 et
218 2738 358 2804 uenditori]
377 2754 446 2803 quae
464 2741 593 2790 uenditori
610 2737 648 2790 D.
659 2737 673 2804 ΙΙ
684 2736 711 2791 5.
730 2742 758 2789 ut
775 2741 888 2802 emptori
906 2743 934 2789 et
951 2741 1080 2790 uenditori
1098 2737 1129 2790 F.
1144 2737 1156 2806 ll
1171 2737 1195 2792 u.
1215 2745 1242 2791 et
1260 2740 1342 2807 teme]
1365 2744 1392 2790 et

172 2825 223 2863 une.
240 2807 353 2862 DTorr.
364 2807 378 2873 ll
389 2807 415 2862 8.
434 2809 508 2876 aare]
526 2825 562 2861 eu
579 2825 608 2862 re
625 2806 655 2861 F
666 2808 681 2875 ΙΙ
693 2811 865 2862 necessariae
879 2823 924 2877 pr.
943 2807 976 2864 A.
993 2811 1149 2861 necessitati
1164 2807 1197 2862 F.
1208 2810 1222 2878 ΙΙ
1234 2809 1391 2877 conparato]

173 2883 233 2933 eius
251 2883 330 2945 paeto
347 2877 376 2932 F.
378 2877 406 3004 ll}
417 2879 494 2946 uixit]
511 2882 592 2930 iussit
607 2877 637 2932 F.
651 2883 664 2946 ll
678 2877 704 2932 9.
723 2881 750 2944 8.
767 2877 786 2932 4
803 2895 853 2932 orn.
872 2879 904 2932 Γ.
921 2877 935 2947 ΙΙ
951 2881 1048 2946 Mario]
1074 2878 1136 2934 add.
1156 2884 1265 2932 consule
1284 2880 1319 2934 E.
1333 2879 1348 2946 ΙΙ
1365 2887 1394 2932 et

173 2955 220 3004 Cn.
239 2955 361 3003 carbone
414 2947 491 3004 Torr.
508 2951 523 3018 ΙΙ
539 2953 694 3003 consulibus
717 2966 765 3003 uns.
784 2949 820 3005 E.
839 2946 941 3018 libello
960 2953 1030 3002 ciuili
1050 2948 1127 3002 Torr.
1145 2955 1158 3017 ΙΙ
1180 2947 1220 3006 11.
1246 2954 1394 3016 proemium

169 3037 214 3090 pr.
232 3021 264 3075 A
281 3023 412 3087 premium
429 3034 500 3073 corr.
517 3019 549 3073 A.
562 3019 576 3087 ΙΙ
586 3024 645 3072 erat
662 3037 707 3074 res
724 3018 763 3074 D.
777 3019 790 3084 ΙΙ
805 3021 846 3076 12.
867 3022 988 3074 consultu
1006 3019 1108 3081 (suma
1125 3019 1216 3074 10·qu
1233 3029 1340 3078 rasura)
1357 3021 1393 3074 D.

184 3094 317 3160 limitibus
328 3106 376 3160 pr.
392 3090 425 3144 A·
437 3087 503 3155 111³.
522 3092 605 3158 enim]
623 3097 713 3144 autern
732 3091 763 3146 F.
775 3093 789 3161 ΙΙ
799 3097 859 3144 erat
877 3107 962 3144 causa
983 3089 1058 3144 Torr.
1071 3091 1175 3158 libicos
1196 3097 1242 3145 ant
1258 3093 1304 3146 iila
1320 3089 1358 3144 D.
1370 3091 1383 3159 ΙΙ

175 3161 218 3216 rt.
236 3164 428 3229 proscriptione
447 3189 460 3216 s
472 3160 506 3214 A.
517 3160 531 3228 ΙΙ
546 3159 585 3214 16.
604 3163 665 3230 sed]
685 3160 747 3215 add.
766 3180 785 3214 e
801 3166 829 3216 te
842 3179 888 3232 pr.
905 3162 938 3216 A.
958 3159 1020 3214 add.
1040 3166 1101 3214 date
1119 3161 1156 3216 D.
1176 3161 1237 3215 odd.
1259 3165 1306 3214 tua
1324 3175 1394 3214 eurr.

174 3233 207 3289 A.
229 3233 305 3286 Turr.
316 3232 330 3300 ΙΙ
341 3235 475 3284 teterrime
487 3247 534 3300 pr.
550 3230 583 3284 A.
602 3235 738 3284 teterrime
755 3247 825 3287 corr.
842 3233 876 3295 A,
899 3232 976 3288 Tor-r.
991 3231 1180 3304 neccessitate
1196 3247 1240 3300 pr.
1251 3230 1283 3286 A.
1301 3247 1395 3287 neces·

176 3307 243 3355 sitas
262 3318 331 3355 oorr.
348 3301 381 3362 A,
402 3300 480 3356 Tar-r.
490 3303 506 3370 ΙΙ
518 3299 560 3354 Π.
577 3317 656 3354 suum
673 3317 724 3354 orn.
743 3300 820 3356 Torr.

237 3441 263 3496 ³.
273 3443 407 3497 ctsuan.
421 3444 454 3501 V,
465 3441 491 3501 t,
502 3439 536 3494 10
546 3438 631 3506 11.le
642 3445 705 3494 Cas.
714 3443 780 3494 Ptin.
791 3445 818 3494 b.
828 3459 855 3496 n.
868 3444 936 3499 viil.
947 3439 992 3500 bl,
1004 3439 1048 3494 82.
1060 3445 1148 3494 Front.
1160 3443 1236 3494 strat.
1246 3442 1302 3503 1111,
1313 3440 1339 3502 5.
1351 3439 1395 3497 2⁰.

244 3513 355 3566 umenti
370 3511 548 3573 Praenestini)
563 3512 662 3564 Strabo
682 3513 698 3563 l.
718 3529 741 3564 c.
760 3513 848 3569 DXL.
873 3513 964 3564 Liuius
984 3513 1100 3576 (xxiii,
1126 3509 1170 3578 19)
1195 3511 1295 3564 ὓΙ.ΧΧ
1315 3515 1395 3565 Prae·

175 3587 295 3637 uestinos
312 3585 423 3636 Casilini
439 3586 467 3636 in
484 3584 620 3648 praesidio
638 3583 724 3633 tuisse
741 3585 856 3635 tradunt.

246 3655 366 3722 [posu]
384 3651 522 3707 leniendae
531 3653 620 3720 suasis
634 3650 737 3720 qratia)
754 3653 852 3704 Tribus
871 3669 950 3704 unum
969 3656 1021 3704 boc
1039 3654 1190 3717 exemploru
1208 3653 1333 3706 intectum
1352 3659 1396 3706 est

92 3714 94 3741 '
176 3728 431 3790 interpolationibus,
450 3728 574 3777 omnibns
593 3740 680 3790 aeque
704 3724 864 3776 manitesn's.
909 3726 992 3776 Miror
1017 3725 1139 3790 equidem
1163 3726 1190 3774 in
1208 3727 1295 3788 prima
1313 3727 1395 3778 altum

177 3799 290 3861 priorum
309 3798 441 3848 editorum
457 3799 493 3848 ds
511 3796 646 3847 codicibus
665 3796 853 3858 manuscriptis
871 3795 1012 3854 silentium,
1032 3809 1090 3844 cum
1110 3797 1238 3860 perpauci
1250 3797 1309 3846 libri
1322 3799 1394 3848 dum·

178 3871 251 3920 taxat
268 3883 326 3918 non-
339 3869 382 3918 bis
401 3868 547 3919 exhibeant
558 3863 667 3933 petius,
686 3867 756 3928 arrad
774 3867 864 3929 priora
882 3867 941 3916 loco
959 3867 1114 3916 neaemario
1133 3867 1274 3916 delendum
1293 3869 1349 3923 eutr
1368 3869 1395 3918 in

178 3941 262 3990 attam
281 3939 425 3996 Vorstlum,
443 3939 488 4000 qui
505 3939 623 4000 ineptum
641 3937 708 3987 illud
726 3934 852 4001 eff'ectsns.
872 3939 1031 4000 expunctum
1051 3953 1068 3986 s
1086 3937 1195 4004 Pighio.
1215 3940 1350 3988 reuocauit
1368 3943 1395 3990 et

178 4009 318 4059 subaudito
336 4010 493 4073 pronomine
510 4005 542 4058 id
557 4009 588 4058 et
604 4010 688 4058 uerbo
705 4012 744 4058 est
761 4008 875 4073 egregie
894 4021 1003 4070 prorsus
1028 4012 1147 4065 suamet,
1173 4009 1283 4057 deornm
1307 4010 1395 4072 proui-

179 4080 267 4130 dentia
285 4080 410 4131 effectum
429 4093 494 4130 esse
512 4083 542 4128 ut
558 4080 586 4129 in
603 4081 680 4129 muta
696 4078 786 4140 inopis
805 4083 867 4127 ‘nos
885 4092 964 4127 nemo
982 4091 1084 4128 murem
1102 4079 1218 4128 uendere
1234 4095 1313 4143 quarn
1332 4093 1394 4128 eon-

179 4164 283 4209 sumers
300 4150 457 4201 maluisset.
493 4148 592 4213 Spuria
609 4165 663 4200 uox
680 4150 740 4200 sine
758 4148 838 4198 dubio
858 4148 885 4198 in
909 4149 1030 4215 margine
1054 4150 1153 4210 antiqui
1178 4150 1316 4198 ouius'dsm
1335 4150 1395 4198 libri

179 4222 294 4284 ascripta
312 4222 348 4272 sd
366 4221 554 4284 explicandum
572 4220 616 4269 nel
634 4219 829 4270 emendandum
853 4219 941 4269 exitus
965 4219 1140 4276 uocabulum,
1164 4221 1234 4280 quod
1260 4221 1293 4269 de
1312 4220 1395 4268 altero

179 4293 276 4342 tantum
295 4291 367 4348 uiro,
386 4292 432 4352 qui
450 4291 523 4341 tame
546 4293 720 4353 consumptus
739 4290 797 4345 est,
815 4291 908 4352 aptum
927 4290 1079 4344 uidebatur.
1099 4292 1200 4354 postea
1224 4290 1312 4340 alieno
1335 4289 1395 4338 loco

92 4412 93 4415 ,
178 4363 241 4414 iuter
262 4363 381 4429 genuina
399 4361 499 4413 Valerii
520 4362 631 4424 recepta
653 4364 705 4412 est.
750 4359 858 4410 Tertiae
882 4360 1107 4424 interpolationis,
1131 4361 1245 4422 copulae
1270 4363 1296 4408 et
1323 4357 1396 4408 mele

177 4434 294 4485 insertus
312 4435 377 4482 ante
387 4429 475 4497 sane,
493 4445 607 4482 causum
623 4431 784 4494 praebuisse
801 4431 915 4493 apparet
938 4431 1008 4495 quod
1027 4431 1096 4480 duae
1121 4430 1331 4496 significationes
1350 4429 1397 4476 bo·

178 4505 253 4554 minis
276 4504 353 4554 suari
377 4506 405 4554 st
429 4503 503 4555 teme
527 4502 678 4564 compti
700 4514 735 4552 ex
758 4516 846 4562 aequo
870 4501 975 4564 positae
998 4514 1063 4550 esse
1088 4501 1168 4564 etque
1191 4501 1230 4548 ita
1253 4513 1306 4550 non
1324 4501 1397 4548 reete

92 4564 93 4585 ³
177 4572 320 4633 tomam
337 4575 460 4637 componi
478 4572 648 4638 putabuntur.
685 4571 755 4622 Nam
776 4586 808 4622 en
823 4568 902 4636 suane
919 4575 1084 4637 resumpto,
1107 4583 1178 4630 quse
1196 4569 1317 4620 Torrenli
1334 4585 1397 4620 con·

178 4647 275 4698 mma
293 4648 344 4704 est.
362 4645 459 4696 Latine
477 4645 528 4694 diei
546 4658 601 4694 non
619 4642 684 4692 mibi
700 4644 887 4706 persuadetur.

242 4714 271 4771 4.
287 4713 458 4770 morenae
473 4710 649 4774 mussitatio
665 4714 818 4766 ttutauerat
834 4714 904 4766 baec
916 4727 977 4764 cnm
989 4709 1160 4764 emendatore
1177 4711 1238 4762 libri
1252 4712 1397 4764 tiernensis

1129 4797 1199 4864 37*
