3409 5400
286 499 353 568 tut
596 485 657 558 Du
680 481 843 556 STVDIO
866 479 923 552 ET
943 477 1195 548 INDVSTRIA.

287 673 426 744 quanam
453 649 584 738 legibus
612 670 653 714 ac
680 644 826 712 moribus
855 643 1012 728 inspectis
1041 640 1086 708 ad
1108 638 1316 727 Olympicum
1342 643 1518 701 emtamn

287 757 468 828 descendit.
514 755 661 840 Cumque
691 750 880 837 multiplicia
910 747 1066 816 scientiae
1093 747 1271 816 maximam
1298 744 1381 808 inter
1408 743 1515 806 totius
1620 793 1621 838 ἶ

288 864 449 932 Graeciae
477 859 726 928 admirationem
754 857 924 942 specimen
958 851 1174 928 exhibuisset,
1211 871 1277 939 quo
1310 848 1514 935 cognomine

287 979 476 1039 censeretur
496 968 729 1052 interrogatus,
750 984 818 1026 non
832 981 871 1027 se
886 960 1079 1046 sapiam,
1100 960 1169 1024 iam
1184 958 1272 1022 cuim
1282 953 1363 1021 illud
1381 963 1513 1038 septem

287 1076 482 1146 excellentes
506 1073 572 1136 uiri
593 1084 843 1156 occupauerant,
868 1065 929 1130 sed
951 1075 1132 1130 amatorem
1159 1062 1357 1162 sapientias,
1395 1058 1430 1124 id
1457 1070 1543 1122 esta

288 1183 414 1248 Graece
438 1175 660 1266 pbilosophon
681 1174 791 1240 edidit.
837 1170 875 1238 in
896 1170 1009 1238 Italiae
1032 1173 1131 1238 etiam
1152 1179 1296 1256 partem,
1323 1186 1409 1253 quae
1432 1175 1511 1230 tunc

286 1287 394 1356 maior
415 1283 557 1350 Graecia
578 1279 813 1368 appellabatur.
834 1279 985 1365 perrexit,
1007 1279 1042 1344 iu
1064 1299 1130 1363 qua
1151 1274 1299 1363 plurimis
1322 1281 1354 1335 et
1372 1268 1511 1358 epulan

286 1393 426 1462 tissimie
448 1388 584 1456 urbibus
610 1387 748 1452 effectus
778 1384 960 1452 auduram
987 1404 1123 1450 suorum
1150 1378 1354 1468 adprobauit.
1405 1375 1511 1441 Cuius

287 1500 457 1568 ardentem
482 1513 603 1582 rogum
631 1492 737 1580 plenia
764 1491 987 1558 uenerationis
1018 1489 1121 1554 oculis
1143 1479 1354 1573 Metapontus
1382 1483 1513 1568 aspexit

226 1588 259 1657 >l
287 1605 461 1695 oppidum,
488 1599 700 1688 Pythagorae
717 1619 819 1685 quam
833 1618 969 1664 auorum
987 1598 1134 1664 cinerum
1157 1593 1299 1662 nobilius
1322 1589 1554 1674 clariusqueaa

287 1730 543 1784 monumcumm.

290 1867 315 1925 l.
334 1869 377 1936 acl
397 1869 424 1920 et
440 1863 473 1921 F.
486 1863 500 1932 ll
513 1866 651 1928 inspectus
670 1857 723 1930 Gli
739 1857 907 1928 olympicum
928 1859 958 1916 0.
973 1859 988 1929 ΙΙ
1004 1857 1030 1916 2.
1049 1861 1185 1927 multipiici
1197 1873 1244 1928 pr.
1261 1857 1294 1914 Α.
1343 1861 1460 1912 maxima
1478 1855 1510 1911 D

291 1936 485 2006 Tomliinter]
503 1936 572 1987 tuter
589 1947 684 1987 omnes
701 1931 761 1986 DF
777 1938 803 1984 rt
818 1932 848 1984 ia
864 1947 963 1986 rma
980 1931 1014 1987 A.
1038 1933 1219 2002 interrugatus
1265 1930 1271 1942 '
1360 1925 1512 1990 dadam)

291 2008 321 2064 0.
338 2025 389 2061 aaa.
405 2005 517 2061 ETorr.
532 2004 546 2074 ΙΙ
562 2003 655 2070 totius]
679 2001 707 2055 ia
729 2016 827 2056 rasura
848 2001 882 2058 A.
905 2019 954 2058 ota.
981 2001 1072 2056 OEF.
1087 2001 1101 2069 ΙΙ
1116 1999 1143 2056 s.
1162 2001 1374 2068 admirationem}
1399 1996 1461 2054 aii.
1480 2007 1510 2052 et

292 2075 381 2134 CH.
400 2077 574 2130 admiratione
591 2070 762 2126 ADI'Totr.
774 2072 826 2138 lli.
844 2073 1005 2160 sapientem]
1028 2071 1113 2143 σοφόν
1135 2069 1212 2125 Torr.
1223 2071 1237 2140 ΙΙ
1253 2069 1279 2126 b.
1298 2076 1443 2123 amatorem
1461 2085 1508 2122 sa·

288 2142 799 2281 subdistinguitur
812 2140 1294 2280 i‘i·.tli⁰.2;tit²⁰..iii.⁹‘·4
1310 2142 1509 2266 ”litiis

290 2292 398 2358 spondit
410 2283 550 2356 ilamllb.
567 2299 676 2337 auorum
694 2287 841 2337 studiorum
856 2277 932 2337 Torr.
944 2281 995 2352 ilii.
1010 2287 1116 2350 pienum
1129 2279 1213 2337 Aeli
1249 2281 1281 2338 F.
1292 2283 1306 2354 ΙΙ
1334 2281 1361 2336 0.
1379 2283 1507 2350 mamm]

290 2366 351 2416 aare
367 2366 476 2416 auorum
494 2355 526 2412 F.
544 2357 641 2414 ciuium
658 2353 695 2410 E.
706 2354 720 2424 ΙΙ
731 2357 864 2408 claricaue
882 2358 1052 2408 monumento
1073 2353 1150 2411 Torr.

289 2499 407 2572 scripsit,
424 2497 530 2568 serpsit,
546 2495 665 2565 sumpsit.
705 2497 761 2548 Nec
785 2498 874 2548 dubito
899 2498 962 2564 quin
979 2499 1051 2550 recte
1070 2496 1131 2548 iude
1155 2496 1288 2548 corrector
1306 2496 1376 2548 iilius
1393 2497 1453 2547 libri
1470 2496 1509 2548 ia·

290 2575 357 2626 uerit
372 2569 487 2639 malt,
506 2585 586 2636 quam
604 2568 715 2634 perfecti
732 2569 861 2628 formam,
885 2569 911 2619 in
935 2568 1083 2634 composito
1111 2567 1257 2618 adhibitam
1278 2583 1296 2617 a
1319 2567 1429 2618 bucano
1450 2567 1509 2626 titi.

291 2637 352 2704 lid),
371 2644 442 2708 apud
460 2645 567 2692 uetares
586 2640 709 2689 auctores
728 2639 831 2708 legisse
848 2653 881 2690 aa
899 2642 1013 2690 testatur
1031 2639 1151 2691 Diomed.
1170 2639 1191 2699 1,
1213 2653 1239 2702 p.
1257 2633 1319 2696 auti.
1338 2638 1385 2704 (ct
1402 2638 1509 2690 libaria.

289 2713 336 2774 111,
353 2730 380 2779 p.
397 2710 461 2766 sti.
478 2711 561 2763 Prisc.
580 2726 607 2775 p.
620 2706 682 2767 873,
701 2704 754 2761 874
772 2710 893 2773 Puteoli.)
912 2726 1073 2776 quamquam
1085 2724 1146 2761 eam
1165 2712 1194 2759 ut
1205 2711 1350 2761 barbaram
1363 2711 1510 2761 damnabat

290 2784 351 2837 Vai.
369 2784 449 2835 Prob.
466 2797 494 2847 p.
513 2775 589 2832 tiso.
609 2778 660 2843 (Gt
679 2782 766 2843 Caper
784 2797 810 2845 p.
828 2776 928 2845 diist).
966 2783 1088 2835 Ceterum
1107 2782 1202 2832 cadem
1221 2780 1341 2834 eiusdem
1359 2781 1434 2832 uerbi
1451 2795 1509 2835 me

289 2855 406 2919 tapbora
423 2865 490 2903 naua
507 2852 551 2901 est
567 2849 620 2900 cte.
633 2850 667 2899 ad
686 2854 717 2909 Q.
731 2850 762 2901 tr.
781 2852 826 2909 111.
844 2846 870 2909 u,
889 2848 906 2903 5
925 2856 953 2904 et
970 2853 997 2903 ln
1009 2852 1070 2903 Aut.
1082 2851 1129 2911 Xi,
1146 2847 1173 2909 b.
1188 2846 1230 2901 10.
1266 2851 1429 2911 Perizonius.
1446 2864 1508 2903 cum

289 2922 352 2974 inde
370 2939 388 2972 a
405 2920 502 2989 Pigbio
520 2921 643 2971 ederettu
659 2916 761 2973 iraath
784 2922 929 2989 legendum
953 2936 1017 2975 esse
1040 2922 1151 2973 conimii
1169 2918 1319 2989 ιύσνὲριὲἱ,
1344 2922 1396 2973 ltoc
1413 2935 1508 2981 uuae.

290 3005 353 3046 enm
373 2992 463 3042 omnia
484 2993 542 3042 tam
563 2988 704 3059 diiigenter
726 2990 852 3043 didicisse
875 2993 954 3055 quasi
976 2994 1065 3044 animo
1088 3007 1139 3043 suo
1162 2992 1224 3043 stilo
1246 2994 1342 3045 essent
1363 2992 1508 3057 impressa,

291 3064 361 3129 quod
379 3062 459 3113 ualde
476 3059 576 3125 placuit
590 3059 729 3118 Torrenio.
747 3076 834 3127 neque
852 3064 943 3113 utnon
961 3065 996 3114 ab
1015 3078 1048 3115 eo
1067 3064 1202 3127 receptum
1221 3064 1272 3119 est

319 3184 322 3191 ,
361 3128 499 3183 miricas
516 3128 586 3181 iatcr
602 3127 681 3181 witae
698 3128 828 3183 Graecia
846 3130 1057 3193 admirationem)
1083 3134 1228 3195 Beruensis
1249 3134 1309 3184 iibri
1328 3132 1508 3187 testimonium

290 3217 350 3254 cum
368 3202 452 3253 lateat
468 3203 521 3251 sub
538 3202 617 3251 litura
635 3203 716 3263 atqua
728 3204 797 3253 adeo
809 3204 912 3255 luceria
923 3205 959 3254 sit
970 3205 1111 3271 archetypi
1122 3206 1238 3268 exempli
1249 3204 1390 3269 scriptura,
1408 3206 1509 3270 optime

289 3272 370 3325 tidem
381 3273 541 3324 habebimus
553 3270 674 3333 proximo
687 3287 705 3321 a
716 3272 855 3333 Beruensi.
868 3276 945 3325 nitori
957 3275 1122 3328 berolinensi
1137 3273 1168 3329 G.
1182 3272 1321 3327 matinata
1332 3273 1511 3343 tatcmpatsa

289 3344 432 3395 exhibenti
468 3342 498 3392 in
516 3342 612 3407 quibua
630 3354 698 3393 sane
715 3346 873 3395 mendosum
891 3345 954 3395 iliud
973 3342 1149 3411 intemptatae
1160 3362 1178 3395 a
1190 3346 1306 3404 librario.
1325 3348 1420 3397 eadam
1441 3362 1507 3397 nece

288 3414 371 3479 paulo
388 3412 558 3479 postposita
576 3412 696 3476 decepto,
715 3415 885 3465 substitutum
904 3428 969 3467 csse
987 3417 1090 3469 uidetur
1107 3432 1156 3479 pro
1174 3412 1244 3468 later
1260 3414 1347 3479 totius.
1369 3418 1441 3480 quod
1459 3419 1506 3468 ab·

289 3484 427 3535 breuiatus
449 3496 554 3548 qnoque
577 3480 803 3546 Guelferbytanus
826 3487 928 3544 tuetur.
959 3488 1036 3538 cuius
1064 3486 1198 3550 scriptura
1223 3501 1311 3551 neque
1334 3501 1353 3539 a
1373 3488 1508 3541 mutantia

289 3568 378 3621 nequa
400 3569 417 3604 a
439 3552 666 3604 uerisimflitudine
688 3554 822 3606 abhorret
869 3556 951 3616 Nam.
981 3557 1049 3623 quod
1075 3557 1119 3609 aiii
1142 3562 1320 3609 correctorem
1342 3558 1507 3611 Berueuaem

289 3624 376 3675 secuti
393 3624 455 3690 post
471 3620 540 3674 inter
557 3622 732 3681 intruserunt,
756 3637 853 3684 omma,
878 3642 964 3693 neque
983 3629 1133 3679 sententiae
1151 3630 1274 3680 conuenit
1292 3632 1319 3680 et
1336 3630 1408 3679 omni
1426 3630 1507 3681 deaii·

288 3695 372 3745 tutum
390 3695 434 3744 eat
449 3695 579 3772 bonorum
596 3693 722 3743 librorum
739 3697 977 3751 commendatione.

287 3778 416 3884 inform
427 3764 1508 3908 badimffobbdllsbqlbbgbullgibbbbbblaoglhoidltlbncitlalffattmiffilgbidabllbbffi

287 3903 426 3965 pessimae
443 3906 524 3955 notae
542 3902 677 3953 codicibus
694 3904 771 3957 ilaus.
812 3908 888 3969 Quod
908 3922 960 3959 nos
977 3911 1163 3961 reuocauimua
1182 3910 1274 3960 bausit
1291 3912 1415 3963 Valerius
1432 3927 1449 3963 a
1467 3912 1507 3963 Ci-

288 3972 394 4021 aaronis
406 3972 487 4024 Tuae.
501 3974 532 4031 V.
551 3968 576 4031 d
595 3967 613 4023 s
632 3975 721 4024 uerbis
735 3975 830 4028 leniter
847 3977 1001 4035 immutatis.
1036 3980 1137 4033 Nostra
1148 3982 1274 4047 exempta
1291 3982 1318 4033 iu
1337 3982 1421 4033 uerbo
1434 3982 1507 4033 dolie

287 4043 391 4091 tantum
413 4042 551 4105 pauiulm
574 4042 740 4106 discrepant,
768 4046 816 4098 sed
839 4048 878 4097 ita
902 4048 929 4098 ut
950 4048 978 4099 lu
1000 4052 1149 4118 archetypo
1172 4053 1264 4106 codice
1287 4054 1334 4104 aut
1357 4046 1441 4103 adicit
1461 4056 1508 4103 aut

288 4105 399 4162 edstlt‘ca't
420 4109 507 4162 lirisae
531 4115 674 4175 appareat.
699 4116 769 4166 nude
792 4119 865 4169 recte
886 4118 914 4169 ln
937 4119 1049 4173 alterius
1072 4122 1191 4173 hmliiaa
1214 4123 1301 4173 altera
1323 4125 1400 4188 parte
1422 4119 1508 4175 edidit

288 4182 388 4233 tactum
406 4194 470 4233 esse
488 4182 567 4247 puto,
591 4184 659 4247 quod
677 4182 705 4233 in
724 4198 774 4236 suc
792 4189 885 4239 codice
906 4190 1042 4241 inuentum
1061 4195 1225 4257 probauerat
1242 4194 1323 4246 aliana
1342 4194 1505 4247 Perizonius

359 4248 507 4333 clariaeque
523 4256 720 4335 mensuratum
737 4254 819 4307 Recte
832 4258 943 4327 Pighius
962 4261 1043 4326 paulo
1061 4266 1125 4317 ante
1137 4278 1154 4315 c
1166 4264 1312 4324 codicibus.
1331 4265 1505 4317 condmauta

286 4322 399 4384 Paride,
418 4319 505 4391 pirata
527 4323 640 4405 restituit
662 4338 711 4386 pro
728 4323 849 4391 picam
878 4332 948 4395 quod
966 4346 1050 4383 sensu
1068 4335 1174 4387 omniuo
1200 4341 1282 4389 caret.
1319 4332 1375 4389 sea
1398 4340 1506 4401 praeter

285 4407 392 4446 omnem
414 4393 604 4446 necessitatem
627 4393 696 4444 idem
720 4403 907 4451 maestam
929 4406 1082 4455 mutauerat
1103 4406 1133 4457 ln
1154 4408 1330 4461 mmm.
1361 4404 1505 4459 Susiauum

286 4465 439 4528 exemplum
456 4464 573 4522 aecum,
592 4464 661 4529 quod
680 4472 838 4531 receperunt
855 4472 938 4523 ceteri
956 4476 1134 4542 grammatici,
1152 4465 1277 4541 probauit
1290 4476 1445 4537 Torrentius,
1463 4478 1505 4529 eui

286 4534 357 4601 quod
380 4536 473 4586 ander
495 4536 583 4599 tpanm
605 4534 730 4599 oppidum
755 4538 850 4591 dixerit
872 4546 1070 4597 mouumentum
1093 4548 1269 4617 Pythagorae
1292 4548 1385 4601 durius
1403 4550 1505 4601 uidetur

284 4618 366 4663 (tum
390 4606 420 4655 ut
442 4604 545 4657 admitti
567 4606 663 4669 possit.
707 4606 836 4673 liquidem
849 4612 885 4671 &a
907 4628 939 4667 oo
963 4614 1029 4669 nibil
1055 4617 1128 4677 duri.
1142 4618 1265 4681 inuenio,
1279 4620 1358 4687 ¹quod
1378 4620 1505 4687 oppidum

283 4670 384 4735 inquo
400 4674 617 4742 auaritiaque
635 4678 762 4744 docuerit,
781 4682 808 4735 iu
826 4698 879 4751 quo
897 4685 1021 4752 sepultus
1040 4688 1075 4741 alt
1092 4688 1284 4761 Pythagom
1305 4692 1505 4747 mummium
