3409 5400
271 518 338 586 294
700 510 760 577 Du
782 506 965 576 FIDVCIA
987 506 1072 578 SVL

274 678 363 746 eliud
385 686 436 741 est
457 697 557 763 quam
580 674 782 740 saeuientem
805 672 969 736 fortunam
998 673 1034 736 iu
1062 670 1258 736 adiutorium
1291 672 1342 737 sui
1370 670 1501 759 pudore

273 789 396 852 uictam
419 780 626 849 conuertere!

211 896 263 961 11.
362 890 488 977 Magno
512 892 618 976 spatio
643 889 769 953 diuisus
793 898 844 951 est
858 909 880 952 a
894 895 1014 951 senatu
1029 885 1072 951 ad
1087 900 1220 973 poetam
1235 889 1374 953 Accium
1392 898 1503 952 bans·

273 1003 349 1067 itus
402 996 553 1061 Ceterum
581 1008 615 1060 ut
639 996 679 1061 ab
712 1016 751 1057 eo
776 994 946 1058 decentius
971 994 1014 1058 ad
1034 1006 1169 1060 externa
1183 1008 1402 1069 transeamus,
1425 1016 1504 1081 pro·

274 1106 412 1171 ducatur
426 1106 461 1168 in
476 1102 630 1169 medium.
666 1102 698 1167 ls
715 1100 795 1166 lulio
813 1100 960 1177 Caesari,
984 1102 1190 1189 amplissimo
1213 1126 1252 1168 ac
1269 1102 1528 1166 florentissimot

274 1214 358 1288 uiro,
380 1213 415 1275 in
438 1210 624 1297 conlegium
647 1220 818 1296 poetarum
842 1211 986 1273 uenienti
1008 1232 1189 1296 numquam
1212 1210 1411 1283 adsurrexit,
1433 1228 1505 1271 non

274 1320 457 1385 maiestatis
481 1318 551 1383 eius
574 1320 749 1391 inmemor,
773 1315 833 1381 sed
857 1314 946 1401 quod
967 1318 1003 1381 in
1025 1319 1259 1402 conparatione
1281 1316 1506 1382 communium

278 1426 459 1492 studiorum
483 1424 650 1510 aliquanto
675 1447 711 1488 se
736 1425 940 1510 superiorem
963 1446 1039 1488 esse
1063 1423 1249 1491 confideret.
1296 1423 1505 1509 Quapropter

276 1532 469 1598 insolentiae
498 1533 631 1596 crimine
660 1532 777 1605 caruit,
808 1531 886 1616 quia
910 1530 955 1595 ibi
983 1529 1202 1608 uoluminum,
1229 1552 1298 1596 non
1319 1531 1504 1615 imaginum

277 1639 458 1705 certamina
480 1637 724 1703 exercebantur.
1514 1656 1544 1699 io

143 1742 216 1812 Exi.
237 1745 267 1813 1.
367 1745 417 1811 Nc
447 1745 623 1829 Euripides
659 1746 791 1831 quidem
819 1742 958 1808 Athenis
988 1744 1157 1832 adrogans
1186 1747 1279 1811 uisus
1313 1755 1381 1819 est,
1417 1764 1505 1818 cum,

277 1852 463 1940 postulante
492 1851 613 1936 populo
642 1864 676 1917 ut
704 1852 938 1938 extragoedia
962 1851 1128 1938 quandam
1151 1853 1344 1917 sententiam
1367 1850 1505 1926 tolleret,

278 1980 478 2045 progressus
506 1960 542 2023 in
571 1980 705 2023 scenam
734 1959 814 2023 dixit
842 1981 879 2023 se
902 1973 937 2021 ut
960 1980 1035 2023 eum
1058 1958 1206 2036 doceret,
1236 1980 1303 2022 non
1330 1970 1368 2024 ut
1394 1957 1435 2021 ab
1464 1979 1504 2021 eo

280 2065 436 2141 disceret,
465 2064 593 2129 fabulas
623 2086 807 2151 conponere
837 2065 954 2130 solere.
1000 2064 1184 2129 Laudanda
1210 2066 1355 2152 proiecto
1385 2065 1507 2129 fiducia

280 2182 345 2249 est,
360 2206 365 2219 ·
382 2194 466 2260 quae
502 2174 762 2238 aestimationem
791 2174 841 2237 sui
871 2183 958 2235 certo
989 2172 1135 2258 pondere
1169 2174 1346 2248 examinat,
1380 2183 1542 2237 tantumts

281 2280 345 2346 sibi
388 2279 572 2367 adrogans,
614 2290 771 2366 quantum
812 2302 833 2343 a
873 2290 1060 2365 contemptu
1099 2291 1130 2343 et
1167 2278 1350 2345 insolentia
1382 2278 1505 2366 distare

281 2388 363 2453 satis
387 2396 447 2451 est.
1464 2472 1467 2477 p

369 2492 482 2581 Itaque
512 2496 610 2559 etiam
640 2492 728 2583 quod
750 2491 910 2558 Alcestidi
932 2494 1058 2581 tragico
1086 2502 1204 2579 poetae
1232 2491 1404 2579 respondit
1429 2514 1506 2578 pro·

280 2600 400 2668 babile.
444 2598 544 2687 Apud
573 2622 670 2688 quem
700 2624 777 2667 ¹cum
806 2612 995 2688 quereretur
1018 2600 1106 2687 quod
1135 2622 1174 2664 eo
1203 2599 1311 2663 triduo
1333 2622 1400 2664 non
1423 2599 1508 2664 ultra

281 2721 347 2774 tres
370 2729 487 2773 uersus
511 2709 653 2773 maximo
677 2711 815 2795 inpenso
838 2708 951 2773 labore
975 2708 1137 2773 deducere
1159 2708 1330 2793 potuisset,
1357 2718 1454 2794 atque
1477 2709 1543 2771 iseo

282 2839 320 2882 se
343 2825 473 2880 centum
496 2815 652 2902 perfacile
676 2817 852 2900 scripsisse
876 2815 1078 2901 gloriaretur,
1101 2816 1181 2879 ‘Sed
1203 2813 1287 2890 hoc',
1310 2816 1423 2902 inquit,
1446 2817 1507 2878 ‘ia-

282 2934 389 2998 terest,
415 2921 504 3008 quod
520 2923 565 2986 tui
579 2923 614 2986 in
630 2921 771 2986 triduum
786 2921 1021 2997 tantummodo,
1043 2922 1108 2985 mei
1125 2942 1201 2985 uero
1216 2921 1251 2984 in
1266 2943 1363 2984 omne
1379 2933 1507 3005 tempus

283 3028 467 3096 sufficient'.
521 3027 663 3092 Alterius
693 3030 779 3092 enim
808 3029 941 3092 secundi
970 3050 1087 3093 cursus
1122 3029 1246 3113 scripta
1271 3029 1357 3092 intra
1384 3029 1507 3113 primas

282 3138 462 3204 memoriae
485 3147 590 3200 metas
614 3149 820 3212 conruerunt,
844 3137 976 3201 alterius
1001 3145 1171 3199 cunctante
1194 3135 1269 3200 stilo
1286 3133 1506 3199 elucubratum

285 3265 369 3330 opus
392 3263 451 3330 per
474 3263 570 3306 omne
594 3243 669 3306 aeui
692 3253 819 3328 tempus
842 3243 949 3328 plenis
973 3244 1098 3330 gloriae
1121 3243 1204 3307 uelis
1226 3244 1357 3308 feretur.
1515 3256 1542 3300 aa

242 3343 273 3409 2·
373 3349 526 3416 Adiciam
555 3369 675 3414 scenae
709 3348 858 3414 eiusdem
892 3349 1086 3435 exemplum.
1136 3347 1356 3436 Antigenidas
1390 3349 1507 3414 tibicen

285 3491 311 3547 3.
330 3496 432 3564 Magno
442 3523 476 3532 —
487 3489 536 3560 (5.)
556 3491 699 3560 ls1Aclius
718 3494 799 3556 poeta
817 3491 843 3543 Γ
841 3530 847 3543 .
861 3489 911 3560 115.
925 3492 968 3559 ac]
989 3495 1017 3542 et
1033 3487 1174 3544 Extat.
1185 3489 1200 3559 ΙΙ
1212 3487 1236 3543 7.
1256 3491 1326 3558 eius]
1346 3494 1415 3542 enlm
1432 3488 1469 3543 Ε.
1481 3491 1495 3554 ΙΙ

286 3567 477 3632 conparatione
495 3587 510 3617 a
528 3561 559 3617 A.
579 3565 806 3629 cornparationem
831 3561 928 3616 BCD.
945 3560 1000 3631 118.
1025 3564 1189 3628 superiorem
1214 3578 1244 3612 se
1267 3560 1345 3612 Torr.
1360 3563 1376 3628 ΙΙ
1394 3559 1436 3614 12.
1455 3567 1507 3611 tra·

184 3659 188 3668 ·
285 3640 404 3708 gocdaa
421 3633 454 3688 Α.
472 3636 484 3704 11
505 3631 620 3703 quadam
639 3633 674 3686 E.
691 3635 705 3702 ΙΙ
727 3631 766 3687 15.
787 3635 1010 3686 existimationem
1029 3631 1066 3686 D.
1085 3632 1098 3700 ΙΙ
1118 3629 1158 3686 lt.
1178 3632 1215 3699 et]
1235 3635 1264 3683 ut
1284 3631 1403 3699 01120.
1422 3635 1445 3683 is
1464 3631 1506 3698 sel

286 3711 358 3759 idem
378 3722 409 3759 se
428 3707 460 3759 Β.
479 3709 538 3771 ipse
557 3705 592 3758 F..
604 3705 618 3772 ΙΙ
630 3704 673 3758 21.
692 3708 820 3770 perfacile
839 3709 944 3756 centnm
962 3703 994 3758 F.
1009 3703 1079 3771 1122.
1103 3707 1131 3752 tu
1145 3720 1190 3771 pr.
1208 3702 1241 3754 Α.
1257 3703 1272 3772 Η
1287 3706 1315 3754 in
1332 3703 1457 3770 triduum]
1482 3704 1507 3752 iu

287 3794 338 3828 om.
355 3775 387 3831 F.
399 3777 413 3845 11
425 3777 513 3843 omne]
534 3775 596 3827 edd.
615 3777 676 3828 acui
694 3774 732 3828 D.
744 3778 756 3844 ΙΙ
768 3771 811 3828 23.
831 3778 954 3828 foecundi
970 3773 1025 3838 (Δ.)
1043 3775 1154 3842 secundi
1171 3781 1272 3843 typoqr.
1285 3789 1377 3826 errore
1396 3773 1473 3828 Torr.
1484 3772 1498 3838 11

287 3848 369 3912 inire]
388 3849 454 3898 inita
469 3850 539 3898 intra
547 3845 579 3899 F.
596 3845 669 3915 1124.
689 3849 875 3916 clugubratum
896 3845 947 3899 CF
964 3852 990 3898 ct
1004 3862 1047 3914 pr.
1059 3845 1092 3899 A.
1105 3844 1118 3917 ΙΙ
1132 3843 1176 3900 25.
1194 3851 1300 3912 tempus
1320 3848 1380 3898 aeui
1397 3841 1508 3915 1111211.

288 3917 408 3970 Adiciam
427 3945 461 3954 -
480 3920 631 3983 exemplum
649 3933 699 3971 om.
715 3917 746 3969 Γ.
762 3915 773 3988 ll
789 3918 980 3986 Anthtgenides
998 3915 1032 3968 E.

288 4042 408 4093 cedentis
427 4043 520 4105 eapitis
534 4043 559 4104 s.
574 4039 597 4102 i,
617 4039 733 4107 dependo
745 4037 942 4108 traiciendoque
953 4042 1076 4096 exercite.
1112 4045 1178 4095 item
1191 4046 1249 4095 sine
1261 4043 1273 4094 i
1285 4045 1359 4101 dixit,
1378 4044 1508 4105 siquidem

286 4115 374 4164 bonos
385 4113 491 4162 codices
504 4115 634 4170 auditune,
648 4113 691 4170 VI,
702 4109 728 4170 11,
742 4109 775 4163 te
785 4111 929 4167 conatae.
940 4115 1008 4174 Vlll,
1018 4112 1143 4175 ll,ext.b
1154 4113 1271 4182 adfecte.
1285 4109 1386 4173 Vl,5,⁴i
1395 4111 1507 4168 obtentu.

289 4184 361 4248 quod
371 4185 398 4234 et
406 4185 493 4249 ipsum
503 4185 530 4232 in
538 4185 626 4234 multis
636 4185 711 4233 libris
721 4200 781 4232 cum
792 4186 947 4234 accusation
956 4190 1133 4249 permutatum
1146 4191 1197 4238 est.
1224 4186 1343 4236 Aliorum
1353 4188 1510 4250 scriptorum

287 4256 404 4322 plurima
416 4255 541 4318 exempla
553 4256 691 4322 congessit
703 4255 821 4304 llaasius
834 4257 869 4304 ad
881 4257 992 4325 Reisigii
1002 4260 1102 4309 varies.
1116 4260 1160 4308 iub.
1172 4259 1232 4310 Lat.
1245 4259 1381 4321 spracbw.
1394 4273 1421 4321 p.
1435 4254 1494 4306 101.

364 4323 404 4379 ll.
431 4323 460 4378 lc
476 4323 545 4377 Iulio
565 4324 686 4381 Caesari)
703 4325 766 4376 Sine
786 4328 948 4378 dubitatione
966 4330 1162 4397 intellegendus
1181 4331 1231 4387 cst,
1250 4335 1280 4378 ut
1296 4329 1380 4378 uoluit
1390 4329 1510 4396 Pighius,

289 4401 317 4451 c.
336 4399 418 4448 lulius
442 4399 473 4449 L.
496 4399 526 4450 F.
552 4399 653 4447 Caesar
677 4396 787 4456 Strabo,
814 4413 892 4464 quem
916 4402 1072 4467 tragoedias
1096 4403 1241 4464 scripsisse
1263 4403 1396 4450 testantur
1420 4403 1509 4450 Cicero

288 4473 361 4522 erut
379 4465 423 4530 «18,
445 4467 504 4530 lli,
523 4470 655 4520 Asconius
673 4470 701 4518 in
718 4468 811 4521 Scaur.
831 4486 857 4534 p.
875 4467 912 4520 24
929 4471 1011 4522 Orcll.
1023 4472 1098 4523 Fest.
1115 4489 1140 4524 u.
1156 4473 1303 4537 prophetas
1321 4487 1348 4535 p.
1366 4465 1419 4522 2211
1437 4472 1510 4521 Mill.

289 4541 411 4607 Kappius
428 4543 521 4592 nescio
533 4557 587 4604 qua
606 4542 638 4590 de
651 4555 736 4590 cansa
748 4541 805 4592 eius
819 4541 929 4592 fratrem
946 4543 1035 4608 potius
1050 4543 1081 4594 Ι..
1094 4543 1188 4594 iulium
1201 4545 1356 4602 Caesarem,
1375 4543 1510 4594 consulem

291 4627 316 4665 a.
333 4628 360 4664 u.
379 4627 401 4664 c.
421 4608 473 4663 titt
491 4613 635 4681 significari
654 4614 737 4676 putat.

360 4683 421 4733 Ext.
438 4681 464 4735 2.
491 4685 530 4734 ct.
549 4685 601 4734 Cic.
619 4685 691 4736 Brut
715 4679 762 4741 to,
787 4679 846 4735 181.
872 4684 1059 4754 Antigenidam
1082 4689 1191 4751 praeter
1214 4687 1284 4737 alios
1305 4687 1513 4738 commemorant

291 4751 323 4804 A.
342 4753 409 4804 Geli.
427 4755 486 4818 XV,
506 4753 548 4808 17.
566 4755 762 4821 apprimae.
780 4756 800 4815 1,
818 4752 844 4809 4.
863 4754 970 4809 Suidas.
