3409 5400
331 380 396 449 572
787 378 848 445 DE
870 376 1100 445 REPVLSIS.

330 551 449 609 uentae
477 543 605 607 uirtutis
634 550 767 608 nostrae
796 539 963 605 excusatio
997 550 1062 616 est,
1097 540 1254 627 quoniam
1288 536 1424 621 decepti
1464 538 1594 622 magis

332 673 432 738 quam
453 651 530 714 uicti
553 671 677 717 sumus.

784 1304 844 1368 DE
872 1303 1099 1370 REPVLSIS.

278 1502 318 1570 V.
420 1504 536 1589 Campi
548 1523 678 1589 quoque
691 1510 936 1587 repraesentata
948 1500 1097 1565 condicio
1114 1500 1321 1565 ambitiosam
1335 1500 1576 1585 ingredientis

331 1614 418 1677 uiam
441 1612 485 1675 ad
507 1610 621 1673 fortius
638 1608 849 1672 sustinendos
866 1630 982 1692 parum
998 1628 1175 1693 prosperos
1192 1607 1401 1670 comitiorum
1420 1618 1597 1669 euentust

330 1719 447 1782 utiliter
476 1716 678 1789 instruxerit,
712 1716 791 1800 quia
823 1715 1000 1799 propositis
1036 1726 1111 1777 ante
1145 1713 1258 1779 oculos
1290 1712 1572 1775 clarissimorum

330 1825 474 1887 uirorum
489 1822 631 1905 repulsis
656 1834 771 1884 utnon
786 1821 913 1883 minore
929 1842 1003 1885 cum
1021 1842 1080 1905 spe
1096 1818 1250 1893 honores,
1273 1820 1318 1881 ita
1341 1817 1571 1902 prudentiore

329 1951 404 1993 cum
428 1928 530 1991 animi
552 1928 672 1992 iudicio
695 1936 815 2013 petent,
838 1927 1109 2011 meminerintque
1132 1926 1227 1989 nefas
1247 1947 1314 1989 uon
1329 1945 1408 1988 esse
1435 1924 1569 2010 aliquid

330 2036 372 2099 ab
401 2035 552 2098 omnibus
583 2035 638 2097 uni
665 2034 798 2120 negari,
832 2055 906 2097 cum
942 2053 1182 2118 saepenumero
1210 2031 1331 2119 singuli
1360 2042 1568 2095 cunctorum

329 2140 550 2207 uoluntatibus
573 2140 726 2203 resistere
749 2138 801 2203 fas
827 2162 902 2203 esse
926 2138 1082 2214 duxerint,
1107 2140 1248 2203 scientes
1273 2138 1370 2201 etiam
1393 2138 1594 2221 patientiae

329 2251 442 2337 quaeri
465 2248 584 2311 debere
609 2244 694 2333 quod
720 2248 827 2333 gratia
849 2247 1015 2330 impetrari
1039 2247 1208 2331 nequierit.

289 2354 318 2417 l.
419 2354 459 2435 Q.
483 2354 596 2418 Aelius
620 2352 747 2415 Tubero
772 2374 793 2415 a
817 2352 858 2431 Q.
882 2350 982 2415 Fabio
1006 2350 1151 2415 Maximo
1181 2350 1311 2436 epulum
1340 2348 1472 2434 populo
1500 2372 1562 2413 no·

329 2464 416 2527 minc
441 2461 478 2524 P.
496 2460 643 2523 Africani
659 2461 765 2543 patrui
782 2460 834 2523 sui
857 2459 952 2522 dante
977 2471 1113 2545 rogatus
1136 2471 1170 2521 ut
1191 2458 1363 2521 triclinium
1381 2466 1560 2529 sterneret,

328 2567 464 2631 lectulos
494 2566 683 2630 Punicanos
714 2567 853 2653 pellibus
890 2564 1042 2628 haedinis
1077 2566 1192 2629 strauit
1225 2568 1267 2627 et*
1289 2586 1348 2648 pro
1383 2567 1557 2650 argenteis

329 2675 421 2738 uasis
445 2676 559 2738 Samia
582 2675 741 2760 exposuit.
788 2673 889 2738 Cuius
912 2673 960 2736 rei
977 2672 1168 2736 deformitas
1193 2673 1241 2736 sic
1261 2692 1376 2736 omnes
1401 2672 1583 2736 offendite

329 2793 379 2854 ut,
416 2801 491 2842 cum
520 2781 642 2867 alioqui
672 2783 721 2845 uir
750 2783 906 2868 egregius
935 2759 1110 2843 haberetur
1138 2779 1344 2865 comitiisque
1378 2783 1555 2863 praetoriis

330 2885 523 2949 candidatus
553 2887 587 2948 iu
616 2909 767 2972 campum
797 2886 834 2951 L.
859 2885 963 2950 Paulo
994 2907 1057 2950 auo
1083 2899 1114 2948 et
1135 2883 1173 2951 P.
1197 2885 1354 2949 Africano
1386 2887 1554 2950 auunculo

329 2994 425 3055 nixus
442 2991 679 3066 descendisset,
695 2992 828 3079 repulsa
842 2993 920 3057 inde
937 2993 1040 3055 abiret
1055 3002 1195 3058 uolatus.
1242 2991 1326 3056 Num
1348 3001 1382 3053 ut
1398 2993 1552 3075 priuatim

328 3121 459 3184 semper
483 3101 714 3164 continentiam
737 3098 931 3184 probabant,
955 3101 1000 3164 ita
1024 3097 1152 3185 publico
1176 3099 1320 3164 inaximo
1337 3119 1416 3162 cura
1441 3098 1550 3183 splen·
1612 3097 1613 3140 ἕ

329 3207 417 3270 doris
441 3205 554 3271 habitu
576 3219 634 3273 est.
688 3206 853 3285 Quocirca
880 3206 958 3270 urbs
983 3227 1048 3268 nou
1077 3205 1172 3268 unius
1201 3205 1344 3267 conuiuii
1368 3221 1575 3268 numerumu

328 3313 388 3378 sed
412 3324 513 3378 totam
536 3336 573 3378 se
596 3313 630 3378 in
653 3311 717 3376 illis
741 3310 902 3398 pelliculis
925 3313 1068 3378 iacuisse
1097 3310 1252 3385 credens,
1280 3309 1433 3373 ruborem
1463 3311 1546 3394 epuli

329 3419 499 3506 suffragiis
523 3421 593 3483 suis
617 3418 806 3484 uindicauit.

287 3522 318 3588 2.
418 3527 552 3591 Publius
576 3539 684 3590 autem
701 3525 811 3610 Scipio
828 3523 962 3599 Nasica,
987 3535 1119 3610 togatae
1142 3525 1305 3610 potentiue
1330 3521 1542 3586 clarissimum

328 3632 449 3708 lumen,
472 3634 527 3718 qui
550 3632 664 3712 consul
688 3629 867 3718 Iugurthae
891 3631 1008 3694 bellum
1033 3631 1156 3704 indixit,
1182 3631 1236 3716 qui
1259 3639 1395 3694 matrem
1413 3627 1541 3692 Idaeam

326 3767 683 3839 squammatione.
703 3775 783 3823 Liber
801 3774 857 3824 Vll.
876 3774 916 3822 De
935 3776 1049 3836 repulsis
1069 3771 1100 3826 Γ.
1121 3773 1167 3823 Di}
1187 3771 1320 3822 luutrv
1338 3767 1425 3836 Penii
1440 3766 1465 3822 4.
1482 3785 1540 3820 con·
1612 3777 1613 3826 l

327 3841 390 3889 ditio
408 3838 460 3900 (A).
475 3840 488 3905 11
502 3844 681 3908 ingredientes
699 3841 762 3895 DE
768 3841 874 3894 P'l'orr.
890 3844 901 3908 ΙΙ
921 3839 946 3894 5.
967 3846 1047 3893 uitam
1066 3842 1178 3894 coniecit
1194 3840 1355 3894 Perizonius.
1367 3840 1380 3906 Η
1392 3839 1418 3892 i.
1437 3843 1539 3891 honoris
1612 3867 1613 3870 ¹

329 3907 385 3960 OD
396 3907 484 3959 W.
497 3910 510 3977 ΙΙ
522 3907 547 3962 8.
566 3918 687 3976 poterent
705 3913 767 3965 EF.
783 3914 794 3983 ΙΙ
816 3912 857 3964 ll).
877 3915 988 3964 dixerint
1009 3912 1036 3965 Ο.
1049 3915 1062 3980 ΙΙ
1074 3916 1159 3965 scient
1180 3911 1291 3964 coniecit
1309 3910 1465 3964 Feruente.
1475 3911 1487 3978 ll
1502 3910 1538 3964 11.

328 3977 431 4045 qrrneri]
451 3983 504 4041 poli
523 3979 554 4031 F.
566 3984 579 4047 Η
594 3983 633 4034 12.
654 3987 679 4045 s.
701 3982 712 4034 1
734 4000 783 4035 om.
803 3981 827 4034 Γ
827 3983 859 4050 Al
877 3985 912 4035 Μ.
933 3985 1017 4032 aelius
1036 3983 1070 4036 E.
1096 3988 1122 4036 C.
1142 3986 1228 4036 aelius
1247 3983 1275 4037 F.
1291 3986 1304 4052 ΙΙ
1323 3981 1363 4034 13.
1382 3984 1463 4046 putris
1480 3982 1538 4034 Per.

336 4048 407 4124 1111.
426 4051 565 4112 punientes
585 4051 676 4104 CEF.
691 4052 702 4121 ΙΙ
720 4052 760 4106 15.
780 4057 901 4104 homiues
924 4051 1045 4106 CDEF.
1064 4054 1077 4123 ll
1096 4051 1136 4107 lli.
1156 4072 1214 4106 eum
1234 4071 1282 4108 om.
1300 4069 1342 4122 pr.
1361 4051 1394 4105 E.
1407 4052 1419 4119 ΙΙ
1431 4055 1536 4119 alioquin

328 4120 422 4180 DEF.
438 4119 578 4190 {illabetur
595 4122 625 4175 A.
638 4124 651 4190 ΙΙ
666 4122 705 4176 lb.
725 4128 832 4175 uolutus
851 4127 937 4174 abiret
957 4123 1031 4178 Torr.
1045 4125 1058 4192 ΙΙ
1078 4129 1105 4175 ut
1123 4141 1230 4190 semper
1248 4127 1432 4176 continentium
1449 4127 1535 4188 priuati

329 4198 360 4252 F.
372 4195 386 4262 ΙΙ
396 4190 440 4247 20.
458 4192 598 4257 Quocirca]
618 4190 679 4244 add.
698 4200 792 4245 nostru
809 4193 843 4245 E.
856 4193 869 4261 ΙΙ
881 4192 923 4248 21.
943 4197 969 4246 in
987 4211 1036 4250 om.
1054 4195 1088 4249 Ε.
1101 4195 1114 4262 ΙΙ
1127 4199 1212 4262 epulis
1225 4195 1256 4248 A.
1269 4197 1282 4264 ΙΙ
1293 4192 1337 4249 23.
1353 4199 1439 4246 aulem
1451 4209 1493 4247 err.
1506 4193 1531 4247 Γ
1529 4233 1536 4246 .

342 4271 355 4334 ΙΙ
368 4263 413 4318 tt.
431 4263 529 4331 lumen]
550 4261 611 4316 add.
631 4265 654 4313 is
673 4264 734 4316 Par.
754 4271 780 4316 et
796 4279 866 4318 corr.
884 4264 917 4320 A.
940 4265 1015 4321 Torr.
1028 4267 1041 4335 Η
1054 4271 1141 4318 ideam
1160 4267 1191 4320 A.
1210 4271 1288 4319 dcam
1307 4265 1336 4318 F.

833 4353 1044 4368 σ--α--ιι

401 4393 433 4449 V.
455 4389 478 4442 l.
497 4390 536 4442 Cl.
555 4390 608 4442 Cic.
626 4405 674 4453 pro
693 4390 761 4440 Mur.
779 4385 824 4447 ab.
843 4387 885 4444 75.
904 4391 999 4445 Seuee.
1019 4395 1053 4443 uri
1072 4393 1207 4458 Lucilep.
1227 4389 1270 4453 95.
1289 4388 1332 4446 72.

401 4457 427 4514 2.
447 4462 485 4512 Cl'.
504 4463 557 4512 Cic.
575 4478 624 4526 pro
642 4462 732 4512 Plane.
749 4459 793 4521 2l‚
811 4460 855 4514 51.

403 4532 448 4598 qui
464 4531 556 4584 conoul
572 4531 712 4600 inpertire
729 4529 822 4584 bellum
839 4530 957 4598 indicit.)
974 4535 1114 4604 insigniter
1132 4536 1183 4586 boe
1200 4536 1260 4586 loco
1279 4547 1388 4587 errasse
1404 4533 1529 4594 Valerium.

331 4604 448 4653 honores
466 4619 563 4670 resque
579 4608 677 4673 gestes
689 4607 862 4670 complurium
875 4604 1027 4671 Scipionum
1039 4607 1083 4656 uui
1095 4607 1152 4657 eius
1165 4608 1279 4659 nominis
1292 4607 1349 4658 uiro
1362 4605 1529 4668 uindicantem,
