3409 5400
302 518 369 590 284
408 516 488 606 QVI
498 518 560 587 ΕΧ
571 516 864 586 ILLVSTRIBVS
876 516 996 585 VIRIS
1008 517 1055 583 IN
1066 516 1211 585 VESTE
1223 514 1316 584 AVT
1325 515 1418 586 ΕΤΟ.

304 683 493 748 exercitibus
517 704 634 747 manus
662 682 782 759 intulit,
814 682 876 747 sed
903 684 1016 747 nescio
1045 703 1089 745 an
1118 680 1194 745 ideo
1226 678 1418 754 alacriores,
1448 679 1527 765 quia

303 800 422 878 uegeta
444 801 476 853 et
498 802 630 855 strenua
651 791 786 877 ingenia
809 812 874 877 quo
903 789 978 874 plus
1002 788 1150 853 recessui
1173 797 1308 852 sumunt
1333 784 1397 850 hoc
1424 784 1525 849 uehe-

301 898 477 962 mentiores
499 899 640 984 impetus
664 898 773 962 edunt.
820 898 1022 962 Crediderim
1051 895 1320 979 etiamfauorem
1343 915 1417 957 eum
1439 896 1526 959 soci·

302 1026 398 1069 orum
417 1004 600 1070 uberiorem
625 1026 661 1068 se
685 1006 878 1092 adepturum
902 1005 1126 1078 existimasse,
1155 1003 1184 1066 si
1211 1003 1331 1065 uictum
1359 1021 1473 1064 eorum
1495 1014 1528 1064 ct

303 1111 478 1177 sollemnes
503 1112 748 1177 exercitationes
773 1112 1019 1200 conprobasset.
1053 1109 1107 1174 Ad
1130 1132 1214 1197 quas
1232 1121 1341 1173 tamen
1362 1107 1553 1183 ueniebats

303 1242 376 1284 eum
400 1218 535 1283 multum
558 1240 596 1283 ac
621 1220 675 1284 diu
699 1221 875 1307 fatigasset
889 1240 1022 1283 umeros
1046 1229 1077 1282 et
1092 1228 1201 1281 cetera
1223 1214 1371 1281 membra
1393 1204 1525 1279 militari

302 1327 479 1414 agitatione
503 1327 686 1391 firmitatem
710 1348 804 1391 suam
829 1327 968 1412 probare
993 1327 1173 1413 coegisset,
1203 1322 1467 1407 consistebatque
1491 1321 1525 1384 in

301 1432 354 1499 his
375 1432 468 1497 labor
490 1433 572 1509 eius,
596 1434 630 1497 in
651 1434 715 1499 illis
739 1435 890 1498 remissio
912 1433 1047 1498 laboris.

259 1538 290 1605 2.
390 1539 482 1603 Lucii
505 1562 584 1605 uero
600 1542 765 1627 Scipionis
789 1552 931 1607 statuam
947 1539 1189 1626 chlamydatam
1212 1550 1244 1602 ct
1266 1535 1467 1622 crepidatam
1490 1536 1525 1599 in

303 1646 461 1733 Capitolio
485 1649 658 1713 cernimus.
704 1647 778 1728 Quo
801 1647 916 1713 habitu
939 1648 1104 1723 uidelicet,
1134 1648 1212 1733 quia
1239 1643 1414 1731 aliquando
1442 1662 1561 1710 ususru

302 1764 381 1829 erat,
405 1754 548 1841 effigiem
572 1778 668 1820 suam
690 1755 863 1820 formatam
886 1757 966 1841 poni
988 1756 1100 1822 uoluit.

261 1858 291 1925 3.
390 1862 511 1927 Lucius
536 1882 665 1948 quoque
686 1862 787 1949 Sylla,
811 1884 885 1927 cum
908 1864 1085 1949 imperator
1108 1870 1207 1932 esset,
1231 1857 1438 1946 chlamydato
1462 1858 1527 1923 sibi

303 1981 335 2032 et
357 1968 522 2053 crepidato
545 1966 684 2055 Neapoli
707 1969 875 2035 ambulare
898 1969 1044 2034 deforme
1068 1990 1135 2033 non
1158 1968 1256 2031 duxit.

260 2073 291 2139 4.
392 2073 495 2139 Gaius
520 2085 628 2142 autem
650 2076 813 2153 Duellius,
844 2078 898 2163 qui
926 2077 1051 2163 primus
1078 2075 1232 2140 naualem
1262 2071 1462 2158 triumphum
1484 2094 1526 2137 ex

302 2180 424 2246 Poenis
446 2181 563 2258 retulit,
588 2185 878 2271 quotienscumque
895 2184 1043 2269 epulatus
1060 2195 1138 2258 erat,
1162 2181 1206 2247 ad
1225 2180 1369 2245 funalem
1392 2200 1525 2245 cereum
1534 2198 1561 2240 ts

301 2300 477 2375 praeeunte
512 2290 643 2354 tibicine
678 2303 709 2356 ct
743 2290 871 2355 fidicine
899 2312 921 2354 a
956 2312 1061 2356 caena
1093 2291 1227 2355 domum
1254 2287 1374 2353 reuerti
1407 2285 1523 2351 solitus

303 2538 329 2595 2.
348 2556 475 2595 recessus
493 2536 703 2609 ΠΕΤ11·1.113.
723 2543 803 2593 etiam
821 2557 871 2595 cm.
884 2558 930 2612 pr.
949 2540 1047 2612 111111.
1066 2545 1091 2593 si
1104 2544 1184 2593 uitam
1196 2539 1230 2591 ‘in
1243 2552 1339 2591 rasura
1350 2534 1382 2591 A.
1401 2540 1425 2590 si
1443 2539 1523 2590 ritum

305 2610 340 2664 D.
363 2608 407 2679 15.
426 2612 528 2677 tamen]
548 2613 602 2663 111111
624 2610 700 2665 Torr.
711 2612 724 2681 11
737 2608 761 2666 6.
781 2616 878 2665 diutius
896 2613 932 2668 D.
953 2612 965 2682 ΙΙ
985 2618 1111 2666 humeros
1134 2608 1334 2665 RODETorr.
1364 2608 1424 2662 Viri.
1443 2602 1521 2665 ads.

309 2679 330 2740 Ι.
371 2683 391 2737 1.
407 2680 418 2752 ll
433 2680 458 2736 it.
477 2685 646 2735 clamidatam
665 2689 691 2736 et
710 2684 750 2739 12.
770 2687 911 2737 clamidato
930 2701 974 2754 pr.
998 2684 1029 2739 Α.
1054 2687 1171 2753 clamyd.
1195 2697 1263 2736 corr.
1288 2680 1320 2736 A.
1346 2682 1389 2746 Os.
1412 2680 1522 2735 Lucia

305 2752 342 2805 ed
358 2753 440 2808 lacer.
453 2771 484 2822 p.
506 2751 564 2807 131.
583 2753 596 2821 ΙΙ
615 2751 655 2807 13.
674 2759 821 2824 crepidato]
842 2755 904 2810 add.
928 2760 1020 2808 habitu
1043 2773 1134 2824 marqo
1152 2755 1188 2808 D.
1204 2754 1218 2821 ΙΙ
1238 2751 1276 2809 ll.
1297 2757 1409 2828 Guglius
1445 2770 1468 2805 r.
1486 2753 1522 2807 Ε.

305 2824 407 2896 Gagius
425 2840 494 2878 corr.
512 2824 547 2878 E.
560 2826 573 2893 Η
586 2829 688 2878 duelius
707 2827 742 2881 Ε.
761 2831 863 2878 Duilius
883 2826 960 2881 Torr.
983 2826 1018 2880 Vt
1033 2844 1082 2880 nos
1099 2827 1178 2880 etiam
1195 2826 1258 2880 Pur.
1279 2824 1340 2882 Vid.
1357 2825 1394 2880 od
1414 2772 1475 2882 dh.
1495 2820 1521 2883 3.

304 2901 354 2952 eet.
373 2895 397 2950 i.
410 2898 422 2968 Η
433 2900 507 2963 prius
517 2896 606 2951 Aac.
629 2896 663 2950 Vt
680 2914 727 2950 aus
739 2899 817 2950 etiam
826 2899 888 2952 Par.
900 2897 914 2966 ΙΙ
929 2895 967 2952 15.
981 2902 1080 2952 11111111
1094 2900 1158 2953 Pur.
1171 2897 1184 2969 ΙΙ
1198 2901 1415 2967 quotiescumque
1430 2911 1475 2966 pr.
1490 2896 1522 2949 A.

303 2971 424 3032 quotiens
443 2968 505 3021 Par.
516 2966 530 3036 ΙΙ
543 2971 696 3034 epulaturus
714 2967 944 3024 ABGDETorr.
963 2969 976 3039 ΙΙ
996 2969 1037 3026 111.
1056 2971 1214 3039 praeeunte]
1241 2968 1303 3025 aad.
1328 2973 1348 3026 1.
1371 2971 1402 3023 P.
1419 2969 1522 3036 praeci·

302 3043 382 3092 aenis
399 3055 490 3110 marqc
503 3038 534 3092 A.
546 3039 559 3109 ΙΙ
570 3043 685 3094 tubicine
696 3041 731 3096 Ε.
744 3039 757 3110 ΙΙ
768 3057 837 3094 cena
853 3039 886 3094 A.

806 3185 1018 3199 m

302 3303 337 3315 —
356 3280 389 3334 et,
408 3291 462 3339 qua
480 3277 641 3343 antiquiores
660 3278 803 3342 scriptores
823 3279 1016 3336 abstinuerunt,
1034 3278 1134 3336 Cicero,
1155 3277 1261 3343 Nepos,
1284 3279 1399 3334 Caesar,
1421 3275 1522 3325 Hirtius

303 3349 349 3412 (ci.
368 3347 493 3412 Nipperd,
513 3349 616 3414 quaest.
641 3351 750 3399 Caesar.
775 3366 801 3414 p.
826 3345 897 3411 iu).
921 3365 973 3402 non
997 3351 1088 3398 lamen
1109 3353 1207 3413 poetae
1232 3350 1338 3407 comici,
1365 3361 1470 3414 qunque
1493 3347 1522 3396 in

303 3420 466 3469 consciendo
484 3422 639 3484 pronomine
663 3421 690 3470 11
713 3423 818 3470 nominc
841 3422 996 3486 pierumque
1020 3435 1087 3470 usus
1112 3423 1154 3470 cst
1172 3420 1315 3470 Sallustius
1340 3419 1410 3486 (lug.
1432 3413 1476 3474 ab,
1499 3414 1522 3469 1.

302 3485 346 3550 55,
369 3487 391 3542 1.
417 3486 458 3550 iii,
477 3487 502 3542 11.
527 3486 614 3549 titt
641 3487 700 3549 tot,
724 3490 751 3548 l:
772 3492 805 3543 11.
824 3492 934 3542 Dietsch
954 3493 987 3540 ad
1006 3491 1065 3560 lug.
1083 3487 1115 3550 ii,
1140 3487 1171 3550 3,
1197 3492 1247 3541 scd
1271 3491 1353 3541 etiam
1377 3491 1445 3540 iuter
1467 3488 1523 3538 ulia

302 3563 435 3612 uocabula
453 3563 510 3629 lug.
529 3558 571 3620 itit,
592 3559 616 3614 7.
635 3563 666 3614 fr.
688 3559 746 3622 197,
766 3561 803 3626 2).
824 3579 871 3613 cnr
888 3581 906 3613 a
918 3563 1025 3612 Valerio
1039 3565 1155 3613 alienam
1173 3564 1263 3627 putem
1282 3575 1367 3612 causa
1385 3562 1428 3611 cst
1439 3560 1521 3616 nulla,

301 3634 460 3698 praesertim
479 3649 538 3683 cum
557 3635 719 3685 recentiores
739 3636 884 3698 scriptores
902 3635 963 3683 indo
985 3651 1003 3683 a
1021 3635 1096 3684 Liuio
1115 3635 1266 3699 frequenter
1290 3647 1352 3683 eum
1376 3647 1435 3682 cum
1453 3633 1523 3682 inter

301 3719 447 3767 pronomen
467 3706 493 3754 et
511 3719 606 3755 nomen
626 3707 680 3754 ium
699 3707 766 3756 inter
785 3706 839 3755 alia
857 3707 989 3755 uocabula
1002 3707 1177 3763 adhibuerint,
1198 3709 1225 3754 ct
1239 3705 1400 3768 saepissime
1416 3704 1523 3768 quidem

300 3775 360 3838 ipse
379 3773 470 3823 Liuius
495 3775 540 3834 (cf.
560 3777 641 3826 1111111.
661 3779 693 3826 ud
712 3777 747 3832 X,
766 3771 810 3831 30,
829 3771 867 3838 2),
887 3781 978 3826 auctor
996 3777 1060 3826 belli
1078 3775 1195 3825 Africani
1214 3772 1257 3832 12,
1275 3770 1332 3824 dci
1350 3769 1393 3832 113,
1412 3768 1438 3832 3,
1457 3775 1522 3823 Cur·

301 3845 354 3892 tius
373 3845 419 3903 lX,
438 3839 456 3894 3
472 3841 541 3906 ’(13),
560 3844 595 3898 22
614 3849 641 3897 11
659 3847 727 3904 11111,
750 3843 851 3911 itti),
874 3843 913 3898 15.
939 3847 1003 3897 ’111.
1023 3863 1084 3896 ann.
1102 3849 1122 3905 1,
1141 3842 1167 3898 4.
1192 3846 1279 3902 Χ1111,
1302 3840 1346 3896 31.
1370 3848 1397 3895 11
1419 3860 1468 3912 que
1485 3872 1521 3881 -—

304 3917 534 3980 sequestrabit,
553 3912 596 3970 31.
627 3919 718 3983 ltaque
738 3919 860 3983 quamuis
873 3918 943 3966 uliud
956 3919 1055 3968 Valerii
1075 3919 1224 3982 exemplum
1243 3933 1296 3966 non
1314 3919 1439 3976 babeam,
1459 3932 1522 3966 nam

302 3985 329 4035 in
348 3985 389 4043 iis,
409 4002 478 4047 qnae
497 3989 553 4048 Vll,
572 3985 596 4048 11,
619 3987 629 4040 1
652 3989 783 4058 leguntur,
802 3985 970 4055 Siciliamque
994 3993 1020 4039 et
1036 3986 1201 4047 Sardiniam,
1227 3989 1325 4038 rectius
1349 4003 1418 4037 nunc
1442 4003 1521 4055 qnam

303 4058 384 4106 antea
403 4057 459 4106 fleri
478 4061 584 4109 solebat
602 4062 741 4119 distinctis,
759 4063 842 4110 totum
862 4060 1029 4109 enunciatum
1049 4077 1108 4110 cum
1126 4061 1297 4125 praecedenti
1321 4075 1371 4123 per
1393 4073 1441 4126 quc
1459 4075 1522 4109 con·

301 4129 378 4194 iungi
396 4129 504 4190 patebit,
524 4145 575 4179 non
596 4133 713 4182 dubitaui
731 4133 862 4196 expuncto
881 4135 928 4184 est.
948 4133 1019 4192 quod
1039 4132 1120 4200 uulgo
1139 4133 1228 4182 inuitis
1242 4133 1378 4181 codicibus
1393 4132 1523 4181 edebatur

303 4201 560 4264 posteritatique
580 4202 684 4251 dicendi
708 4203 821 4253 turmam
845 4203 871 4251 in
891 4202 998 4252 Valerio
1017 4219 1175 4270 agnoscere.
1211 4202 1362 4267 Scipionem
1387 4205 1475 4252 nartem
1494 4203 1522 4250 in

304 4271 448 4339 gymnasio
467 4287 524 4322 cum
545 4274 660 4322 marimo
679 4275 730 4322 boc
749 4275 846 4323 uestitu
865 4275 983 4324 indutum
1003 4275 1088 4324 fuisse
1107 4276 1221 4339 apparet
1239 4289 1254 4323 e
1271 4274 1339 4322 Liuii
1357 4273 1459 4332 XXIX,
1480 4267 1521 4324 19.

374 4339 392 4394 2
411 4345 437 4392 et
455 4339 480 4394 3.
509 4343 547 4394 Cf.
566 4345 619 4396 Cic.
638 4359 686 4408 pro
704 4345 770 4394 Ilub.
789 4345 862 4396 Post.
885 4340 924 4403 10,
943 4341 987 4397 ti.

373 4410 457 4466 4.(11.
478 4415 535 4466 Liu.
559 4417 620 4480 cpit.
644 4417 703 4466 libr.
725 4416 808 4466 XVII.
834 4418 886 4466 Cic.
907 4418 963 4469 cat.
982 4419 1044 4469 mai.
1065 4411 1107 4477 13,
1126 4412 1170 4467 44.
1194 4417 1264 4466 Fler.
1287 4416 1325 4476 11,
1348 4411 1380 4474 2,
1408 4412 1449 4467 10.
1473 4413 1521 4468 Sil.

302 4485 360 4536 ital.
380 4487 423 4544 Vl,
442 4481 502 4536 11111.
521 4485 596 4539 Auci.
616 4489 649 4538 de
667 4490 715 4539 uir.
733 4489 770 4537 ill.
789 4483 832 4538 38.

373 4555 492 4624 epulatus
509 4563 576 4620 erui)
603 4560 713 4610 Codices
737 4573 831 4608 omnes
851 4575 902 4609 tino
925 4561 1003 4626 quasi
1021 4577 1067 4610 ore
1092 4558 1251 4627 epulaturus.
1282 4560 1316 4610 at
1334 4575 1414 4625 quam
1432 4559 1523 4622 inepte

303 4628 342 4675 sic
354 4643 372 4676 a
384 4643 469 4678 caena
479 4631 592 4680 rediisse
605 4631 743 4686 diceretur,
757 4631 993 4696 quotienscumque
1006 4633 1160 4696 epulaturus
1173 4631 1243 4681 erati
1270 4631 1387 4700 Egregie
1399 4632 1523 4682 nimirum

302 4697 422 4760 Kappius
441 4701 557 4764 explicui
575 4705 705 4752 ‘omuibus
723 4702 757 4750 iis
776 4702 884 4758 diebus,
905 4703 1000 4767 quibus
1019 4704 1142 4753 conuiuia
1165 4704 1198 4752 ad
1218 4704 1328 4753 multam
1345 4703 1451 4752 noctem
1468 4703 1522 4752 tra·

302 4765 368 4816 berc
385 4769 482 4822 uellei'.
513 4771 632 4822 Correxit
643 4771 766 4823 mendum
780 4771 942 4833 Perizonius,
962 4774 1101 4825 coufirmat
1113 4773 1171 4825 eius
1184 4775 1362 4825 coniecturam
1374 4773 1423 4825 Iul.
1435 4772 1522 4826 Paris.
