3409 5400
280 518 345 587 2811
722 518 781 585 DE
803 516 1066 586 MAIESTATE.

239 678 270 744 8.
371 678 411 743 111
431 678 514 744 baec
544 678 676 767 quidem
703 681 780 744 uiuo
804 681 968 767 Scipioni,
996 678 1076 744 illud
1103 688 1211 745 autem
1233 678 1374 745 Aemilio
1397 678 1501 747 Paulo

280 786 433 851 exanimi*
454 788 599 874 contigit
655 785 741 852 Nam
776 808 852 851 cum
881 786 1058 870 exsequiae
1087 787 1158 851 eius
1189 784 1428 851 celebrarentur
1462 810 1501 851 ae

279 892 362 956 forte
385 902 460 955 tunc
488 894 653 980 principes
677 892 894 958 Macedoniae
919 892 1095 977 legationis
1124 894 1255 959 nomine
1278 894 1407 959 Romae
1429 914 1501 959 rno-

279 1010 436 1073 rarentur‚
458 998 585 1063 funebri
606 1000 691 1064 lecto
715 1013 831 1086 sponte
861 1020 923 1063 sua
951 1018 1027 1061 sese
1056 998 1273 1067 subiecerunt.
1319 998 1418 1081 Quod
1442 1000 1500 1065 ali-

279 1115 401 1193 quanto
430 1106 538 1170 maius
570 1106 745 1181 uidebitur,
780 1108 809 1169 si
844 1107 900 1192 qui
934 1116 1116 1193 cognoscat
1143 1104 1218 1169 lecti
1245 1104 1332 1169 illius
1359 1106 1528 1171 frontem!

278 1214 503 1281 Macedonicis
527 1212 698 1299 triumphis
720 1213 824 1277 fuisse
847 1214 1051 1277 adornatam.
1098 1209 1264 1292 Quantum
1284 1214 1370 1277 enim
1393 1212 1499 1279 Paule

279 1320 472 1395 tribuerunt,
499 1332 631 1405 propter
659 1340 755 1404 quem
784 1320 893 1404 gentis
923 1341 1005 1383 suae
1034 1317 1175 1383 cladium
1204 1317 1326 1383 indicia
1353 1340 1411 1404 per
1440 1340 1500 1384 era

278 1426 371 1514 uulgi
391 1427 477 1490 ferre
501 1448 568 1492 non
592 1424 836 1490 exhorruerunt.
873 1424 967 1506 Quod
986 1422 1208 1511 spectaculum
1224 1425 1330 1489 funeri
1353 1426 1498 1511 speciem

277 1534 409 1598 alterius
437 1531 591 1617 triumphi
620 1530 748 1597 adiecit.
793 1530 852 1594 Bis
882 1531 1037 1606 ammte,
1061 1529 1179 1606 Paule,
1206 1530 1404 1595 Macedonia
1425 1532 1499 1596 urbi

276 1651 407 1705 nostrae
430 1638 597 1703 inlustrem
621 1636 772 1712 ostendit,
794 1636 991 1701 incolomem
1015 1636 1133 1723 spoliis
1153 1638 1238 1711 suia,
1261 1637 1329 1701 foto
1352 1638 1498 1704 functum
1508 1654 1537 1699 to

277 1748 408 1811 umeris.

233 1852 264 1919 4.
362 1852 413 1916 Ne
436 1850 494 1914 tilii
515 1850 645 1936 quidem
666 1850 712 1912 tui
734 1849 899 1935 Scipionis
917 1848 1101 1925 Aemiliani,
1126 1870 1223 1937 quem
1238 1851 1271 1915 in
1288 1849 1497 1937 adoptionem

275 1958 385 2023 dando
416 1957 553 2020 duarum
579 1957 776 2022 familiarum
806 1965 1034 2021 ornamentum
1058 1976 1133 2019 esse
1156 1954 1304 2033 uoluisti,
1333 1958 1497 2023 maiestati

274 2086 390 2150 parum
412 2062 548 2129 honoris
571 2063 722 2128 tributum
746 2075 812 2139 est,
842 2084 916 2127 curn
939 2084 1014 2127 eum
1045 2062 1288 2127 adulescentem
1317 2062 1495 2129 admodum

275 2194 295 2234 a
317 2168 455 2233 Lucullo
476 2168 612 2233 consule
636 2169 767 2257 petendi
790 2167 899 2234 auxilii
922 2171 1030 2255 gratia
1053 2190 1093 2233 ex
1114 2164 1278 2255 Hispania
1299 2169 1334 2233 in
1349 2168 1494 2235 Africam
1506 2185 1536 2229 ta

273 2277 413 2343 missum
429 2274 724 2363 Karthaginienses
748 2288 780 2341 et
794 2275 978 2340 Masinissa
999 2297 1056 2339 rex
1080 2274 1120 2339 de
1143 2294 1227 2360 pace
1245 2274 1495 2362 disceptatorem

273 2379 362 2445 uelut
391 2381 560 2446 consulem
590 2395 621 2446 ct
650 2385 879 2471 imperatorem
909 2379 1100 2448 habuerunt.
1146 2378 1268 2467 Ignara
1291 2382 1423 2468 quidem
1445 2384 1494 2446 fa·

263 2499 376 2575 ‘torum
413 2508 548 2552 suorum
575 2488 757 2577 Karthago.
811 2486 956 2552 Orientis
991 2488 1077 2553 enim
1104 2486 1183 2551 illud
1211 2488 1364 2552 iuuentae
1393 2487 1493 2553 decus

273 2594 409 2657 deorum
431 2604 529 2680 atque
556 2593 725 2660 hominum
748 2594 950 2679 indulgentia
980 2594 1023 2658 ad
1047 2592 1208 2658 excidium
1236 2593 1308 2657 eius
1338 2593 1492 2669 alebatur,

171 2715 179 2728 ’
273 2711 307 2764 ut
329 2702 480 2785 superius
512 2722 698 2788 cognomen
720 2701 912 2766 Africanum
940 2711 1056 2786 capta,
1084 2701 1247 2786 posterius
1272 2721 1391 2766 euersa
1414 2701 1531 2766 cor-n

272 2805 378 2870 aeliae
401 2809 490 2892 genti
513 2807 613 2874 daret.
641 2809 649 2822 ⁴

230 2910 261 2977 5.
362 2911 450 2994 Quid
476 2914 700 2990 damnatione,
732 2914 811 3001 quid
840 2915 936 2980 exilio
960 2913 1139 2980 miserius?
1185 2914 1287 3002 Atqui
1309 2914 1347 2978 P.
1371 2913 1491 2978 Rutilio

273 3021 515 3106 conspiratione
542 3021 791 3107 publicanorum
818 3020 971 3108 perculso
1001 3022 1225 3088 auctoritatem
1253 3021 1398 3085 adimere
1424 3042 1492 3085 non

274 3179 297 3232 1.
315 3181 401 3230 nt-
419 3176 469 3243 (2.)
488 3182 607 3249 contigit.
626 3180 705 3248 Nam]
725 3196 774 3232 οιιι.
792 3179 824 3233 Γ.
846 3179 859 3252 ΙΙ
882 3183 935 3232 hae
958 3180 990 3232 Α.
1016 3181 1067 3232 hoc
1091 3195 1162 3232 cerr.
1188 3177 1297 3247 0112.
1320 3179 1390 3247 eius]
1411 3181 1491 3231 emilii

271 3253 344 3317 pauit
363 3250 394 3303 Γ.
409 3251 421 3322 ΙΙ
435 3248 461 3302 4.
479 3264 531 3300 sua
549 3255 645 3316 sponte
663 3250 751 3320 Pani}
763 3253 837 3319 sese]
858 3257 918 3303 uate
941 3256 1037 3318 sponte
1060 3250 1095 3305 E.
1116 3249 1128 3322 ΙΙ
1148 3247 1174 3303 5.
1199 3253 1258 3318 quis
1282 3249 1310 3301 ia
1331 3264 1430 3302 rasura
1453 3248 1489 3310 D,

273 3319 350 3374 Torr.
360 3322 375 3390 11
387 3326 553 3393 cognoscant
569 3320 632 3376 Bc.
646 3328 658 3388 11
672 3320 697 3374 11.
716 3326 873 3374 adornatum
891 3320 948 3376 ΒΓ
963 3328 990 3374 et
1005 3337 1048 3390 pr.
1067 3320 1132 3377 AD.
1148 3320 1160 3390 ΙΙ
1174 3323 1306 3383 Quantum
1322 3349 1357 3360 ·-
1375 3317 1425 3386 (8.)
1444 3337 1489 3373 ex-

271 3396 429 3446 horruerunt
446 3409 495 3444 ιιιιι.
513 3390 545 3446 Γ.
559 3390 571 3462 ΙΙ
586 3390 611 3447 8.
634 3397 807 3458 exercuerunt
825 3393 856 3446 Δ.
875 3393 889 3460 ΙΙ
905 3395 1006 3446 toneris
1024 3391 1089 3449 DF.
1109 3393 1121 3464 ll
1141 3389 1167 3446 11.
1186 3396 1233 3445 Bis
1251 3421 1287 3431 -
1305 3390 1372 3457 (ll.)
1391 3393 1489 3444 orneris

270 3479 320 3515 oua.
338 3464 370 3520 Γ.
383 3465 397 3533 tt
411 3465 450 3517 to.
470 3465 563 3516 tultum
575 3479 622 3532 pr.
637 3464 674 3516 A.
691 3466 793 3514 finitum
810 3463 928 3530 111111.
952 3467 1070 3516 humeris
1091 3463 1263 3521 ODETorr.
1286 3459 1346 3514 Vid.
1365 3459 1403 3514 nd
1418 3461 1442 3518 1.
1464 3459 1488 3521 1.

274 3533 313 3586 11.
324 3536 338 3605 ΙΙ
352 3534 393 3591 12.
411 3539 451 3588 Ne
469 3565 504 3574 -
523 3533 590 3601 114.)
609 3553 669 3586 cum
688 3535 760 3601 cum]
778 3534 931 3599 Scipionem
950 3535 1126 3590 Aemilianum
1140 3533 1171 3590 Γ.
1183 3534 1196 3602 ΙΙ
1211 3531 1251 3586 13.
1271 3535 1384 3586 tiliarum
1398 3548 1444 3602 pr.
1455 3532 1488 3586 B.

282 3605 295 3677 ΙΙ
314 3606 352 3660 14.
371 3625 430 3660 cum
449 3607 521 3673 cum]
541 3624 600 3658 cum
619 3608 688 3657 enim
709 3599 843 3668 (Ellbrr.
856 3605 869 3674 ΙΙ
884 3601 924 3658 15.
943 3607 1070 3658 auxilium
1088 3607 1145 3674 Γ.11
1160 3603 1200 3659 111.
1214 3607 1406 3670 disputatorem
1423 3603 1488 3658 ΒΓ.

280 3681 285 3750 Ι
308 3675 348 3733 18,
366 3695 475 3730 suorum
493 3680 624 3731 laetorum
641 3673 759 3745 121122.
778 3675 868 3742 Atqui]
882 3682 923 3726 nt.
942 3693 967 3743 q.
985 3674 1009 3728 Δ
1027 3676 1084 3738 (sed
1097 3697 1122 3746 q.
1140 3677 1169 3730 ia
1186 3681 1304 3733 rasura),
1324 3673 1360 3728 D.
1380 3678 1434 3742 atq.
1452 3672 1486 3729 E.

280 3751 284 3817 Ι
304 3746 348 3802 28.
366 3764 496 3815 percusso
513 3745 545 3802 Γ.

339 3884 366 3942 8.
383 3891 422 3942 Cf.
442 3890 480 3938 Pi.
498 3890 574 3941 acm.
593 3889 668 3942 Paul.
685 3885 729 3941 311.

339 3956 505 4022 edendae)
521 3961 619 4023 Optimi
636 3961 745 4011 codices
763 3957 926 4012 canaan.
955 3961 1098 4011 Caecilium
1118 3961 1145 4012 ei
1156 3962 1284 4012 Catonem
1298 3961 1411 4012 bonum
1425 3977 1488 4012 ana·

269 4032 360 4101 togian
377 4034 486 4082 secutos
504 4037 576 4082 recte
598 4031 667 4080 uirili
691 4045 791 4098 genere
812 4033 915 4082 dixisse
933 4033 1048 4083 testatur
1071 4031 1103 4083 A.
1123 4031 1190 4084 Geli.
1209 4032 1273 4088 XV.
1292 4027 1316 4084 11.
1342 4032 1394 4095 (Ct'.
1415 4033 1487 4084 l'est.

269 4119 294 4155 n.
312 4104 385 4154 recto
403 4117 429 4164 p.
448 4097 501 4152 2811
517 4101 605 4165 Mati)
641 4102 776 4152 EPlautu
794 4103 896 4152 Nonius
915 4103 964 4161 111,
989 4096 1025 4154 89
1043 4103 1123 4152 affert
1140 4101 1283 4153 coloratam
1299 4101 1436 4167 frontem,
1462 4105 1489 4154 et

268 4175 368 4228 Vitrun.
387 4173 423 4230 X,
444 4167 475 4221 11
495 4174 604 4236 scripsit
612 4171 696 4238 srcaa
713 4172 932 4226 ιιαιιιιιειιαιῆιιι.
967 4172 1093 4223 Attamen
1111 4174 1227 4224 editores
1245 4175 1318 4223 recte
1335 4173 1487 4224 femininum

267 4258 356 4314 genus
373 4248 528 4308 posuerunt,
547 4259 606 4293 cum
625 4257 660 4293 ex
678 4259 720 4300 eo,
739 4245 808 4305 quod
829 4244 960 4294 Caecilius
979 4244 1050 4307 apud
1067 4244 1180 4295 Gellium
1199 4259 1218 4294 a
1235 4245 1411 4312 grammatico
1425 4259 1487 4310 quo-

267 4319 329 4368 dam
346 4318 484 4380 tamquam
503 4316 536 4364 dc
555 4314 664 4364 immani
676 4315 837 4364 soloecismo
849 4315 1008 4378 increpatur.
1028 4317 1160 4378 appareat
1173 4329 1252 4379 quam
1265 4329 1283 4363 a
1295 4315 1487 4365 masadan-ibus

265 4388 430 4451 temporibus
441 4386 486 4436 itte
499 4400 565 4435 usus
578 4385 657 4436 tuerit
667 4385 780 4434 abenas.
816 4385 903 4450 Atque
922 4386 980 4449 ipse
994 4384 1117 4434 Valerius
1130 4381 1487 4450 constanterdcacsrcatm

267 4459 339 4515 dixit,
355 4471 411 4507 non
428 4455 496 4506 lanc
505 4456 633 4523 stentem,

337 4523 362 4576 4.
381 4528 420 4578 Cf.
439 4528 507 4592 App.
524 4530 607 4578 Punn.
627 4522 669 4584 71,
689 4522 731 4578 72.
1007 4547 1020 4562 -

336 4595 448 4648 laeum
466 4595 580 4657 maante)
597 4613 622 4648 a
642 4613 666 4647 u.
686 4613 709 4648 c.
726 4591 781 4648 1103
799 4612 859 4648 cum
877 4596 908 4648 A.
927 4597 1063 4648 Postumio
1081 4596 1187 4649 Albino.

337 4662 421 4718 5.(11.
440 4669 493 4718 Cic.
511 4683 551 4730 pr.
571 4668 648 4718 Bata.
668 4663 715 4724 11.
740 4663 783 4719 28.
812 4667 907 4717 Senec.
933 4669 975 4720 ad.
1000 4668 1085 4718 Lucil.
1107 4663 1150 4718 81.
1179 4667 1244 4717 Tac.
1268 4681 1330 4718 ann.
1356 4667 1418 4726 1111,
1443 4663 1487 4720 48.

269 4737 346 4788 cras.
364 4736 441 4787 Dion.
459 4738 557 4804 fragm.
577 4731 637 4787 1011.
657 4733 706 4787 tot
724 4753 752 4800 p.
770 4732 813 4789 44.
832 4738 916 4792 Reim.
935 4739 994 4791 Val.
1013 4739 1085 4790 Max.
1105 4738 1150 4798 Vl,
1168 4734 1194 4798 t,
1214 4735 1239 4789 4.
