3409 5400
374 138 1616 437 ’‘w—‘W

549 520 632 587 nne.
654 520 727 599 vu,
751 521 789 589 o.
812 524 844 600 e,
868 530 899 601 s.
923 525 954 593 e.
977 526 1009 591 t.
1327 526 1392 594 ase

263 682 361 763 Quod
388 684 534 769 sequitur
561 681 763 749 narrandum
790 695 852 749 est.
898 683 940 765 Q.
967 684 1090 753 Fabius
1118 682 1246 761 Labeo,
1274 686 1394 755 arbiter
1404 688 1436 755 t.

156 812 182 853 a
209 802 335 855 senatu
357 790 469 854 finium
491 788 789 856 constinientlorum
818 792 902 857 inter
923 790 1072 859 Nolanos
1096 814 1135 857 ac
1158 790 1393 877 Neapolitanos

157 894 287 973 datus,
321 919 395 963 cum
425 898 460 963 in
485 916 558 963 rem
583 908 792 982 praesentem
827 898 987 975 uerisset,
1024 911 1178 986 utrosque
1216 899 1393 984 separatim

157 1004 300 1069 monuit
321 1014 358 1069 ut
378 1005 506 1071 omissa
528 1003 702 1090 eupiditate
724 1004 856 1091 regredi
887 1004 999 1084 [modo
1030 1005 1265 1084 controuersia]
1294 1027 1393 1091 quam

164 1176 189 1231 1.
213 1181 294 1239 Quod
312 1208 348 1220 -
365 1182 526 1233 narrandum
545 1182 587 1232 est
605 1196 654 1235 om.
673 1178 767 1249 Γ.112.
786 1183 829 1250 ac]
849 1184 877 1234 et
894 1180 1017 1237 EFPor.
1037 1180 1115 1235 Torr.
1131 1182 1144 1253 ΙΙ
1161 1179 1187 1236 3.
1206 1184 1342 1249 separanti
1361 1178 1393 1236 F.

173 1248 190 1317 ΙΙ
203 1248 233 1303 t.
255 1249 450 1320 controuersia}
465 1251 573 1320 paretis
589 1256 705 1304 notante
722 1252 753 1306 A.
772 1256 982 1307 controuersiam
1000 1253 1035 1309 Ε.
1054 1258 1227 1307 controuerso
1248 1251 1325 1308 Tere.

164 1425 200 1461 se
212 1412 339 1475 putarent
351 1415 448 1472 effecit.
460 1415 589 1465 iniciendo
603 1430 699 1479 nempe
711 1418 786 1481 prim
796 1418 927 1467 molestae
940 1416 1047 1467 militiae
1058 1418 1155 1466 metum
1169 1430 1281 1481 eumque
1294 1417 1392 1467 mettun

165 1482 271 1532 deinde
295 1483 347 1533 lum
370 1485 523 1535 condicione
548 1487 719 1544 remittendo,
749 1488 773 1536 si
796 1489 896 1537 uellent
918 1488 1001 1537 armis
1025 1490 1052 1537 et
1075 1487 1151 1549 equis
1175 1488 1294 1538 Romano
1318 1488 1392 1538 mllitl

168 1555 283 1606 cedere.
319 1556 362 1605 ita
378 1557 447 1607 inter
464 1570 497 1605 se
514 1558 655 1620 oppositas
672 1571 736 1608 esse
753 1560 899 1622 particulas
913 1557 993 1625 prior
1013 1560 1040 1609 et
1058 1554 1152 1609 &inde
1169 1573 1229 1609 cum
1247 1574 1300 1609 aron
1317 1560 1392 1609 intel·

83 1675 86 1690 ‚
165 1626 296 1691 legerent
313 1626 466 1676 Perizonius
484 1630 513 1677 et
529 1628 687 1687 'i'orrcnius¹
711 1630 737 1678 in
761 1632 928 1680 emendando
951 1632 1002 1679 hoc
1021 1630 1094 1687 loco.
1118 1631 1303 1693 praeterquam
1323 1631 1392 1695 quod

83 1705 85 1712 ’
165 1696 319 1745 inauditam
338 1698 452 1747 tuterunt
470 1700 544 1748 uerbi
564 1700 678 1762 ellipsin.
697 1704 743 1750 aut
756 1700 905 1752 sententiae
924 1716 976 1750 non
995 1700 1182 1750 satisfecerunt
1200 1702 1246 1749 aut
1264 1700 1392 1750 audacius

83 1784 87 1820 ,ι
166 1768 316 1833 archetypi
333 1770 493 1832 scriptoram
512 1771 694 1828 deseruerunt.
713 1775 850 1823 serenatam
869 1774 896 1822 iu
915 1772 1005 1823 codiee
1018 1772 1147 1821 ilamensi
1166 1773 1192 1821 et
1211 1786 1244 1821 aa
1263 1786 1296 1821 eo
1309 1784 1392 1835 supra

168 1840 282 1895 editam.
301 1853 317 1889 e
354 1856 389 1889 ua
408 1840 506 1889 tactum
525 1854 588 1891 esse
607 1842 689 1907 liquet
712 1844 781 1905 quod
807 1844 834 1893 in
852 1845 961 1907 reliquis
981 1843 1116 1893 codicibus
1139 1842 1266 1901 habetur,
1288 1846 1392 1907 pretam

163 1906 250 1975 prius
268 1855 362 1960 deinde
380 1908 522 1962 remissam.
565 1912 745 1975 Proposuerat
768 1915 837 1964 enirn
857 1915 1010 1966 Perizonius
1032 1912 1173 1981 tegendum
1193 1924 1257 1962 esse
1270 1908 1393 1978 prouidit

83 2029 84 2034 ,
167 1983 200 2029 at
216 1976 297 2046 qaod.
314 1979 340 2031 εἰ
352 1980 477 2048 protinas
484 1980 669 2050 imperaretur.
686 1997 771 2048 prese
787 1986 856 2043 (scit.
867 1984 987 2051 suisset),
1005 1982 1114 2035 remisso
1125 1980 1236 2034 militiae
1247 1988 1315 2035 metu
1332 1986 1391 2042 etc..

169 2051 215 2100 uel
234 2054 265 2100 at
281 2049 314 2109 si.
333 2049 403 2118 qaod
418 2056 478 2117 (pro
497 2052 569 2119 puta)
581 2052 705 2120 protinus
723 2053 909 2122 imperaretur,
927 2069 1011 2122 prom
1023 2052 1103 2122 prius
1119 2055 1188 2113 (scit.
1199 2051 1278 2119 suit).
1299 2050 1392 2105 driade

168 2120 309 2173 remicurte
325 2120 436 2174 militiae
454 2128 532 2177 meta.
552 2126 621 2189 quod
641 2126 753 2175 alterurn
771 2140 805 2177 ne
822 2127 918 2177 Latine
937 2127 1043 2188 quidem
1056 2126 1154 2175 dictum
1173 2126 1228 2181 este
1248 2125 1392 2175 Torrenlus

83 2215 84 2252 t
170 2194 263 2245 autem
281 2197 312 2243 at
327 2190 411 2259 pand.
435 2192 461 2245 ei
475 2193 599 2261 protinas
615 2193 804 2261 imperaretur.
824 2209 1041 2263 preceptoras
1062 2196 1130 2254 (seit.
1147 2193 1273 2261 suisset).
1299 2191 1393 2245 deinde

170 2262 283 2315 remisso
306 2262 417 2315 niueae
439 2270 507 2315 meta
529 2268 579 2317 ate.
622 2266 708 2315 Probo
732 2268 854 2333 equidem
877 2268 1043 2331 transposita
1066 2268 1150 2317 uerba
1174 2264 1199 2316 εἰ
1216 2262 1297 2331 qnod,
1321 2280 1392 2327 quae

83 2339 84 2342 ’
170 2335 282 2384 inuerso
301 2337 393 2386 ordine
412 2337 500 2387 etierri
518 2339 617 2387 debere
635 2352 714 2389 nemo
735 2353 788 2387 non
807 2338 887 2389 uidet.
931 2339 971 2389 De
990 2337 1098 2398 reliquis
1118 2350 1150 2387 co
1168 2338 1258 2403 magis
1277 2338 1392 2399 despero

171 2420 225 2469 quo
244 2406 343 2456 certius
361 2408 506 2475 genuinam
525 2408 684 2471 scripturam
703 2406 804 2469 aliquot
822 2410 962 2459 uerborum
982 2408 1086 2459 delectu
1108 2408 1257 2457 buneatam
1275 2419 1340 2457 esse
1358 2420 1392 2455 ex

171 2476 205 2525 iis
225 2480 350 2540 apparet.
374 2493 442 2543 quae
461 2480 494 2527 de
513 2480 646 2529 sententia
663 2479 742 2529 buius
762 2480 812 2528 loci
830 2480 1028 2543 praemisimus.
1074 2482 1159 2537 Quam
1179 2476 1301 2527 lacunam
1320 2477 1392 2526 haud

172 2548 339 2597 incommode
358 2550 400 2598 sic
418 2549 526 2611 explere
545 2550 644 2613 possis.
660 2545 783 2615 prouidit
799 2554 829 2600 at
839 2546 917 2616 pand.
936 2544 1290 2616 siprotiaaelmpcraretar.
1306 2561 1392 2613 praue

173 2631 243 2667 onus
261 2618 366 2675 ruisset.
385 2620 499 2669 excitato
514 2618 605 2685 prise.
632 2616 727 2670 ddade
744 2619 853 2673 remisso
874 2618 983 2671 mldtiae
1000 2623 1068 2671 sueta
1086 2616 1225 2669 mammam
1243 2614 1392 2685 beneficiam

165 2686 254 2755 fieret.
290 2690 420 2754 Kappins‚
439 2695 582 2753 antequam
597 2692 725 2743 Perizonii
743 2695 771 2744 et
785 2692 906 2744 'l'orrenii
924 2690 1171 2743 animaduersiones
1190 2690 1308 2758 legerat,
1326 2690 1392 2740 nihil

174 2761 336 2811 difficultatis
354 2762 381 2812 in
399 2763 503 2812 traditis
521 2763 612 2812 uerbis
629 2764 850 2826 deprehenderat.
869 2766 944 2828 (num
957 2761 1160 2827 deprehenderit
1171 2765 1267 2825 postea
1278 2761 1391 2824 nescio.)

175 2832 258 2880 etsie
277 2832 472 2895 explicitumst,
494 2837 545 2888 ‘ut.
570 2833 593 2883 si
612 2834 689 2892 illud.
713 2835 781 2900 quod
801 2834 892 2899 Scipio
917 2834 1035 2898 protinus
1057 2825 1238 2896 tmperauerat
1259 2832 1391 2882 nobilibus

175 2901 313 2951 iuuenibus
332 2901 428 2952 Siculis
446 2906 482 2952 ab
500 2905 573 2954 initio
592 2919 677 2970 grane
695 2907 804 2961 tuissetz
827 2906 937 2963 deinde,
963 2907 1104 2968 postquam
1124 2901 1212 2966 Scipio
1237 2903 1269 2954 iis
1293 2905 1391 2952 motum

176 2973 284 3023 militiae
302 2975 409 3031 ademit.
427 2988 475 3037 pro
494 2975 611 3024 maximo
629 2977 758 3027 beneflcio
777 2977 958 3028 condicionem
978 2974 1123 3026 naberent’

244 3040 551 3103 t.ctctc.teou.1‚
575 3042 617 3102 10.
635 3042 680 3098 ³3.

245 3112 350 3180 repredt‘
372 3111 458 3180 [nodo
482 3115 673 3182 controuersia]
698 3132 774 3184 paam
793 3114 933 3184 propreda')
959 3117 989 3166 Pi
1012 3117 1072 3166 hius
1096 3130 1111 3166 e
1135 3117 1265 3181 quinque.
1291 3117 1318 3164 ut
1340 3116 1391 3174 ait,

178 3184 308 3235 codicillus
327 3188 429 3248 (dttbito
447 3193 536 3236 autern
556 3189 589 3236 de
608 3191 740 3252 numero.)
764 3190 885 3240 ediderat
909 3132 1014 3253 repudi
1035 3181 1111 3238 modo
1131 3191 1298 3238 cestrensem
1316 3200 1392 3252 marn

175 3252 306 3320 progredi.
329 3266 357 3307 et
375 3258 455 3306 citato
474 3258 610 3307 Ciceronis
629 3261 752 3322 exemplo
769 3274 784 3309 e
803 3260 947 3310 Flacciana
965 3259 1038 3308 addit
1062 3258 1108 3306 ‘ita
1126 3270 1211 3321 saepo
1230 3258 1325 3306 modus
1344 3271 1392 3319 pro

179 3328 235 3393 agri
252 3327 394 3378 mensura'.
440 3327 568 3378 Torrenio
593 3329 672 3386 baec,
701 3331 764 3394 quia
786 3344 845 3387 res,
874 3331 950 3378 euius
974 3331 1070 3378 modus
1094 3329 1170 3378 esset
1194 3329 1391 3380 controuersus.

180 3397 280 3448 omnino
298 3411 351 3448 non
369 3398 574 3465 significaretur.
593 3399 673 3455 dura,
691 3399 756 3448 mibi
773 3413 808 3449 ne
825 3401 921 3449 Latine
939 3398 1045 3462 quidem
1064 3398 1135 3448 dicta
1157 3397 1285 3446 uidentur.
1322 3395 1391 3445 Neu·

180 3468 274 3530 tiquam
297 3469 367 3520 enlm
389 3470 484 3518 modus
507 3472 695 3518 controuersus
726 3483 786 3518 eam
807 3471 869 3537 agri
896 3471 1000 3530 partem
1019 3470 1146 3519 denotare
1165 3469 1267 3529 potest,
1287 3467 1320 3515 de
1339 3479 1393 3530 qua

180 3537 292 3606 litigatur
314 3540 359 3590 uel
377 3539 534 3604 disceptatio
557 3539 714 3601 suscipitur,
737 3553 806 3603 qaae
825 3539 923 3590 Vorstii
942 3539 1074 3588 sententia
1093 3538 1149 3592 ost.
1172 3549 1257 3600 noque
1276 3535 1391 3594 omnino.

182 3610 203 3656 si
221 3609 277 3674 quid
296 3610 383 3666 uideo.
403 3626 420 3659 a
434 3610 580 3674 quantitate
598 3612 773 3658 controuerso
790 3623 819 3658 re
841 3608 896 3658 redi
914 3609 960 3658 aut
976 3608 1101 3673 progredi
1121 3606 1180 3670 quis
1198 3607 1270 3656 recte
1290 3605 1392 3656 dicitur.

181 3679 268 3740 itaqua
286 3681 413 3730 hocloco
432 3681 521 3744 potius
537 3677 567 3729 ia
583 3675 712 3730 metiendo
731 3691 807 3743 repre
831 3677 931 3744 ‘mera
945 3673 1074 3742 propredl
1092 3677 1240 3734 desideres,
1259 3676 1283 3724 si
1302 3677 1392 3726 tamen

183 3751 240 3811 quid
251 3752 426 3802 desideratur.
462 3751 530 3800 Nam
545 3766 605 3800 cum
615 3752 744 3818 ambigua
752 3750 806 3798 ista
815 3751 907 3807 uerba,
926 3762 996 3811 quae
1009 3750 1036 3798 in
1047 3749 1196 3812 archetypo
1209 3748 1393 3798 scribebantur

183 3818 252 3871 ruodo
269 3820 460 3880 controuersia.
480 3835 566 3886 aeque
585 3823 674 3872 altena
691 3821 745 3871 sint
763 3823 791 3870 ct
808 3834 825 3869 a
844 3820 979 3870 ciceronis
997 3819 1164 3876 narratione,
1184 3833 1262 3884 quam
1282 3818 1392 3868 retentis

185 3893 290 3960 singulis
309 3893 365 3944 sere
383 3894 559 3943 locutionibus
579 3893 697 3956 sequitur
716 3891 854 3947 Valerius.
878 3893 905 3940 et
923 3907 941 3940 a
960 3891 1115 3953 compendio
1134 3890 1212 3940 huius
1232 3889 1347 3952 exempli
1365 3889 1391 3938 in

186 3964 280 4013 Paridis
290 3966 413 4027 epitome,
427 3968 468 4023 (at
481 3960 577 4014 omissa
591 3959 736 4029 eupiditate
748 3958 856 4027 repreds'
870 3958 954 4026 raupie
969 3956 1181 4028 quamproprede'
1189 3957 1311 4019 mallem),
1321 3959 1391 4024 quod

186 4050 234 4084 una
254 4036 350 4084 uocula
367 4037 526 4099 interposita
537 4035 670 4100 integrum
688 4033 860 4083 eVateriano
874 4045 954 4095 opere
967 4033 1125 4082 translatum
1145 4035 1195 4088 est,
1215 4031 1321 4093 reprimi
1338 4045 1391 4080 non

186 4108 266 4167 potest
282 4107 400 4170 suspicio
419 4121 453 4157 ea
471 4121 504 4156 ne
522 4121 540 4154 a
558 4105 665 4155 Valerio
683 4105 790 4166 quidem
809 4104 937 4166 protecta.
957 4104 1006 4152 sed
1027 4102 1142 4152 tortasse
1161 4102 1186 4150 in
1205 4102 1326 4168 margine
1345 4115 1392 4150 aa·

185 4176 243 4240 tiqui
266 4177 405 4228 cuiusdam
428 4178 488 4227 iibri
510 4177 639 4239 ascripta.
669 4189 810 4239 perperam
834 4177 933 4238 postea
955 4175 1023 4224 inter
1046 4173 1164 4241 genuina
1187 4185 1250 4222 esse
1274 4174 1391 4234 recepta.

187 4251 253 4307 Quae
269 4249 388 4311 suspicio
406 4249 546 4315 insignitor
562 4246 759 4298 confirmabitur
777 4246 886 4309 uerique
904 4246 957 4294 iam
976 4244 1110 4294 simillima
1129 4244 1187 4300 erit.
1210 4243 1234 4292 si
1252 4255 1337 4292 eatrsa
1355 4242 1392 4290 in-

188 4317 260 4367 dicari
286 4319 396 4381 poterit.
427 4335 474 4369 cnr
501 4321 569 4368 haee
598 4320 684 4367 uerba
705 4318 733 4366 in
761 4316 884 4384 margine
908 4316 979 4366 libas
1008 4315 1066 4365 libri
1094 4315 1219 4378 apposita
1249 4312 1391 4362 credamus

188 4389 257 4453 idque
273 4403 353 4454 spero
373 4390 429 4440 iore
448 4394 476 4439 nt
493 4390 558 4440 mibi
577 4389 726 4456 eontigerit.
768 4387 1007 4438 Persuasissimum
1026 4386 1095 4436 enlm
1115 4385 1202 4434 babeo
1220 4383 1326 4432 doctum
1345 4381 1392 4430 ali·

189 4475 255 4524 quem
272 4462 398 4512 lectorem
410 4461 437 4511 in
448 4461 571 4529 margine
583 4461 730 4508 adnotasse
742 4454 775 4507 de
786 4453 862 4508 modo
872 4454 1059 4514 controuersia.
1078 4456 1105 4504 ut
1116 4453 1280 4521 signiticaret
1291 4453 1391 4502 certum

189 4530 244 4579 illud
260 4531 312 4580 litis
330 4545 426 4600 genus,
445 4532 515 4594 quod
534 4532 602 4584 inter
614 4530 733 4580 Nolanos
750 4544 783 4578 ac
795 4528 988 4592 Neapolitanos
1005 4527 1194 4578 intercessisse
1213 4523 1392 4574 existimabat.

190 4601 324 4652 Notissima
347 4603 416 4652 enim
438 4603 507 4652 inter
530 4601 678 4666 quindecim
703 4599 779 4656 illas,
808 4613 877 4660 quas
901 4599 1041 4650 Frontinus
1066 4597 1105 4658 (p.
1123 4591 1140 4646 9
1159 4596 1201 4646 ed.
1219 4593 1342 4654 bechor.)
1365 4593 1392 4642 et

191 4674 229 4723 alii
248 4673 445 4741 agrimensores
464 4673 638 4722 distinxerunt
665 4684 790 4737 agrorum
818 4670 1030 4723 controuersias.
1054 4667 1088 4716 do
1111 4666 1191 4714 modo
1209 4663 1392 4716 controuersia

142 4801 148 4811 ,
192 4745 251 4805 erat,
273 4759 343 4807 quae
366 4744 443 4795 etin
461 4743 611 4812 adsignatis
634 4741 711 4810 agris
733 4740 817 4791 flebat
838 4743 867 4792 et
884 4741 911 4792 in
929 4739 1039 4798 ceteris,
1063 4735 1092 4786 ut
1114 4747 1211 4798 ponam
1230 4734 1389 4800 exemplum,
