3409 5400
564 497 646 568 LIB.
669 498 697 577 1,
720 500 757 566 0.
780 500 813 579 o,
834 509 866 579 1.
891 504 1042 574 10-12.
1351 508 1415 577 143

184 658 337 724 iacturas
354 658 592 733 numerandus,
614 659 678 726 hoc
700 661 774 726 loco
798 661 840 727 de
869 686 906 728 se
930 664 1096 731 silentium
1122 684 1237 753 agere,
1266 667 1414 755 plurimis

187 778 222 829 et
237 765 498 831 euidentissimis
516 777 591 831 aute
607 777 732 835 tautam
742 771 872 835 ruinam
889 784 1110 837 monstrorum
1123 770 1273 858 pulsatus
1285 774 1412 843 ictibus.

186 871 358 939 Ducmrus
381 884 451 939 erat
473 894 494 937 a
518 874 628 939 (larris
651 875 812 942 aduersus
834 876 976 943 Parthos
1001 880 1187 945 exercitum.
1233 878 1362 945 Pullum
1385 884 1415 947 ei

188 979 344 1045 uaditum
367 992 419 1045 est
440 980 722 1066 paludamentum,
751 1006 826 1050 curn
848 987 885 1050 in
906 987 1067 1071 proelium
1090 986 1281 1051 exeuntibus
1306 986 1415 1053 album

160 1098 249 1151 saut
268 1108 470 1174 purpureum
492 1087 566 1153 dari
588 1088 703 1153 soleat.
749 1090 868 1157 Maesti
892 1103 922 1156 et
940 1095 1026 1159 taciti
1048 1095 1165 1159 milites
1190 1094 1233 1158 ad
1255 1095 1416 1180 principia

189 1207 427 1269 conuenerunt,
451 1196 507 1281 qui
527 1205 639 1259 uetere
660 1198 804 1263 instituto
833 1221 908 1263 cum
937 1200 1081 1265 clamore
1110 1200 1210 1265 alacri
1239 1200 1415 1265 adcurrere

189 1301 365 1367 debebant.
409 1299 600 1387 Aquilarum
617 1301 718 1367 altera
732 1306 787 1368 uix
802 1307 941 1371 conuelli
957 1330 978 1372 a
1000 1307 1161 1393 primipilo
1177 1308 1289 1395 potuit,
1314 1306 1415 1373 altera

189 1408 376 1496 aegerrime
406 1419 550 1473 extracta
576 1409 612 1473 iu
639 1412 836 1475 contrariam
866 1434 904 1477 ac
933 1414 1097 1478 serebatur
1126 1424 1251 1500 partem
1280 1434 1317 1478 ue
1339 1416 1415 1500 ipsa

189 1515 362 1582 conuertit.
406 1514 535 1602 Magna
556 1513 638 1579 haec
661 1516 829 1603 prodigia3
860 1518 920 1583 sed
949 1531 980 1583 et
1006 1520 1081 1585 illae
1106 1520 1218 1585 clades
1248 1520 1414 1607 aliquanto

149 1624 347 1695 somniorea
369 1631 416 1685 tot
436 1619 730 1706 pulcherrimarum
745 1623 913 1711 legionum
930 1626 1087 1702 interitus,
1111 1638 1175 1691 tam
1197 1625 1299 1692 multa
1315 1628 1414 1713 signa

187 1727 366 1795 hostilibus
397 1728 577 1813 intercepta
606 1728 775 1805 manibus,
805 1741 928 1797 tantum
952 1732 1122 1798 Romanae
1150 1734 1283 1797 militiae
1312 1733 1415 1798 decus

187 1835 408 1903 barbarorum
424 1835 576 1901 obtriarm
596 1835 750 1921 equitatu,
774 1838 916 1922 optimae
939 1838 1059 1904 indolis
1078 1838 1134 1905 lilii
1151 1861 1265 1904 cruore
1288 1841 1414 1926 paterni

187 1942 339 2027 respersi
366 1940 469 2017 oculi,
501 1962 622 2027 corpus
645 1942 852 2028 imperatoris
876 1946 959 2009 inter
982 1948 1189 2033 promiscuas
1214 1947 1412 2011 cadauerum

189 2062 302 2115 strues
324 2048 436 2112 auium
458 2048 666 2133 ferarumque
694 2049 868 2115 laniatibus
900 2052 1071 2120 obiectum.
1128 2052 1256 2118 Vellem
1281 2052 1413 2141 quidem

152 2155 372 2244 &placidiust
396 2154 457 2219 sed
474 2154 560 2241 quod
572 2154 719 2231 relatum,
741 2179 857 2222 uerum
882 2170 942 2223 est.
989 2161 1045 2225 Sic
1070 2159 1205 2224 deorum
1219 2160 1320 2244 spreti
1342 2182 1412 2223 mo·

187 2265 279 2331 nitus
309 2260 566 2338 excandescunt,
601 2263 650 2327 sic
683 2260 831 2329 humana
864 2266 1002 2331 consilia
1036 2268 1251 2353 castigantur,
1286 2266 1343 2330 ubi
1375 2286 1412 2330 se

188 2369 390 2437 caelestibus
412 2368 608 2453 praeferunt.

281 2476 434 2540 Gnaeum
455 2476 555 2540 etiam
575 2474 770 2560 Pompeium
792 2475 936 2562 Iuppiter
959 2480 1165 2563 omnipotens
1190 2477 1319 2543 abunde
1342 2498 1413 2543 mo·
1425 2485 1477 2551 12,

186 2594 310 2649 nuerat
336 2604 379 2647 ne
407 2604 482 2646 cum
507 2582 543 2648 (l.
565 2582 708 2647 Caesare
725 2581 871 2647 ultimam
889 2583 963 2648 belli
986 2585 1149 2651 fortunam
1173 2585 1313 2671 experiri
1335 2606 1413 2649 corr·

150 2690 355 2764 estenderet,
391 2709 529 2778 egresso
569 2688 798 2776 aDyrrachio
833 2689 975 2756 aduersa
1008 2693 1132 2780 agmini
1169 2693 1239 2758 eius
1277 2690 1414 2757 fulmina

186 2799 329 2873 iaciens,
352 2796 557 2862 examinibus
582 2797 692 2883 apium
709 2797 808 2884 signa
829 2797 1048 2875 obscurando,
1073 2799 1180 2865 subita
1203 2798 1331 2862 tristitia
1352 2798 1413 2862 im·

191 2973 220 3030 1.
228 2975 351 3040 plurimis
362 3003 398 3014 -
407 2977 505 3028 ictibus
520 2990 562 3028 om
571 2973 611 3028 f.
625 2970 638 3047 ΙΙ
651 2970 677 3028 3.
687 2978 795 3028 charris
810 2973 909 3030 DPur.
919 2974 986 3045 Nep·
997 2974 1011 3044 ΙΙ
1022 2972 1046 3028 la
1058 2979 1157 3030 soleret
1173 2973 1250 3030 Torr.
1262 2975 1275 3044 ΙΙ
1287 2972 1312 3029 0.
1322 2991 1413 3028 occur·

188 3061 253 3099 rere
269 3043 305 3097 11.
315 3047 331 3114 ΙΙ
342 3044 367 3098 1.
377 3048 500 3099 dicebaut
513 3044 547 3099 Γ.
557 3046 571 3114 ΙΙ
583 3049 669 3100 altere
683 3063 716 3100 ae
738 3048 757 3115 .]
773 3050 861 3100 altere
875 3064 925 3100 om.
936 3061 982 3115 pr.
991 3044 1028 3099 D.
1041 3047 1055 3114 ll
1064 3044 1089 3101 8.
1100 3065 1133 3100 uc
1142 3061 1241 3116 cmpr.
1251 3045 1288 3100 D.
1309 3047 1414 3115 lipsani

189 3115 230 3172 Β.
249 3114 263 3188 ΙΙ
284 3114 310 3170 ⁹.
328 3121 356 3170 ct
372 3133 422 3170 on.
438 3116 504 3171 Er.
524 3123 537 3185 ΙΙ
556 3119 620 3170 illue
643 3131 693 3172 om.
710 3063 742 3172 13.
759 3117 774 3184 ΙΙ
793 3117 835 3171 11.
853 3121 976 3172 hostibus
991 3133 1037 3186 pr.
1055 3118 1079 3171 Δ
1098 3123 1123 3171 ct
1136 3135 1180 3188 pr.
1196 3119 1224 3172 (1.
1245 3116 1257 3188 ΙΙ
1280 3117 1291 3171 1
1314 3153 1321 3168 .
1342 3118 1413 3184 equi·

188 3193 250 3240 tutu
264 3209 281 3241 ι
294 3191 323 3240 iu
338 3187 373 3242 Δ.
390 3190 535 3256 equitatum
553 3187 586 3241 Β.
604 3188 618 3258 ΙΙ
637 3186 678 3241 14.
697 3191 801 3242 Vellem
818 3215 854 3228 -
873 3189 940 3256 (11.)
958 3192 1114 3256 praeterunt
1131 3205 1180 3242 om.
1204 3188 1236 3243 Γ.
1253 3189 1267 3256 ΙΙ
1287 3185 1328 3240 15.
1353 3187 1413 3254 sed]

188 3261 280 3312 setl'm
297 3259 328 3325 (i.
339 3276 363 3311 e.
375 3261 532 3324 secundom)
543 3258 578 3312 Β.
588 3261 602 3329 ΙΙ
614 3261 695 3328 quoti]
716 3263 830 3329 quodum
842 3257 880 3312 D.
895 3271 906 3328 ΙΙ
921 3263 1006 3313 reluta
1023 3257 1079 3314 AB
1087 3260 1182 3314 01111.
1203 3259 1325 3313 Correxit
1337 3257 1414 3310 Turr.

203 3327 344 3398 ilicum
360 3329 576 3396 praemonitusB
594 3337 620 3384 et
637 3345 707 3382 corr.
718 3329 747 3384 0.
765 3334 876 3382 deorum
886 3334 1041 3397 primoribus
1058 3346 1102 3400 pr.
1113 3330 1142 3384 0.
1161 3333 1196 3382 dii
1206 3333 1290 3396 spreti
1302 3327 1435 3395 Eion„

192 3399 238 3470 Os.
251 3400 343 3525 prop}
356 3417 387 3469 p.
404 3399 449 3454 31.
460 3403 474 3472 ΙΙ
484 3399 529 3454 21.
540 3403 727 3472 exagmiuibue
741 3399 780 3454 D.
790 3400 805 3469 ΙΙ
815 3419 898 3467 mum
918 3400 1106 3456 costra.
1121 3400 1198 3454 Torr.
1212 3401 1225 3470 ΙΙ
1239 3400 1330 3471 signe]
1351 3395 1414 3452 aaut

191 3470 302 3525 eiusD
332 3510 340 3525 .

189 3599 265 3650 iiior.
283 3597 328 3654 111.
349 3593 390 3655 11,
408 3594 434 3650 8
451 3598 530 3650 Seru.
548 3599 584 3650 sd
602 3597 685 3667 Verg.
703 3597 770 3650 Aen.
787 3599 821 3659 11,
839 3601 890 3652 iiio
910 3599 988 3651 Cass.
1005 3597 1065 3660 XL,
1086 3593 1127 3650 18
1145 3612 1172 3663 p.
1195 3591 1243 3648 128
1261 3595 1293 3646 Ι).
1316 3609 1344 3660 p.
1362 3585 1416 3646 230

189 3671 278 3722 Beim.
296 3669 345 3719 lul.
364 3670 465 3735 Obseq.
486 3665 545 3722 itt.
891 3699 893 3702 ·

264 3755 284 3790 u
302 3737 406 3801 Curris)
428 3741 587 3792 Plutarchus
612 3743 639 3793 et
663 3740 709 3791 alii
731 3741 801 3792 hacc
822 3742 949 3810 prodigia
973 3743 1072 3792 cresso
1097 3739 1229 3790 accidisse
1253 3735 1417 3788 tradiderunt

190 3813 340 3863 uerutum
364 3813 496 3864 moereas
521 3813 635 3862 Parthos
660 3813 770 3862 ducturo
794 3814 843 3862 sed
868 3829 920 3863 nou
946 3813 1033 3864 Carris
1057 3812 1190 3875 proiecto,
1220 3825 1299 3876 quam
1323 3811 1415 3860 urbem

189 3885 262 3948 turpi
281 3885 387 3932 demum
405 3883 432 3932 l'u
454 3899 479 3941 ι,
498 3899 562 3934 curu
576 3885 678 3947 proelio
694 3883 749 3933 iem
768 3884 853 3932 uictus
873 3887 948 3935 esset
966 3898 984 3934 a
1001 3883 1116 3944 Parthis,
1134 3882 1257 3947 petierat.

263 3958 292 4004 et
306 3950 370 4003 illue
387 3899 487 4015 ciuiles)
511 3955 570 4004 Non
588 3956 647 4005 siue
670 3956 802 4019 probabili
826 3969 912 4005 eausa
935 3971 952 4006 u
976 3955 1092 4004 librariis
1116 3955 1275 4022 quibusdem
1300 3953 1416 4004 deletum

191 4027 236 4076 eo
252 4029 288 4078 et.
309 4025 379 4090 quod
398 4039 466 4076 seue
483 4028 554 4076 mule
573 4039 605 4078 se
622 4028 713 4077 lrabct.
749 4027 942 4091 Expectauoris
961 4026 1029 4077 enim
1056 4027 1101 4075 eut
1123 4021 1172 4076 aed
1195 4029 1221 4076 et
1242 4021 1305 4076 illoc
1328 4019 1417 4076 cludet

190 4109 302 4162 ειμι
320 4095 364 4145 uel
381 4095 448 4146 rutis
464 4111 575 4164 nuptm
592 4100 639 4146 aut
655 4094 703 4148 sed
719 4095 782 4147 illue
800 4094 889 4148 clades
908 4095 1040 4165 aliquam
1058 4095 1179 4148 maiores.
1216 4097 1308 4162 Neque
1325 4099 1417 4147 tamen

191 4167 385 4217 ufflmsuerim
403 4168 485 4218 talem
503 4183 538 4219 ue
560 4169 705 4237 legentium
723 4183 741 4218 a
759 4169 867 4219 Valerio
886 4171 966 4232 plaue
984 4183 1047 4220 esse
1067 4171 1191 4220 alienum.
1224 4167 1325 4219 Similis
1344 4169 1417 4218 certe

190 4239 314 4302 prauitas
333 4238 413 4296 esil.
435 4236 459 4296 1,
480 4234 522 4296 10,
567 4253 597 4290 co
614 4237 700 4290 mim
718 4255 732 4290 e
778 4253 813 4290 uu
829 4237 900 4290 ultor
917 4267 952 4278 -
963 4238 1040 4307 filius
1057 4253 1161 4376 pppppp’
1175 4237 1238 4291 eius.

265 4303 308 4359 ti.
328 4309 367 4358 01.
385 4309 488 4358 Lucan.
507 4311 603 4360 Phers.
622 4311 679 4369 v11.
700 4307 711 4362 1
770 4325 829 4378 sqq.
847 4311 918 4362 Flor.
937 4311 994 4368 1111,
1013 4307 1038 4368 2,
1162 4327 1188 4375 p.
1207 4315 1232 4362 b.
1253 4312 1302 4362 clu.
1320 4311 1353 4368 il,
1372 4303 1416 4368 08,

188 4396 217 4445 p.
237 4377 300 4431 111.
319 4379 371 4429 Dio
389 4381 469 4430 Cass.
487 4380 559 4438 XLI,
577 4376 621 4440 01,
640 4397 667 4445 p.
688 4377 738 4432 181
757 4383 786 4431 C.
804 4397 831 4445 p.
848 4377 904 4434 300
920 4383 1003 4434 Reim.
1023 4383 1071 4432 lul·
1090 4385 1190 4447 Obseq.
1212 4377 1271 4432 125.

264 4448 371 4517 apim)
404 4451 525 4502 Klotzius
555 4452 582 4500 in
618 4452 705 4502 lexico
734 4453 869 4503 Ciceronis
900 4455 982 4504 aelati
1015 4455 1085 4502 hanc
1122 4453 1234 4502 turmam
1264 4447 1416 4505 uindicauit,

190 4537 274 4587 quum
292 4522 416 4587 equidem
428 4523 621 4573 recentioribus
634 4525 714 4575 etiem
724 4524 890 4587 temporibus
903 4527 1067 4576 usitatiorem
1080 4524 1166 4574 alters
1176 4523 1314 4586 bisyllaba
1332 4520 1417 4568 tuisse

189 4607 356 4656 pessumus
374 4595 471 4644 babeo.
492 4594 532 4643 Cf.
545 4594 623 4643 Ouid.
641 4596 748 4644 metam.
766 4595 825 4650 XV.
844 4589 907 4645 383.
931 4597 1022 4646 quen.
1040 4595 1116 4652 Xlll,
1136 4590 1180 4644 08.
1204 4591 1250 4642 811.
1270 4591 1328 4640 ltel.
1347 4589 1416 4647 vill,

188 4659 253 4715 031.
271 4664 341 4714 Pliu.
348 4665 398 4722 111,
416 4659 443 4724 3,
462 4660 490 4716 0.
508 4665 556 4722 xi.
577 4660 619 4722 11,
636 4659 681 4716 21.
699 4663 764 4714 Tac.
783 4679 845 4714 eun.
857 4665 916 4725 Xil,
935 4663 978 4718 tit.
996 4667 1130 4717 Drakenb.
1146 4666 1180 4730 ui
1191 4663 1238 4715 Sil.
1251 4663 1267 4714 l.
1281 4677 1303 4712 c.
1315 4661 1417 4730 Reisig.

188 4736 348 4805 romoeuug.
368 4738 414 4787 ob.
431 4737 493 4788 Lat.
511 4737 647 4800 epruobw.
665 4737 709 4786 ed.
726 4736 819 4786 lime
837 4751 865 4801 p.
888 4731 945 4788 108.
