3409 5400
97 515 170 592 un
550 537 633 604 mn.
654 535 743 648 vm,
765 537 802 605 o.
829 537 882 614 15,
905 545 935 616 t.
959 539 1080 607 2-4.
1358 542 1423 608 eea

86 685 160 749 §.i-12,-
201 701 286 765 Eius
314 701 465 786 namque
484 698 638 764 manibus
667 707 700 761 et
726 697 899 784 penatibus
930 696 1075 764 nondum
1104 701 1268 784 quaestori
1290 709 1439 788 senatus*

86 815 163 864 ’λὶς
202 804 315 893 Pythii
338 805 499 891 Apollinis
522 805 647 869 monitu
669 802 867 878 Pessinunte
894 805 1086 868 accersitam
1114 802 1210 868 deam
1239 805 1345 888 excipi
1365 825 1425 870 uo·

201 911 278 985 luit,
313 913 390 996 quia
417 909 534 974 eodem
569 909 701 974 oraculo
734 919 947 992 praeceptum
978 919 1048 972 erat
1074 918 1110 972 ut
1135 905 1218 973 haec
1248 909 1427 974 ministeria

204 1017 302 1080 matri
331 1015 429 1079 deum
463 1037 484 1078 a
517 1015 727 1079 sanctissimo
761 1015 833 1077 uiro
866 1023 1119 1099 praestarentur.
1176 1013 1313 1100 Explica
1339 1023 1425 1078 totos

91 1148 155 1187 .-.·,-<
178 1122 328 1196 assatos,
357 1121 516 1185 constitue
539 1139 655 1183 omnes
678 1139 793 1183 currus
817 1117 1041 1205 triumphales,
1064 1119 1145 1186 nihil
1167 1132 1275 1186 tamen
1297 1141 1426 1186 morum

86 1256 111 1294 n·
205 1228 390 1312 principatu
413 1227 597 1312 speciosius
620 1225 797 1310 repperies.
1136 1207 1139 1218 ¹

296 1331 441 1396 Tradunt
463 1329 601 1396 subinde
624 1329 721 1394 nobis
744 1339 939 1396 ornamenta
961 1353 1023 1396 sua
1042 1333 1215 1418 Scipiones
1239 1351 1425 1398 conmemo·
1435 1329 1465 1396 4.

96 1423 135 1545 f}
205 1437 320 1502 rande.
365 1436 584 1520 Aemilianum
608 1438 695 1501 enim
717 1437 857 1522 populus
890 1457 929 1500 ex
952 1437 1127 1503 candidato
1151 1439 1323 1504 aedilitatis
1347 1459 1425 1502 con·

86 1547 146 1628 ps,
206 1545 311 1610 sulem
333 1545 420 1610 fecit
472 1541 638 1618 Eundem,
668 1563 742 1606 cum
771 1543 968 1637 quaestoriis
997 1545 1137 1608 comitiis
1161 1545 1361 1630 suffragator
1384 1542 1425 1622 Q.

137 1667 146 1696 ··
168 1651 299 1714 roFabii
321 1649 472 1724 Maximi,
500 1648 610 1712 fratris
639 1647 711 1720 filii,
740 1648 776 1710 in
806 1668 959 1733 campum
983 1647 1223 1724 descendisset,
1259 1647 1425 1712 consulem

205 1758 322 1820 iterum
345 1755 481 1818 reduxit.
525 1752 643 1817 Eidem
666 1763 802 1816 senatus
816 1753 869 1817 bis
894 1754 966 1818 sine
990 1765 1077 1819 sorte
1098 1756 1312 1840 prouinciam,
1335 1755 1425 1838 prius

206 1861 364 1934 Africam,
388 1858 507 1922 deinde
529 1856 734 1944 Hispaniam,
762 1857 869 1932 dedit3
898 1869 995 1944 atque
1023 1858 1106 1924 haec
1134 1881 1242 1945 neque
1270 1859 1333 1924 ciui
1356 1879 1425 1923 am·

86 1957 137 2059 [fj
205 1965 325 2030 bitioso
349 1991 368 2026 a
389 1992 409 2026 a
428 1965 584 2038 senatori,
608 1962 884 2049 quemadmodum
907 1985 973 2028 non
998 1965 1103 2029 solum
1126 1966 1212 2030 uitae
1237 1965 1307 2029 eius
1331 1984 1425 2028 sene·

86 2054 134 2144 μ’·
205 2072 358 2136 rissimus
383 2091 510 2143 emaus,
534 2067 594 2132 sed
618 2070 715 2132 etiam
738 2089 829 2133 mors
853 2069 1065 2135 clandestinis
1088 2069 1189 2160 inlata
1216 2069 1345 2134 insidiis
1369 2068 1425 2132 de·

165 2176 352 2241 scelerauit.

86 2317 123 2413 f
208 2334 233 2388 i.
251 2335 404 2398 quaestoris
426 2329 546 2385 GDEF
562 2337 588 2382 et
604 2346 675 2384 corr.
687 2329 718 2385 A.
732 2329 745 2401 ΙΙ
758 2331 786 2384 2.
803 2335 953 2398 pessinunti
966 2331 1057 2386 ΑΘΒ.
1077 2335 1234 2397 pessimuuti
1248 2332 1274 2386 Ε
1280 2332 1310 2385 F.
1325 2330 1337 2402 ΙΙ
1352 2347 1426 2384 acer·

86 2413 98 2451 ·.
119 2409 128 2465 ζ
206 2409 287 2456 sitam
305 2401 337 2456 li.
355 2405 514 2454 arcessitam
535 2399 637 2467 Tor-nli
650 2403 739 2469 deam]
760 2405 830 2454 dicta
847 2400 947 2468 ntia.
966 2407 1018 2456 hae
1035 2418 1078 2470 pr.
1097 2402 1129 2456 A.
1146 2403 1201 2470 114.
1220 2405 1325 2468 explica
1342 2401 1425 2468 totos]

207 2476 356 2540 explicatos
376 2471 467 2539 0115.
486 2474 636 2522 constituae
650 2485 695 2538 pr.
714 2471 746 2525 A.
770 2478 798 2523 et
815 2475 945 2526 constitue
963 2471 997 2526 R.
1012 2471 1024 2544 ΙΙ
1039 2473 1152 2539 morum}
1172 2475 1198 2524 in
1217 2489 1307 2526 eorum
1326 2470 1390 2526 EF.
1401 2472 1416 2539 ΙΙ

207 2543 232 2596 i.
252 2547 278 2609 5.
296 2542 315 2595 4
332 2560 382 2595 ora.
400 2541 432 2594 Γ.
443 2542 456 2607 ΙΙ
472 2540 511 2594 10.
531 2544 697 2593 consulatum
715 2541 752 2596 D.
764 2542 778 2610 ΙΙ
798 2541 837 2596 ll.
858 2546 899 2594 bis
919 2543 988 2610 sine]
1011 2547 1120 2594 bissena
1134 2559 1179 2610 pr.
1198 2542 1230 2596 A.
1243 2544 1256 2609 ΙΙ
1275 2542 1316 2596 ii.
1334 2541 1424 2607 atque]

108 2673 112 2676 ‚
207 2629 255 2665 sut
274 2612 302 2668 0.
314 2615 328 2681 ΙΙ
340 2617 391 2665 boc
411 2609 498 2665 GEF.
513 2610 526 2679 ΙΙ
540 2613 604 2678 ciui]
624 2607 685 2663 add.
705 2627 791 2676 neque
809 2611 851 2670 E,
872 2627 917 2680 pr.
935 2612 973 2667 D.
997 2628 1068 2666 corr·
1085 2611 1122 2672 A.
1148 2611 1225 2666 Tcrr.
1244 2609 1307 2666 cdd.
1331 2614 1426 2676 cupido

103 2679 114 2700 ‘
207 2700 296 2747 neque
314 2700 384 2736 cerr.
401 2681 438 2736 D.
457 2679 519 2736 add.
538 2697 589 2735 neo
606 2680 638 2737 F.
652 2679 665 2753 ΙΙ
679 2685 798 2735 senatori
815 2686 958 2736 ambitioso
982 2683 1058 2738 Torr.
1070 2683 1083 2750 ΙΙ
1104 2680 1142 2735 id.
1162 2685 1236 2735 illata
1254 2682 1426 2737 clandestinis

99 2749 113 2766 '
208 2754 239 2808 F.
251 2757 265 2824 ΙΙ
276 2757 413 2806 declarant
432 2751 461 2806 0.

86 2896 105 2922 ¹·
208 2897 407 2962 praepositione
424 2910 442 2944 n
459 2895 522 2945 ante
540 2893 679 2963 Scipione.
703 2915 783 2965 quam
801 2899 903 2947 abesse
922 2900 956 2945 ab
975 2898 1021 2946 ttlo
1039 2897 1131 2947 codice
1149 2911 1201 2947 non
1221 2897 1344 2953 enotaui.
1367 2912 1426 2947 cunr

208 2984 243 3019 ex
266 2968 447 3029 discrepantia
467 2966 627 3029 reliquorum
653 2970 794 3025 librorum.
819 2969 863 3031 qul
887 2970 933 3017 aut
957 2967 1063 3018 omnino
1087 2982 1147 3017 eam
1173 2967 1306 3025 omittunt,
1331 2968 1377 3015 aut
1399 2964 1427 3017 ia

207 3036 1314 3174 institistis?''aiiii‘zitiitt‘iit.i.:‘⁰liitn⁹¹i⁰l⁸tt·
1328 3038 1428 3157 ,3⁰32

95 3180 105 3207 ²
208 3175 297 3229 endem
315 3174 391 3227 ἀοωο
410 3192 490 3244 neme
506 3174 614 3230 rodurn
632 3178 774 3231 minatis
792 3175 925 3229 mattae
943 3174 1059 3243 camapio
1077 3174 1239 3227 deantur.
1275 3122 1328 3227 Seii
1348 3192 1382 3227 ne
1401 3178 1426 3227 id

90 3262 99 3310 j·
208 3250 324 3309 quidem.
343 3249 413 3311 quod
432 3261 516 3309 supra
533 3250 673 3301 exhibetur
690 3251 816 3299 uitiosum
840 3251 892 3300 est.
932 3248 1079 3298 Scribentis
1104 3249 1192 3297 animo
1211 3248 1299 3297 eximii
1318 3248 1426 3295 honoris

86 3316 110 3364 21⁸
208 3318 333 3379 exempla
351 3316 571 3377 circumspicienti
588 3320 644 3369 tais
668 3334 759 3369 uerum
781 3320 891 3369 bonoria
915 3318 1051 3381 specimen
1076 3319 1194 3367 oboritur
1216 3332 1234 3365 a
1251 3315 1376 3379 Scipione
1395 3330 1427 3363 ac

86 3381 111 3432 ιζ’
208 3400 240 3436 se
257 3388 335 3437 offert
352 3387 523 3435 narrandum.

278 3451 391 3505 mant
415 3457 558 3521 mutent)
583 3458 656 3507 Libri
679 3458 782 3508 tanturn
804 3474 858 3508 non
883 3470 976 3507 omues
1001 3454 1155 3523 pascuaria
1191 3454 1244 3505 Sed
1270 3469 1328 3503 cum
1348 3454 1427 3504 finale

86 3543 100 3565 ·..
209 3528 273 3576 iliud
290 3540 305 3576 a
322 3528 348 3576 in
368 3526 458 3575 codice
476 3526 606 3576 Bemensi
629 3530 664 3576 ab
683 3529 855 3578 emendatore
874 3529 979 3580 demum
1003 3528 1135 3577 adiectum
1155 3525 1204 3582 ait,
1228 3523 1366 3587 probabile
1384 3527 1428 3575 est

91 3611 99 3635 ··
159 3644 170 3661 ,
210 3598 327 3646 codicem
346 3596 522 3660 archetypum
540 3596 673 3663 quaestori
690 3598 830 3652 babuisse.
850 3611 919 3661 qnae
938 3597 1046 3661 antiqua
1065 3596 1197 3659 scriptura
1219 3596 1262 3645 est
1284 3610 1333 3657 pro
1351 3608 1427 3661 pune·

209 3664 295 3724 atomi,
314 3668 394 3731 idque
411 3667 439 3715 in
457 3668 625 3734 designando
642 3668 728 3733 gradu
748 3667 886 3733 dignitatis
905 3668 1026 3731 equidem
1050 3681 1109 3715 cnm
1130 3666 1249 3732 dirigatis
1268 3665 1426 3715 editionibus

209 3738 342 3800 praeiere.
377 3736 419 3786 De
436 3736 560 3799 Scipione
577 3737 779 3787 adulescentulo
797 3738 921 3787 ‘nondum
936 3736 1097 3802 quaestorio·
1115 3736 1208 3785 Liuius
1221 3748 1326 3796 quoque
1339 3736 1427 3787 refert

281 3804 307 3857 «i.
326 3807 364 3855 Gi.
376 3806 435 3857 Liu.
448 3807 509 3868 epit.
523 3808 581 3859 libr.
593 3808 625 3859 1..
644 3808 712 3872 App.
724 3808 790 3858 Pun.
805 3803 864 3858 112
883 3808 918 3858 id.
932 3808 983 3856 eiu,
1001 3806 1057 3863 1111.
1075 3800 1118 3856 ut.
1138 3805 1259 3857 Arctoe
1273 3805 1321 3857 uir.
1334 3806 1370 3857 iii.
1383 3800 1427 3856 58.

280 3872 410 3932 Eadm.
428 3889 486 3925 cura
503 3876 660 3941 materiis
677 3875 801 3936 meritiis)
818 3878 857 3928 ct.
877 3877 934 3927 liu.
954 3877 1015 3939 epit.
1034 3875 1093 3925 libr.
1111 3876 1179 3927 LVI.
1203 3875 1270 3940 App.
1289 3876 1364 3939 Ilisp.
1383 3872 1427 3925 84.

281 3944 314 4003 Q.
332 3942 412 3995 Fabii
428 3942 551 4006 Masius)
569 3949 608 3997 ci.
626 3948 679 4000 Cic.
698 3949 774 3998 Lsei.
792 3942 836 4003 25.
856 3942 899 3998 iiii.
918 3947 976 3997 ltin.
994 3945 1101 4001 xenii.
1120 3938 1164 4004 35.
1187 3942 1226 3997 it.

279 4030 362 4082 nepae
384 4013 438 4065 cisi
460 4014 795 4077 ambitiosoaasenatori)
820 4018 861 4067 Ne
886 4016 1036 4066 uehementi
1061 4016 1179 4081 quidem.
1208 4030 1286 4077 quam
1310 4016 1427 4067 editores

209 4092 261 4141 boe
283 4090 343 4139 loco
367 4088 450 4154 uulgo
475 4090 663 4146 adhibuerunt,
690 4089 823 4138 medicina
849 4102 948 4137 manca
975 4087 1108 4136 sententia
1138 4088 1235 4135 sanata
1263 4088 1313 4138 est.
1359 4086 1426 4135 Nam

209 4176 269 4209 curn
296 4160 444 4209 scriberent
469 4172 551 4226 aeque
572 4157 628 4209 cini
650 4172 731 4225 aeque
750 4157 868 4209 senemr-i
892 4154 1042 4215 maiitiam,
1069 4158 1154 4206 uerba
1176 4170 1246 4217 quae
1272 4160 1426 4218 sequuntur.

209 4227 257 4279 scd
283 4228 361 4280 stiunt
386 4242 458 4280 utura
486 4227 656 4280 clandestinis
681 4228 765 4279 blein
791 4226 898 4279 insidiis
925 4224 1086 4280 declarasti.
1121 4241 1173 4277 non
1201 4228 1279 4275 modo
1305 4241 1356 4275 non
1384 4240 1427 4273 co·

209 4301 323 4349 haerent
355 4314 414 4347 cnm
443 4300 679 4362 praecedentibus,
708 4314 799 4351 uerum
829 4300 909 4349 etiam
937 4299 1070 4347 contraria
1101 4298 1143 4346 iris
1171 4300 1242 4348 sunt.
1291 4296 1333 4345 An
1367 4296 1427 4344 ideo

210 4372 347 4434 opinemur
369 4368 520 4431 Scipionem
549 4372 618 4420 clam
641 4370 836 4437 strangulatum
861 4382 938 4425 csse.
968 4369 1036 4433 quod
1066 4382 1118 4417 uon
1145 4366 1224 4417 suerit
1248 4366 1427 4415 ambitiosus?

210 4441 319 4490 Minime
336 4438 468 4501 proiecto!
487 4440 579 4489 Naxus
597 4441 786 4490 sententiarum
805 4440 898 4501 procul
917 4439 996 4489 dubio
1015 4438 1057 4487 bic
1073 4440 1127 4487 est:
1145 4438 1234 4486 tribuit
1252 4437 1366 4499 populus
1384 4436 1427 4484 bis

210 4511 377 4560 consulatum
402 4510 440 4565 ei.
469 4524 547 4574 quem
571 4525 623 4559 non
647 4511 817 4559 ambitiosum
840 4510 924 4561 ciuem
948 4509 1033 4559 inisse
1059 4510 1128 4557 uitae
1153 4508 1212 4556 eius
1236 4506 1426 4555 seuerissimus

211 4594 305 4629 cursus
334 4580 491 4629 documento
516 4582 571 4634 est:
601 4582 691 4629 tribuit
718 4582 829 4630 semiue
859 4582 900 4629 bis
930 4579 1092 4643 prouinciam
1117 4578 1247 4633 senatori,
1278 4590 1355 4639 quern
1382 4576 1426 4624 alii

210 4652 303 4701 necno
325 4651 367 4699 cui
391 4652 431 4700 rei
453 4665 506 4701 non
525 4651 668 4700 obnoxium
686 4650 773 4700 inisse
790 4663 864 4701 mors
882 4650 1055 4701 clandestinis
1077 4648 1179 4697 insidiis
1202 4648 1276 4696 iliata
1300 4646 1425 4695 declarat.

211 4723 297 4770 ilnius
316 4721 355 4771 rei
373 4737 391 4770 a
408 4720 532 4785 Scipione
551 4722 639 4785 utique
652 4722 765 4781 alienae,
784 4736 853 4787 quac
871 4724 970 4781 tamen,
989 4720 1014 4769 si
1026 4733 1061 4769 aa
1072 4718 1207 4781 praeditus
1220 4717 1323 4775 inisset,
1343 4729 1426 4765 causa
