3409 5400
410 526 477 597 sto
741 518 801 588 DI}
823 516 1072 587 DISCIPLINA
1095 514 1302 583 MILITARI.

411 688 542 752 Fabiam
568 704 716 767 patenam
745 703 849 756 easta,
885 684 960 764 paeto
988 680 1175 761 opacantia
1207 676 1491 741 Tmaromeadeacmi

410 800 570 872 amiserat,
588 790 758 876 proemia
778 790 875 852 ieeeit
897 788 1049 851 decedere.

368 898 400 965 4.
498 903 608 981 [Nem]
640 898 672 960 C.
701 896 788 960 Cotta
815 894 854 957 Ρ.
883 892 1051 957 Aurelium
1075 891 1202 970 [lilium]
1230 889 1424 955 Pecuniolam
1441 908 1491 951 sao

409 1009 471 1075 sibi
493 1010 648 1072 iunctum.
671 1024 768 1088 quem
794 999 959 1064 obsidioni
980 998 1190 1082 Liparitanae
1215 997 1258 1061 ad
1282 998 1413 1079 auspicia
1431 1014 1491 1078 repe

407 1114 601 1179 Messanam
624 1109 818 1173 transiturus
834 1106 1048 1193 praefecerat,
1073 1105 1177 1190 uirgis
1195 1124 1327 1168 caesum
1341 1100 1455 1167 militiae
1468 1122 1491 1163 m

407 1224 490 1284 inter
518 1218 646 1303 pedites
675 1216 770 1301 fungi
801 1215 927 1299 coegit,
957 1212 1045 1299 quod
1074 1212 1144 1275 eius
1176 1209 1272 1295 culpa
1295 1228 1388 1295 agger
1408 1208 1491 1271 iucem

408 1346 513 1413 paene
538 1335 648 1387 castra
671 1331 762 1383 eraut
784 1332 891 1405 capta.

344 1433 347 1436 ’
367 1421 398 1488 5.
498 1431 639 1511 Quintus
651 1428 748 1489 etiam
759 1425 893 1488 Fuluius
906 1424 1044 1489 Flaccus
1057 1446 1175 1488 censor
1187 1422 1335 1487 Fuluium
1345 1422 1462 1485 fratrem
1473 1440 1491 1481 o

408 1551 474 1601 tem
483 1536 660 1622 legionem,
670 1534 705 1595 in
718 1554 785 1617 qua
798 1531 942 1593 tribunus
955 1530 1091 1595 militum
1105 1542 1182 1603 eret,
1194 1530 1322 1593 iniussu
1334 1526 1463 1591 consulis
1476 1525 1491 1588 d

411 1733 434 1787 l.
454 1730 699 1782 'taurominitanum
720 1725 796 1780 Tere.
813 1724 827 1793 ΙΙ
844 1722 870 1779 3.
889 1728 958 1777 Nam
977 1754 1011 1769 -ψ
1029 1724 1210 1792 Pecuniolam]
1236 1723 1264 1777 ia
1284 1721 1489 1792 recaredum

409 1801 437 1856 Ε
456 1809 484 1854 et
501 1816 570 1852 corr.
588 1793 656 1852 Ab.
679 1796 756 1850 Terr.
775 1796 876 1849 e'acerte
889 1812 935 1866 pc.
955 1794 1022 1848 AD.
1034 1795 1048 1866 ll
1059 1798 1221 1861 pecurlolam
1240 1792 1277 1846 D.
1289 1810 1336 1845 om.
1353 1790 1381 1845 Γ.
1392 1791 1405 1861 Η
1416 1808 1491 1863 sango

410 1878 528 1925 iunctum
545 1887 594 1922 ota.
612 1868 644 1921 Γ.
656 1867 670 1934 ΙΙ
681 1864 706 1921 5.
724 1884 837 1919 munera
849 1882 896 1936 pr.
918 1866 946 1920 C.
966 1870 1068 1919 muneri
1087 1882 1156 1919 cerr.
1178 1862 1273 1933 (1116.
1292 1870 1319 1917 et
1335 1880 1381 1915 eea.
1397 1862 1491 1917 Rebi

410 1944 442 1998 A.
454 1944 468 2011 ΙΙ
480 1942 505 1994 I.
524 1940 610 2006 erant]
630 1941 735 1989 merant
755 1936 830 1989 Torr.
843 1942 869 1989 et
881 1945 946 2007 post
963 1942 1042 2003 capta
1053 1936 1085 1989 Γ.
1097 1938 1110 2006 Η
1122 1936 1148 1990 8.
1160 1936 1292 2002 Fuluium]
1312 1937 1403 2003 fuluius
1414 1932 1446 1987 Β.
1456 1934 1491 2001 lto

409 2016 524 2084 legionis
543 2006 802 2063 ABCDEI'Torr.

912 2123 1125 2136 *nunna—n·-

410 2194 542 2245 similibus
560 2189 654 2256 figuris
673 2201 761 2238 coss.
780 2189 806 2237 et
825 2190 917 2238 cette
942 2190 1059 2252 decepti,
1086 2189 1122 2237 ita
1146 2188 1174 2237 ut
1197 2190 1232 2236 ab
1252 2187 1336 2237 altera
1353 2186 1439 2237 statim
1457 2186 1489 2233 ad

407 2264 542 2315 transiret
579 2261 689 2309 Omissa
711 2263 800 2308 autem
823 2273 838 2308 e
857 2259 960 2308 Paridis
982 2260 1097 2322 epitome
1116 2258 1271 2309 emendator
1288 2258 1346 2307 libri
1364 2258 1491 2307 Beruensi

409 2337 511 2402 aliquot
528 2347 543 2382 c
563 2332 685 2399 genelais
698 2331 797 2379 Valerii
816 2330 915 2383 uerbis,
929 2331 1063 2391 partimin
1077 2332 1207 2397 margine,
1226 2329 1321 2393 partim
1339 2326 1491 2377 iurasura‘s

409 2408 477 2458 nibil
493 2405 601 2455 mutuus
618 2402 671 2451 nisi
689 2402 758 2465 quod
776 2413 837 2449 aaut
855 2402 955 2449 addidit
973 2402 1035 2452 ante
1055 2396 1082 2450 C.
1096 2397 1178 2451 Cotta.
1215 2402 1281 2465 lude
1291 2400 1400 2449 lacunae
1413 2399 1491 2461 suppl

409 2481 438 2529 in
456 2476 617 2528 recentiores
636 2473 742 2521 codices
760 2470 873 2530 transiit,
893 2472 971 2520 modo
990 2474 1052 2521 itctu
1072 2473 1098 2520 ln
1117 2472 1283 2537 margInibus
1303 2470 1444 2533 ascriptum
1461 2484 1491 2516 m<

336 2603 342 2609 ,
410 2552 472 2614 ipss
489 2545 590 2596 Valerii
608 2545 692 2592 uerba
709 2544 846 2593 insertum.
884 2542 1039 2591 Primarium
1060 2556 1124 2592 uero
1143 2544 1280 2591 auctorem
1302 2542 1364 2591 olim
1389 2540 1491 2603 copiosi

411 2622 480 2669 baec
490 2614 648 2680 exposuisse
656 2613 716 2662 colli
739 2614 808 2661 imus
815 2626 849 2662 ex
858 2614 942 2663 altero
953 2614 1031 2662 buius
1042 2612 1157 2675 exempli
1167 2612 1323 2675 compendio
1332 2613 1358 2661 in
1365 2611 1491 2675 Nepotiar

412 2691 522 2752 eiusque
535 2686 625 2735 uerbis
639 2681 671 2741 Q.
684 2681 709 2734 F
743 2682 927 2748 tempsanum
940 2682 1068 2734 coeremita
1080 2680 1187 2751 publice
1204 2681 1352 2734 lacessitam
1364 2678 1490 2750 prestari

424 2801 431 2808 .
482 2752 508 2807 4.
527 2757 565 2805 Cl'.
582 2757 672 2805 Front.
691 2756 766 2804 strat.
784 2756 840 2811 IIII,
862 2751 884 2810 i,
904 2749 947 2805 31.

484 2824 575 2891 [Nam]
597 2824 625 2875 C.
646 2823 732 2889 Coun)
760 2831 819 2886 Qua
843 2827 999 2876 auctoritate
1024 2827 1121 2876 nitatur
1145 2827 1208 2876 illud
1225 2840 1287 2876 eam
1306 2829 1474 2888 apparatos

412 2898 491 2949 modo
510 2897 543 2944 dc
561 2897 673 2944 lacunae
686 2897 871 2959 supplemento
884 2898 1077 2948 admonuimus.
1114 2896 1235 2947 Alienum
1248 2898 1317 2946 enlm
1331 2913 1349 2945 a
1362 2897 1469 2950 Paride,
1490 2917 1491 2932 r

412 2972 482 3019 hace
500 2968 636 3020 debentur,
655 2981 724 3029 quae
744 2969 851 3016 eursiua
870 2967 1037 3016 distinximus
1057 2969 1202 3032 scriptura,
1227 2967 1356 3016 insertum
1377 2972 1421 3016 est
1441 2982 1475 3015 ex

413 3051 525 3088 censore
543 3037 602 3085 libri
619 3036 759 3087 Danieliui.
799 3038 924 3088 Valerius
949 3055 1000 3103 quo
1018 3040 1097 3087 modo
1122 3041 1173 3088 boc
1191 3039 1344 3102 exemplum
1362 3037 1491 3100 inceperit

411 3112 466 3159 iam
478 3109 576 3173 nequit.
606 3103 675 3155 Nem
687 3108 758 3155 certe
770 3112 879 3170 propter
891 3111 1081 3173 praecedentia
1094 3106 1174 3172 (Nam
1186 3107 1216 3158 P.
1228 3105 1366 3174 Repetas)
1377 3109 1468 3157 locum
1482 3122 1491 3154 r

483 3177 513 3230 P.
531 3173 667 3228 Aurelium
687 3173 795 3242 [fitium]
814 3176 992 3242 Pecuniolam)
1011 3181 1120 3236 Vocem,
1140 3193 1220 3245 quam
1235 3180 1311 3228 uncis
1329 3179 1441 3236 inclusi,
1462 3193 1491 3240 pr

412 3254 485 3301 tores
504 3250 658 3305 emiserant,
677 3248 746 3311 quod
765 3262 824 3297 eam
844 3267 861 3298 a
879 3252 1031 3300 melioribus
1050 3251 1125 3300 libris
1144 3252 1244 3300 abesse
1263 3251 1406 3313 putebant.
1447 3252 1489 3308 Qu

413 3321 519 3372 etiamsi
536 3332 589 3367 non
608 3320 746 3380 comparet
763 3333 831 3368 nunc
844 3322 872 3370 iu
885 3321 960 3370 libris
973 3322 1110 3377 ilerdensi,
1129 3321 1294 3370 Berolinensi
1312 3315 1352 3378 D,
1373 3317 1491 3368 Goeller

413 3409 474 3442 cum
491 3391 576 3440 lateat
592 3389 620 3436 iu
638 3389 680 3436 bis
699 3390 745 3437 aut
763 3391 813 3438 sub
831 3392 909 3440 litura
928 3395 974 3440 aut
992 3394 1043 3441 sub
1062 3407 1166 3448 rasura,
1186 3393 1244 3441 siue
1257 3393 1338 3440 dubio
1352 3393 1416 3440 erat
1429 3391 1491 3438 olim

413 3463 570 3525 archetypo.
606 3460 699 3508 Ortum
724 3462 812 3510 autem
835 3463 1004 3524 suspicamur
1026 3477 1089 3512 esso
1113 3477 1147 3512 ex
1171 3463 1314 3529 marginali
1339 3463 1491 3524 iaterpretc

412 3536 508 3583 borum
524 3529 650 3595 scaptiae
666 3527 720 3580 eibi
736 3529 865 3585 iunctum,
896 3534 967 3582 laisa
986 3534 1104 3597 quidem,
1134 3533 1183 3582 scd
1207 3535 1233 3582 in
1258 3549 1340 3598 quam
1367 3533 1455 3581 l'acile
1482 3533 1490 3580 i

412 3603 497 3667 potuIt
525 3603 748 3666 praecedentibus
772 3599 989 3653 necessilade'aam
1008 3602 1147 3670 perruptis
1163 3601 1277 3654 uinculis
1294 3607 1320 3653 et
1349 3600 1490 3669 &amini

411 3677 527 3726 semma.
562 3672 721 3736 SImpliciter
745 3674 774 3724 P.
792 3674 926 3724 Aurelium
946 3675 1116 3724 Peertniolum
1141 3691 1201 3724 cum
1220 3676 1362 3738 appellant
1384 3675 1471 3724 Paris

412 3744 506 3794 lerium
523 3746 624 3793 tantum
642 3760 695 3794 nou
713 3745 740 3792 in
759 3745 871 3811 singulis
891 3746 979 3794 uerbis
999 3749 1107 3795 secutus
1126 3749 1177 3802 est,
1196 3745 1343 3795 Frontinus
1364 3746 1385 3795 l.
1407 3761 1432 3797 e.

485 3819 510 3863 et
521 3828 608 3879 paese
619 3815 719 3877 carba)
738 3817 866 3877 Copulsm
880 3819 913 3867 et,
935 3830 1003 3879 quac
1016 3830 1081 3865 casu
1095 3819 1208 3880 quodam
1222 3818 1364 3866 exciderat
1378 3817 1408 3866 in
1426 3819 1491 3868 cod.

414 3886 486 3934 recte
504 3899 520 3932 e
538 3884 676 3933 Paridensl
694 3887 849 3947 compendio
866 3887 1017 3936 inseruerat
1034 3888 1190 3936 emendator
1207 3888 1267 3936 libri
1285 3888 1467 3944 tiernensis,

415 3956 451 4004 sit
467 3954 541 4002 nulla
558 3969 604 4002 cur
623 3955 757 4003 Valerium
780 3953 926 4012 ἆσυνδέιως
947 3957 1031 4006 hasce
1056 3959 1205 4007 sentcntiae
1228 3963 1323 4022 partes
1352 3973 1491 4022 composi

415 4025 555 4074 comment.
572 4025 692 4073 nostrum
710 4027 744 4074 ad
762 4027 831 4083 Vlll,
850 4022 875 4084 8,
895 4025 921 4077 2.

484 4090 510 4144 5.
529 4095 567 4145 Cf.
585 4094 644 4144 ltiu.
663 4095 720 4151 xl,
740 4091 781 4147 ll.
801 4097 872 4153 xLl,
890 4093 934 4150 27.
954 4097 1021 4150 Veli.
1039 4099 1059 4158 I,
1083 4096 1122 4156 to.
1143 4095 1168 4151 o.
1187 4100 1277 4152 Front.
1296 4101 1361 4156 llll,
1388 4097 1415 4159 I,
1440 4094 1491 4153 32.

475 4163 594 4230 fratrae
612 4169 764 4218 consortem.
784 4164 919 4231 lepioaem)
947 4169 1092 4236 Egregium
1111 4173 1199 4235 recepi
1218 4170 1354 4220 Perizonii
1377 4173 1491 4222 comice

414 4238 528 4286 correxit
545 4236 664 4284 codicum
682 4238 806 4286 mendum
823 4235 952 4288 cohortem
969 4237 1086 4304 lepiom's.
1123 4241 1215 4306 Neque
1237 4243 1307 4292 euim
1329 4257 1426 4292 unam
1451 4259 1489 4292 co

412 4311 497 4358 totam
513 4307 587 4356 illam
605 4307 746 4372 legionem,
765 4309 791 4356 in
810 4325 862 4374 qua
880 4310 1000 4360 tribunus
1019 4313 1129 4361 militum
1149 4315 1220 4370 erat,
1243 4313 1398 4363 dimiserat
1419 4315 1492 4362 Liui

413 4381 441 4429 et
457 4379 582 4430 Frontino
600 4378 722 4433 testibus,
741 4381 849 4443 eratque
869 4379 977 4430 Fuluius
995 4383 1115 4433 tribunus
1133 4383 1219 4433 Fuluii
1237 4385 1369 4434 censoris
1385 4386 1489 4434 frater

413 4464 560 4518 germaium
577 4450 625 4498 aed
645 4450 725 4498 ctiam
743 4463 864 4509 consors,
885 4451 913 4500 ut
930 4453 1047 4502 referunt
1064 4453 1157 4503 Liuius
1177 4454 1247 4512 XLI,
1265 4451 1298 4505 21
1323 4469 1341 4504 e
1360 4456 1491 4506 Valerio

411 4521 531 4570 Velleius
548 4521 567 4572 i.
586 4537 609 4568 c.
646 4519 821 4569 Confirmatur
843 4537 913 4570 nrrnc
935 4522 1064 4573 Perizouii
1086 4526 1251 4581 coniectura,
1277 4527 1312 4574 de
1342 4541 1410 4591 qua
1432 4541 1491 4575 nen

411 4592 528 4652 prudens
542 4592 677 4646 debltauit,
697 4589 799 4640 Paridis
810 4595 976 4651 auctoritate,
996 4596 1040 4658 qui
1058 4596 1194 4660 antiquam
1207 4595 1307 4646 valerii
1328 4598 1491 4659 scripturo

412 4664 488 4718 Quae
504 4662 575 4710 idem
594 4661 669 4710 Parr's
688 4663 724 4710 ad
743 4677 786 4713 riu.
803 4659 935 4714 dimittere
952 4677 1043 4714 ausam
1061 4666 1175 4729 addidit,
1196 4665 1253 4718 ηίε
1270 4671 1368 4718 tamea
1390 4667 1491 4718 mi

413 4731 475 4779 eunt
491 4746 507 4780 e
525 4732 583 4784 Liu.
601 4732 660 4793 XL,
678 4727 722 4786 ll.
