3409 5400
312 540 358 610 si

311 704 541 789 desumptae,
561 698 665 767 multa
686 700 828 788 deniqne
850 722 914 765 sno
937 699 1095 767 arbitratu
1117 710 1237 770 mutat,
1267 698 1329 765 sed
1359 720 1506 789 nunnquan

312 812 397 878 ndeo
418 811 557 877 recessit
578 834 602 875 iu
622 808 750 875 Valerii
772 808 893 883 uerbis,
915 820 952 873 ut
973 832 1041 874 non
1064 820 1165 875 totam
1188 812 1260 875 eius
1282 809 1508 896 discrepantiam

309 922 395 987 inter
416 928 543 983 ceteros
573 917 708 983 codices
737 915 836 982 facile
867 928 1002 981 enotare
1031 918 1228 1003 potuissem,
1259 916 1347 1004 quod
1373 938 1432 981 non
1449 938 1509 1002 per·

309 1029 471 1095 miserunt
491 1025 630 1091 alierum
652 1028 914 1112 epitomatorem,
939 1022 1071 1089 Paridis
1095 1038 1128 1088 et
1148 1024 1324 1111 Nepotiani
1346 1045 1443 1089 curae.
1479 1022 1511 1087 ld

309 1156 390 1200 uero
412 1157 454 1199 eo
475 1134 587 1219 magis
609 1130 798 1197 faciendum
820 1132 945 1219 putaui,
969 1130 1058 1219 qnod
1073 1154 1157 1219 opus
1180 1134 1262 1207 eins,
1286 1153 1327 1196 ex
1348 1134 1511 1216 incorrupto

310 1256 344 1309 et
364 1266 434 1308 non
455 1240 663 1328 spernendae
692 1241 769 1304 odei
790 1240 970 1326 exemplari
993 1252 1189 1326 excerptum.
1217 1240 1368 1305 discretis
1397 1260 1469 1327 qaue
1495 1260 1514 1301 a

310 1351 469 1439 primario
492 1360 625 1414 anctore
648 1360 680 1411 et
691 1369 776 1436 qnae
798 1347 843 1413 ali
859 1347 1085 1413 abbrcuintore
1096 1349 1245 1435 proiecte
1266 1359 1352 1423 sunt,
1374 1336 1406 1410 et
1423 1348 1516 1432 ipsum

311 1460 392 1525 boni
412 1458 449 1523 in
468 1457 585 1543 primis
607 1456 733 1521 codicis
763 1457 871 1521 nicein
901 1456 1034 1521 obtinet.
1085 1454 1335 1541 inscriptionem
1364 1456 1518 1541 epitomae,

311 1566 473 1650 dicipiunt
492 1566 632 1647 capitula
655 1564 730 1628 libri
760 1565 877 1629 Valerii
898 1564 1049 1638 Maximi,
1081 1566 1227 1651 seqnitur
1255 1564 1412 1650 praefatio
1439 1563 1520 1626 Vrbis

312 1676 412 1739 Rene
433 1684 467 1737 et
492 1694 526 1759 q.
553 1692 645 1759 sqq.,
673 1693 759 1759 qnae
787 1683 898 1737 tamen
925 1670 1020 1735 aliter
1048 1671 1179 1757 explicit
1206 1684 1303 1760 atquo
1330 1672 1365 1735 in
1391 1669 1521 1757 uolgatis

309 1780 420 1855 libris,
446 1780 998 1861 reliqueseaimdeeiaccepimius,
1022 1780 1325 1844 &mdedu'iiiuin
1369 1778 1523 1861 Etpriuiie

311 1890 435 1974 quidm
456 1910 477 1951 e
492 1888 619 1971 priscis
638 1886 730 1951 urbii
749 1893 856 1951 nostre
877 1892 1110 1969 ceteuueuuupuc
1127 1890 1266 1971 panea
1286 1884 1523 1951 numerabilibus

310 1998 466 2063 militetis
487 1994 670 2058 ordiendum
690 1995 825 2057 uidetur.
863 1996 953 2077 Opus
972 1997 1054 2059 eiuiiui
1075 1998 1365 2080 eitceymici...
1387 2006 1444 2057 eto.
1479 1990 1527 2057 Ita

311 2106 424 2173 statim
444 2102 572 2168 omisso
598 2100 682 2165 libro
711 2102 819 2187 primo
847 2104 965 2168 transit
991 2102 1037 2168 ad
1065 2102 1111 2180 ll,
1141 2105 1176 2177 l,
1204 2104 1273 2167 init.
1328 2101 1417 2167 Libri
1438 2099 1529 2187 pr'nni

311 2209 473 2301 particula
492 2208 570 2275 inde
592 2230 616 2272 a
636 2209 744 2295 capite
767 2208 897 2295 quinto,
925 2210 1013 2297 quod
1036 2212 1228 2297 inscriptam
1250 2212 1289 2273 dc
1309 2208 1462 2273 οιιιὰιὶῠιιι
1481 2208 1529 2270 in·

311 2322 391 2409 cipit
422 2320 577 2384 Deietoee
602 2338 679 2382 uere
709 2318 778 2399 reni
809 2328 843 2381 et
872 2338 906 2403 q.
939 2339 1031 2405 sqq.,
1059 2340 1165 2406 nsque
1200 2317 1244 2382 nd
1272 2317 1370 2381 fin-
1403 2335 1475 2401 cap.
1511 2313 1532 2377 8

310 2439 430 2516 postca
450 2426 631 2514 suppletin,
653 2428 781 2491 inserte
800 2434 878 2510 post
899 2445 955 2487 ιιιι.
984 2422 1043 2503 (ll,
1065 2425 1103 2500 6,
1126 2436 1190 2489 ent.
1220 2426 1275 2505 17)
1303 2442 1440 2487 mni
1468 2440 1535 2484 esre

311 2538 464 2601 madi.
507 2533 639 2599 Desinit
659 2528 834 2605 codexIX,
859 2532 912 2606 14,
935 2531 1032 2597 exie
1054 2530 1249 2606 hisnerbis,
1272 2530 1424 2595 audacius
1445 2548 1537 2611 quom

314 2642 451 2706 subiecto
472 2639 672 2705 meai
690 2641 775 2703 uitus
795 2644 853 2704 eit
896 2636 1042 2720 Eupli'cil
1061 2638 1114 2704 lib.
1140 2639 1223 2704 Vm
1246 2640 1361 2705 Valerii
1381 2637 1538 2702 dietomn

311 2756 343 2812 et
352 2749 521 2832 saeterunu
540 2746 794 2810 nmerobilirueu
837 2746 982 2833 Signaui
1004 2767 1080 2812 curm
1097 2746 1226 2812 Graeca
1246 2747 1352 2812 littera
1374 2745 1413 2818 Γ,
1442 2755 1476 2806 ut
1499 2763 1541 2805 ea

312 2873 443 2943 quoqne
464 2864 546 2918 nota
566 2855 678 2918 statim
699 2863 873 2939 appareret
894 2853 1073 2919 discrimen
1097 2855 1182 2919 inter
1202 2853 1291 2920 hunc
1313 2851 1542 2918 abbreuiatum

313 2973 347 3027 et
366 2961 514 3049 reliquos
534 2960 684 3048 integros
705 2956 833 3027 Valerii
857 2959 972 3028 libros.

399 3279 509 3347 linita
529 3280 629 3369 igitur
648 3278 801 3348 codicum
822 3279 1077 3352 Valerianoiuim
1105 3285 1300 3350 recensione
1330 3293 1487 3369 superest
1511 3293 1548 3348 ut

313 3385 357 3454 de
377 3389 517 3464 ratione,
539 3408 626 3475 qnae
646 3390 732 3454 inter
751 3391 905 3478 singulos
921 3393 1111 3468 intercedat,
1140 3393 1181 3458 de
1204 3391 1419 3467 affinitatei.
1445 3412 1477 3453 e.
1504 3389 1549 3453 de

313 3495 491 3584 generibus
513 3497 596 3570 siue,
617 3506 655 3560 nt
675 3518 762 3562 nnnc
784 3497 894 3563 dicere
917 3498 1041 3576 solent,
1070 3499 1114 3564 do
1136 3499 1270 3566 familiis
1293 3518 1408 3562 comm
1433 3497 1551 3562 disse·

312 3622 437 3667 remus.
479 3602 568 3669 Esse
589 3613 700 3670 anien
721 3615 829 3670 certes
852 3605 1017 3692 quasdam
1038 3607 1199 3673 familias.
1221 3627 1281 3693 per
1302 3627 1387 3693 quas
1412 3605 1461 3669 ab
1488 3627 1553 3669 an·

313 3709 460 3794 iiquiiaie
480 3709 528 3774 nd
547 3721 663 3777 nosos
688 3724 838 3799 tempora
858 3715 1033 3802 propagati
1061 3735 1101 3779 nc
1131 3714 1263 3780 deducti
1290 3715 1356 3779 sint
1383 3711 1484 3788 libri,
1524 3709 1557 3775 si

314 3813 446 3890 alicubi,
467 3817 613 3900 profecto
635 3831 766 3884 constat
785 3819 822 3883 in
842 3817 908 3882 hoo
930 3822 1101 3908 scriptore.
1152 3822 1195 3888 Et
1221 3823 1361 3909 primurn
1393 3819 1557 3907 quidem,

313 3942 391 3987 curn
425 3921 462 3984 in
482 3923 646 3998 omnibns,
679 3927 737 4011 qni
768 3925 814 3990 nd
840 3937 957 3992 nostra
982 3939 1131 4016 tempora
1153 3939 1379 4017 peruenerunt,
1413 3925 1560 3990 Valerii

313 4026 484 4092 codicibus
506 4027 662 4104 euedeun,
687 4031 719 4094 si
741 4032 887 4116 excipias
908 4037 1126 4104 recentiorum
1146 4036 1352 4102 annnorum
1374 4053 1499 4120 nugas
1528 4045 1567 4094 et

312 4133 493 4220 peculiaria
520 4134 727 4222 siugulomm
754 4151 909 4222 peccem
940 4141 1226 4229 deprehendantur
1255 4143 1406 4215 lacunae,
1446 4141 1564 4202 inter·

311 4239 514 4328 philone&
536 4241 753 4328 θθΓΝΡίθῙεθ,
775 4244 918 4312 dubitari
939 4251 1050 4338 nequii
1081 4254 1160 4339 quin
1189 4271 1306 4318 ornnes
1330 4247 1373 4312 ad
1397 4245 1567 4310 eundem

311 4347 449 4412 redeant
470 4367 680 4414 communem
698 4350 840 4429 sontem,
874 4374 894 4416 e
922 4377 987 4442 quo
1016 4359 1179 4447 originem
1208 4357 1393 4447 acceperint
1425 4367 1465 4417 et
1498 4373 1567 4438 per

312 4453 465 4521 dinnses
487 4456 586 4544 qnasi
606 4453 731 4522 rinnlon
753 4462 991 4528 emanauerint.

311 4619 526 4640 fl—-unn

359 4719 1495 4812 ,¹tit‚ext¹⁰.ititn·'⁶noeitu=puuuiuu·iiiitauiniioeesem
1524 4743 1567 4783 re

311 4793 868 4862 munientium-lindi.
