3409 5400
259 398 323 467 504
733 384 793 455 DE
816 378 1015 453 tvsuua

258 559 362 627 ritulis
393 550 665 643 adprehenderat.
725 546 827 613 Cuius
863 542 1069 631 opprimendi
1100 563 1175 609 cum
1209 562 1381 609 summo
1418 537 1531 605 studio

261 666 426 753 flagraret,
450 682 568 727 seruus
592 658 712 724 Scauri
735 664 833 719 noctu
856 650 900 717 ad
922 674 997 716 eum
1012 651 1170 737 peruenit,
1193 652 1481 715 instructurum
1495 667 1531 709 ee

261 774 332 839 eius
345 770 590 839 accusationem
606 764 715 829 multis
728 777 759 825 et
775 758 931 849 grauibus
944 758 1066 822 domiui
1078 757 1273 823 criminibus
1289 755 1532 842 promittens.

260 880 341 946 Erat
363 880 397 943 iu
414 874 529 941 eodem
547 881 678 957 pectore
694 868 844 935 inimicus
861 876 892 929 et
906 863 1068 929 Domiu’us
1087 869 1133 943 [et
1147 863 1353 941 dominusJ.
1384 862 1533 925 diuersa

262 984 487 1053 aestimatione
511 972 673 1043 netarium
689 975 845 1040 indicium
861 971 1078 1060 perpendens.
1122 969 1247 1035 Iustitia
1270 970 1379 1033 uicit
1396 968 1550 1033 edicunt

263 1094 424 1160 Continuo
448 1086 534 1149 enirn
559 1092 590 1147 et
605 1082 674 1149 suis
697 1082 830 1148 auribus
847 1080 1007 1145 obseratis
1025 1092 1055 1142 et
1068 1077 1185 1144 indicis
1201 1097 1258 1141 ore
1277 1077 1434 1141 clauso
1454 1075 1531 1137 duci

263 1222 337 1265 eum
362 1194 405 1261 ad
421 1193 583 1257 Scaurum
605 1190 713 1255 iussit.
758 1188 995 1253 Accusatorem
1017 1187 1115 1251 etiam
1132 1205 1189 1247 reo
1211 1206 1289 1259 suo,
1322 1205 1380 1249 ne
1411 1183 1529 1247 dicem

261 1299 476 1391 diligendum,
500 1306 586 1361 certe
609 1294 822 1361 laudandum.
862 1293 969 1374 Quem
993 1290 1130 1377 populus
1147 1311 1221 1354 curn
1236 1300 1406 1375 propter
1433 1288 1527 1353 adias

260 1410 396 1475 uirtutes
427 1414 494 1469 tum
522 1400 586 1466 hoc
610 1403 742 1467 nomino
765 1400 917 1467 libentius
947 1409 978 1462 et
1004 1396 1173 1463 consulem
1200 1408 1233 1460 et
1253 1417 1469 1463 censorem
1495 1407 1526 1457 et

262 1514 449 1603 pontificem
470 1508 650 1575 maximum
672 1508 757 1573 fecit.
1530 1516 1554 1558 a

221 1626 254 1695 6.
351 1616 422 1685 Neo
452 1614 544 1681 aliter
572 1634 605 1679 ee
631 1612 670 1680 L.
703 1613 844 1679 Crassus
880 1615 915 1676 in
943 1610 1060 1675 eodem
1088 1609 1228 1673 iustitiae
1259 1611 1520 1694 experimento

264 1726 380 1815 gessit.
431 1724 491 1789 Cu.
516 1720 676 1786 Carbonis
707 1740 827 1785 nonren
855 1718 986 1784 infesto·
1001 1716 1109 1780 auimo
1133 1725 1240 1801 utpote
1263 1714 1516 1779 inimicissimi

265 1832 329 1899 eibi
351 1828 520 1906 detulerat,
544 1826 604 1893 sed
627 1836 736 1891 tamen
760 1826 916 1891 scrinium
941 1824 1011 1887 eius
1035 1845 1056 1886 a
1078 1842 1176 1886 seruo
1199 1821 1356 1887 adlatum
1385 1820 1439 1885 ad
1464 1840 1514 1889 se,

1590 1899 1593 2010 Ι

265 2020 291 2079 2.
311 2025 346 2075 ad
364 2038 425 2075 eum
442 2025 522 2075 noctu
540 2022 671 2085 (Effera
684 2020 698 2089 ΙΙ
713 2016 739 2073 3.
761 2021 860 2071 domini
878 2035 927 2071 era.
945 2017 976 2072 F.
996 2019 1009 2089 ΙΙ
1030 2016 1054 2071 l.
1078 2022 1105 2069 et
1128 2015 1260 2083 domiuus}
1275 2015 1402 2083 pereatis
1420 2017 1509 2065 meat.
1591 2025 1592 2058 ι

266 2090 298 2150 Α.
317 2109 366 2147 om.
388 2091 464 2146 Torr-
479 2094 491 2162 ΙΙ
505 2090 531 2149 b.
550 2094 665 2161 lustitia]
685 2088 747 2145 add.
766 2097 856 2143 tamen
874 2105 944 2143 corr.
962 2088 997 2145 Ε.
1016 2086 1072 2157 116.
1091 2089 1242 2140 obseruatis
1257 2102 1303 2155 pr.
1321 2085 1362 2139 A.
1375 2084 1394 2152 ΙΙ
1407 2086 1507 2136 iudicis
1589 2101 1590 2104 ¹

265 2162 330 2221 DF.
347 2162 398 2235 ΙΙῘ.
417 2168 441 2217 0
464 2168 648 2217 accusatorem
667 2162 699 2216 Γ.
719 2160 761 2229 ts.
781 2161 851 2229 carm]
871 2167 925 2213 tum
947 2158 1098 2214 CDEFP.
1118 2152 1130 2225 ΙΙ
1151 2157 1191 2211 ll.
1210 2158 1277 2224 Nee]
1299 2160 1380 2210 haee
1395 2171 1449 2225 pr.
1466 2152 1504 2206 D·
1589 2179 1590 2190 ι

280 2236 292 2307 ΙΙ
307 2252 338 2289 se
356 2250 405 2291 om.
426 2233 543 2289 CDEF
557 2241 583 2287 et
617 2250 640 2289 r.
658 2232 709 2303 Α.Ι
731 2248 753 2286 s.
773 2248 884 2285 crassus
902 2230 931 2286 rt
946 2233 958 2301 ΙΙ
975 2230 1015 2286 ta.
1034 2235 1061 2282 c.
1081 2231 1209 2281 Carbonis
1230 2225 1334 2297 Tomi
1354 2223 1405 2280 13.
1426 2229 1504 2277 detu-

266 2308 345 2377 ierat]
365 2313 425 2360 aute
443 2310 533 2374 utpote
552 2304 583 2361 Γ.
594 2252 755 2377 (iscriueum
772 2302 807 2357 Ε.
822 2302 834 2366 ΙΙ
849 2305 959 2356 aliatum
978 2321 995 2355 a
1013 2318 1092 2354 seruo
1112 2320 1128 2351 a
1146 2314 1177 2351 se
1196 2297 1227 2352 F.
1323 2327 1327 2333 ·
1583 2285 1590 2366 (

339 2482 460 2537 iairaioee
478 2488 505 2536 et
520 2482 655 2536 Domitiae
673 2482 711 2551 [et
728 2479 1007 2548 dominuspdiuerea)
1032 2480 1168 2536 Valerius,
1188 2482 1218 2528 ut
1234 2479 1318 2537 solet,
1344 2478 1497 2529 consuetu

286 2569 337 2607 uas
355 2570 425 2607 nune
444 2556 555 2607 dicimus
574 2557 696 2606 notiones
709 2570 757 2620 pro
777 2555 921 2605 obstructis
934 2552 1031 2617 posuit,
1067 2551 1211 2619 insignitur
1222 2551 1290 2601 euim
1303 2550 1493 2615 appellatione

268 2622 397 2683 ammiras,
417 2638 486 2691 quae
505 2626 538 2675 ad
557 2625 698 2675 Domitium
718 2626 858 2677 referenda
877 2627 927 2682 ost,
947 2624 1034 2672 odium
1054 2623 1111 2672 eius
1130 2622 1262 2672 aduersus
1280 2620 1428 2675 Scaurum,
1447 2634 1493 2667 no·

268 2696 339 2748 mine
357 2695 463 2760 proprio
482 2695 567 2759 lpslus
586 2696 691 2747 Domitii
710 2699 810 2748 iustitia
829 2697 887 2748 elus
905 2699 985 2761 atque
1003 2709 1106 2744 morum
1127 2693 1255 2756 probitas.
1300 2691 1448 2743 lnlruicitis
1465 2690 1492 2737 ul

269 2767 408 2829 reciperet,
427 2765 528 2815 iustitia
546 2767 573 2815 ut
591 2768 703 2818 reicerel
721 2769 793 2818 serui
811 2769 934 2818 indicium
953 2766 1093 2815 seruiebat.
1129 2767 1230 2825 Quibus
1248 2765 1273 2814 si
1290 2765 1399 2814 tertium
1414 2775 1489 2812 aoce-

269 2836 353 2893 deret,
371 2839 397 2886 et
414 2831 540 2894 domiuus,
559 2837 754 2902 significaretur
773 2853 814 2897 eo,
834 2840 863 2886 ut
880 2839 952 2888 recte
964 2836 1149 2887 animaduertit
1161 2835 1322 2893 Perizonius,
1342 2839 1489 2900 reputasse

268 2906 412 2958 Domitium
435 2905 523 2968 ipsum
548 2919 579 2956 se
598 2908 729 2958 domiuum
755 2923 818 2959 esse
844 2922 983 2959 seruorum
1006 2911 1033 2958 et
1055 2919 1139 2971 posse
1163 2907 1261 2956 similia
1284 2921 1302 2955 a
1318 2907 1378 2956 suls
1399 2902 1485 2955 seruis

269 2975 322 3027 sibl
340 2988 445 3040 quoque
464 2975 594 3034 accidere,
615 2980 694 3042 etque
705 2980 773 3028 adeo
793 2979 882 3042 utique
892 2980 1054 3044 puniendam
1069 2991 1133 3028 esse
1146 2978 1249 3027 laesam
1267 2992 1285 3027 e
1297 2989 1376 3027 seruo
1390 2977 1486 3026 fldem.

270 3045 346 3105 Quod
365 3059 444 3110 quam
463 3044 578 3096 alienum
597 3048 631 3096 sit
650 3064 667 3098 a
678 3048 778 3098 Valorli
797 3053 886 3100 mente
904 3065 1037 3115 quumque
1048 3049 1208 3099 contrarium
1223 3063 1300 3097 neruo
1311 3063 1365 3098 nou
1377 3046 1485 3100 unua

268 3117 309 3166 De
328 3115 432 3165 duobus
449 3115 551 3166 tentum
564 3117 704 3168 &acubus
722 3120 858 3171 auctorem
871 3121 1009 3188 cogitasse
1021 3120 1169 3185 sequentia,
1187 3116 1293 3168 iusticia
1307 3116 1375 3168 eicit
1386 3115 1482 3172 odiu,

269 3187 338 3238 setis
356 3199 490 3252 superque
508 3188 652 3241 declarent.
689 3187 742 3240 Sed
767 3190 828 3252 quid
855 3190 956 3240 multat
986 3190 1132 3240 Manifesta
1156 3190 1199 3240 est
1223 3189 1321 3240 librarii
1344 3191 1483 3240 cuiusdam

269 3257 360 3308 infelix
379 3255 545 3314 coniectura,
570 3259 614 3324 qui
638 3273 696 3310 cum
718 3275 771 3310 nou
793 3261 959 3326 perspiceret
982 3262 1035 3310 uim
1059 3261 1172 3310 nominis
1195 3261 1308 3324 proprii,
1331 3264 1406 3323 quod
1427 3262 1484 3324 ipse

269 3327 401 3378 Domitius
419 3328 445 3378 lu
457 3327 563 3378 Domitii
582 3331 690 3394 pectore
709 3331 793 3382 titisse
812 3333 952 3388 diceretur,
971 3333 999 3382 in
1012 3331 1133 3399 margine
1151 3331 1252 3392 antiqui
1266 3331 1365 3382 codicis
1382 3331 1481 3392 ascrip-

271 3400 345 3450 serat
361 3413 410 3463 pru
430 3402 455 3450 et
471 3396 605 3452 Domitiae
623 3401 765 3468 legendum
784 3415 849 3452 esse
871 3406 898 3452 et
917 3398 1050 3462 deminus,
1077 3402 1147 3463 quod
1172 3402 1266 3452 deinde
1290 3403 1360 3452 elius
1384 3398 1482 3453 librarii

271 3469 350 3533 culpe
368 3469 436 3520 inter
454 3471 572 3537 genuina
590 3472 689 3522 Valerii
706 3474 791 3523 uerba
809 3474 944 3538 receptum
963 3477 1014 3525 est,
1049 3471 1197 3523 Deleudum
1219 3486 1282 3523 esee
1300 3474 1421 3537 spurium
1439 3472 1482 3522 sd·

271 3538 443 3589 tiliamentum
466 3540 595 3592 intellexit
621 3543 720 3606 primus
744 3542 913 3601 Perizonius,
941 3544 1082 3608 emphasin
1111 3543 1199 3601 illam,
1227 3550 1309 3610 quae'
1323 3545 1350 3594 iu
1377 3546 1480 3596 nomine

269 3610 376 3672 proprio
394 3611 473 3668 tuest,
492 3625 594 3679 magua
612 3615 689 3677 copia
708 3615 890 3676 exemplorum
912 3631 973 3665 cum
997 3615 1108 3664 aliorum
1132 3615 1289 3679 scriptorum
1311 3615 1366 3664 turu
1385 3613 1482 3666 Valerii

269 3678 414 3730 illustrans.
458 3680 491 3728 El
513 3682 612 3732 Valerii
636 3684 741 3748 quidem
760 3684 828 3734 baec
847 3686 909 3734 eunt
927 3686 959 3743 li,
982 3679 1014 3743 9,
1038 3680 1056 3736 3
1074 3688 1101 3734 et
1122 3698 1213 3735 ceam
1236 3690 1261 3734 et
1287 3682 1365 3739 cau,

269 3747 420 3827 annuatis
438 3750 586 3816 coemptam.
615 3753 659 3810 lll,
679 3747 704 3812 ³,
724 3749 812 3805 exii
837 3759 863 3805 et
880 3759 990 3820 araneo
1014 3760 1039 3805 et
1056 3752 1174 3806 Phalari.
1201 3755 1251 3813 Vl,
1270 3751 1301 3814 3,
1328 3752 1340 3807 l
1366 3754 1481 3808 Mutae

269 3827 330 3894 erue
347 3814 426 3896 malt.
447 3831 504 3868 cam
517 3820 682 3887 praecipites
699 3821 795 3888 agebar
812 3823 935 3878 Scaeam.
964 3825 1012 3884 Vl,
1033 3822 1063 3884 i,
1088 3828 1141 3875 ext.
1165 3822 1183 3876 2
1206 3824 1346 3894 maluitque
1363 3825 1481 3879 Secreta

268 3886 382 3966 fvlmen
400 3899 477 3951 qam
493 3885 592 3954 Iayeim
608 3905 753 3959 superesse.
790 3895 916 3944 Probauit
934 3895 1062 3946 Perizonii
1084 3897 1234 3960 opinionem
1252 3897 1406 3958 Torrenius,
1425 3914 1478 3950 curu

267 3954 329 4034 rude
347 3967 365 4003 a
382 3953 478 4022 Pighiu
498 3959 569 4010 mele
588 3962 688 4013 editum
707 3967 781 4016 esset
803 3962 832 4014 ia
850 3961 938 4015 eodem
956 3968 1066 4032 pectore
1082 3964 1197 4018 Domitii
1214 3972 1241 4018 et
1257 3966 1379 4020 inimicae
1396 3975 1424 4021 et
1440 3967 1480 4021 do·

267 4037 359 4075 mauu.

338 4091 364 4146 tl.
385 4091 430 4146 aa
451 4091 591 4158 eatena)
615 4101 688 4152 lderu
706 4104 752 4155 ille
771 4106 859 4155 Gerbo
877 4107 927 4164 est,
946 4121 1025 4169 quem
1044 4121 1128 4173 supra
1145 4110 1194 4169 lll,
1214 4107 1243 4168 i,
1262 4106 1281 4162 b
1299 4128 1317 4162 a
1334 4111 1366 4166 1..
1385 4115 1478 4165 cresso

268 4166 421 4218 damnatum
441 4165 599 4230 scripserat,
622 4174 731 4235 propter
754 4177 822 4240 quod
847 4176 970 4227 iudicium
993 4179 1064 4229 tillus
1089 4180 1148 4230 eius
1172 4182 1201 4233 c.
1219 4183 1307 4232 Carbo
1331 4185 1366 4233 ad
1389 4199 1478 4249 specu·

268 4238 350 4288 landa
367 4238 397 4290 L.
418 4238 511 4288 crassi
528 4241 591 4289 ecla
608 4240 635 4290 iu
654 4241 767 4293 Galliam
786 4246 921 4309 protectus
942 4249 1008 4301 erat,
1049 4248 1104 4300 Sed
1128 4253 1155 4301 et
1178 4251 1247 4315 patri
1270 4253 1384 4305 Carboni
1406 4272 1478 4320 prae·

268 4321 365 4360 nomen
388 4310 448 4360 erat
470 4309 545 4360 uuo.
574 4311 612 4362 ot.
638 4312 690 4365 cre.
708 4314 735 4363 tn
754 4315 828 4368 verr.
847 4317 896 4375 ιιι,
918 4308 991 4377 us.
1015 4321 1050 4371 u.
1069 4325 1131 4384 app.
1148 4321 1201 4379 ur,
1223 4317 1274 4382 at,
1292 4319 1319 4376 ³.
1349 4327 1421 4377 ame
1438 4325 1476 4383 ar.

269 4373 328 4458 lili.
348 4380 381 4430 de
399 4381 466 4430 orat.
483 4381 505 4440 l,
525 4378 567 4442 10,
584 4376 627 4433 40.
652 4383 701 4442 Qui
721 4395 779 4436 cum
798 4401 851 4436 non
869 4389 956 4439 solum
974 4391 1111 4451 hocloco,
1133 4392 1167 4443 de
1186 4409 1238 4457 quo
1256 4395 1372 4462 agimus,
1391 4412 1476 4449 uerum

268 4449 348 4497 ettam
366 4449 410 4508 Vl,
428 4447 455 4510 2,
473 4446 491 4501 ³
508 4451 535 4502 lu
553 4453 675 4504 omuibus
694 4456 836 4514 codicibus,
857 4461 1026 4524 conspirante
1044 4462 1157 4524 utroque
1175 4463 1234 4514 loeo
1251 4465 1355 4525 Paride,
1375 4468 1476 4520 Gmeus

268 4517 430 4579 appelletur,
454 4523 545 4573 nescio
564 4539 599 4576 au
621 4538 695 4576 error
712 4525 797 4590 ipsius
816 4527 915 4580 Vateril
936 4531 985 4589 eit,
1007 4545 1062 4583 nou
1082 4532 1259 4588 librariorum.
1289 4537 1328 4588 Gt.
1353 4541 1438 4602 praet
1453 4556 1475 4605 p.
1511 4526 1515 4546 ¹

268 4579 312 4634 ³³.
338 4586 369 4637 ln
386 4590 499 4658 uulgata
516 4597 640 4661 exempla
657 4597 715 4648 Gaii
732 4613 897 4662 praenomen
912 4601 1055 4655 induxerat
1070 4603 1191 4670 Pighius.
