3409 5400
307 476 373 587 stc
719 516 779 587 aa
803 516 1105 590 vunncrmra

263 674 296 743 b.
393 677 573 765 Pompeius
595 687 707 745 autern
727 678 1090 767 MagnusPharsslica
1110 681 1183 747 acie
1205 683 1312 747 uictus
1335 704 1357 746 a
1372 682 1533 758 caum,

304 807 379 852 cum
406 796 539 873 postero
574 784 625 849 die
653 784 823 851 Larissam
857 788 991 853 intraret
1023 786 1199 875 oppidique
1230 788 1317 855 illius
1351 791 1531 855 uniuersus

303 893 445 981 populus
471 893 602 959 obuiam
627 893 657 956 ei
686 893 916 979 processisset,
947 893 1024 969 ‘lte',
1052 896 1166 982 inquit,
1194 904 1238 958 ‘et
1263 894 1352 960 istud
1381 895 1530 961 officium

302 1010 468 1084 praestate
496 998 631 1066 uictori'.
681 998 833 1077 Dicerem
865 1020 931 1065 nou
960 999 1082 1088 dignus
1111 1003 1167 1087 qui
1194 1004 1388 1080 uinceretur,
1417 1004 1484 1067 nisi
1507 1026 1530 1067 a

303 1107 447 1173 Caesare
476 1117 567 1171 esset
595 1116 786 1189 superatum
820 1119 907 1171 certe
939 1106 1108 1173 modestus
1136 1110 1171 1172 in
1199 1108 1393 1175 calamitate.
1438 1107 1555 1174 Nam⁵

303 1214 381 1299 quia
405 1212 563 1298 dignitate
587 1234 649 1275 sua
673 1214 716 1275 uti
741 1214 806 1276 iam
829 1234 897 1277 non
919 1224 1057 1300 poterat,
1078 1234 1161 1279 usus
1185 1227 1236 1281 est
1257 1214 1467 1282 uerecundia.

260 1322 292 1387 t.
392 1317 500 1398 Quam
524 1318 734 1403 praecipuam
759 1320 793 1383 in
818 1318 903 1383 Gaio
926 1340 1057 1406 quoque
1086 1319 1232 1386 Caesare
1259 1323 1363 1388 titisse
1395 1333 1426 1387 et
1449 1342 1526 1385 sae·

300 1442 480 1509 penumero
504 1424 656 1510 apparuit
679 1436 710 1488 ct
732 1423 866 1491 ultimus
888 1428 960 1490 eius
976 1426 1047 1492 dies
1063 1428 1269 1513 significauit.
1305 1426 1525 1514 Conpluribus

207 1592 217 1603 ,
302 1531 389 1597 enim
411 1530 647 1618 parricidarum
672 1530 813 1596 uiolatus
837 1532 1049 1598 mucronibus
1070 1534 1153 1597 inter
1168 1535 1276 1619 ipsum
1290 1533 1367 1599 illud
1383 1545 1525 1619 tempus,

300 1660 364 1724 quo
389 1637 520 1703 diuinus
543 1639 676 1723 spiritus
689 1637 829 1701 mortali
852 1637 1099 1703 discernebatur
1122 1662 1144 1705 a
1169 1626 1324 1728 corpore,
1353 1662 1396 1705 ns
1419 1640 1561 1705 tribusne

299 1744 432 1831 quidem
457 1754 488 1807 et
510 1744 628 1829 uiginti
651 1741 841 1807 uulneribus
866 1746 944 1831 quin
958 1745 1178 1811 uerecundiae
1192 1746 1426 1833 obsequeretur
1446 1746 1525 1813 abs·

300 1850 413 1913 terreri
441 1851 554 1934 potuit.
605 1848 774 1935 Siquidem
803 1858 941 1937 ubsque
969 1863 1082 1939 togam
1108 1874 1209 1918 runnu
1236 1852 1378 1929 demisit,
1410 1863 1447 1916 ut
1472 1852 1524 1917 in·

297 1954 398 2018 ferior
418 1977 502 2042 pars
532 1956 680 2041 corporis
711 1967 795 2020 tecta
823 1956 1060 2025 conlaberetur.
1105 1958 1143 2024 ln
1170 1958 1258 2025 hunc
1287 1959 1423 2025 modum
1453 1980 1523 2028 non

295 2056 448 2127 homines
473 2063 629 2149 expirant,
654 2062 714 2127 scd
739 2061 771 2124 di
793 2062 985 2130 inmortales
1007 2065 1107 2130 sedes
1131 2088 1211 2152 suas
1233 2077 1393 2152 repetunt.

161 2169 234 2239 Ext.
256 2172 286 2241 1.
387 2168 487 2253 Quod
521 2170 667 2257 sequitur
701 2169 842 2235 externis
878 2172 1067 2246 adnectam,
1102 2173 1179 2258 quia
1208 2184 1282 2240 aute
1310 2183 1440 2260 gestum
1471 2182 1559 2237 estn

295 2296 395 2367 quam
417 2276 568 2343 Etruriae
592 2276 709 2341 ciuitas
734 2274 875 2342 daretur.
920 2277 1118 2343 Excellentis
1149 2281 1183 2344 in
1212 2298 1254 2345 ea
1281 2280 1417 2366 regione
1447 2278 1520 2366 put-

294 2382 487 2455 chritudinis
511 2382 707 2449 adulescens
732 2385 866 2448 nomine
889 2384 1066 2470 Spurinna,
1096 2406 1171 2451 cum
1197 2384 1283 2452 mira
1305 2386 1418 2471 specie
1440 2407 1520 2449 con·

291 2490 432 2579 plurium
466 2488 661 2554 feminarum
695 2488 879 2555 inlustrium
909 2488 1098 2559 sollicitaret
1126 2489 1239 2555 oculos
1267 2490 1408 2579 ideoque
1437 2489 1519 2555 uiris

292 2618 332 2661 ac
354 2596 544 2681 parentibus
569 2616 681 2661 earum
705 2618 742 2660 se
772 2606 960 2682 suspectum
989 2617 1065 2663 csse
1093 2598 1238 2674 sentiret,
1266 2598 1334 2663 oris
1362 2597 1519 2663 decorem

291 2700 482 2765 uulneribus
507 2702 655 2766 confudit
678 2701 983 2788 dcformitatcrnquc
1007 2705 1189 2770 sanctitatis
1206 2726 1287 2768 suae
1303 2705 1400 2770 tidem
1416 2723 1559 2791 quamue

290 2806 431 2870 formam
454 2807 696 2872 inritamentum
720 2807 847 2872 alienae
871 2805 1015 2874 libidinis
1040 2832 1116 2875 cssc
1138 2810 1262 2875 maluit.

794 2957 1007 2972 ..fit—-

292 3032 318 3090 1.
336 3037 424 3088 autem
444 3049 493 3088 em.
511 3033 542 3092 Γ.
554 3035 567 3104 ΙΙ
578 3038 716 3102 persalica
730 3051 776 3106 pr.
793 3035 826 3091 A.
844 3039 907 3104 qralc
925 3041 1046 3104 pharsali
1059 3040 1122 3094 Par.
1134 3037 1185 3110 112.
1203 3042 1354 3108 Larissam]
1368 3042 1469 3094 larisae
1480 3039 1510 3094 0.

290 3105 355 3161 add.
374 3109 393 3160 l.
413 3109 443 3160 Ρ.
463 3109 566 3160 lassam
583 3123 675 3175 marpo
693 3107 730 3164 A:
750 3107 799 3161 sed
815 3107 894 3162 tabet
910 3112 1051 3164 larissam
1069 3111 1133 3165 Par.
1142 3111 1195 3180 114.
1214 3115 1323 3198 dignum
1345 3111 1378 3166 Γ.
1389 3112 1403 3180 ΙΙ
1414 3129 1432 3163 a
1449 3115 1516 3163 Cac-

289 3178 366 3247 aare]
387 3193 518 3232 accusare
535 3178 564 3232 Γ.
577 3177 628 3247 115.
647 3181 802 3246 soporatus]
823 3186 968 3234 mteesset
979 3180 1057 3235 Torr.
1077 3185 1162 3236 uictus
1171 3182 1204 3236 Γ.
1218 3182 1234 3254 11
1244 3185 1270 3238 b.
1283 3183 1424 3254 dignitate}
1444 3185 1514 3234 rato

290 3253 382 3303 mitate
403 3248 433 3304 G.
452 3247 465 3319 ΙΙ
486 3247 511 3304 l.
531 3256 615 3313 Quam
635 3279 670 3288 -
688 3247 738 3315 (ll.)
762 3253 844 3320 cuim]
870 3256 972 3304 Caesar
996 3255 1177 3318 compluribus
1196 3253 1389 3321 Γ.11ωοωο
1410 3268 1514 3320 quoquc

291 3320 354 3376 ΕΓ.
368 3319 381 3393 ΙΙ
395 3337 427 3374 se
445 3337 556 3374 numero
577 3319 668 3390 0118.
687 3324 711 3372 si
735 3325 808 3374 uouit
826 3323 864 3376 D.
880 3323 894 3391 ΙΙ
915 3320 954 3374 10.
973 3328 1166 3378 secernebatur
1182 3324 1244 3380 EF.
1261 3325 1275 3393 ΙΙ
1292 3325 1389 3392 tribas]
1408 3326 1514 3375 mitibus

291 3391 330 3447 D.
347 3395 361 3464 ΙΙ
380 3391 421 3448 11.
440 3395 618 3446 uerecundiae
636 3407 682 3461 pr.
705 3338 738 3446 d.

292 3468 387 3535 togam
404 3463 433 3517 F.
457 3469 486 3516 to
507 3481 549 3516 am
569 3467 681 3531 utraque
699 3481 779 3518 mauu
804 3462 836 3518 Γ.
855 3464 868 3530 ΙΙ
887 3467 987 3516 dimisit
1006 3463 1159 3520 GDEFI'.
1177 3469 1279 3520 remisit
1296 3467 1360 3520 Par.
1375 3466 1390 3534 ΙΙ
1407 3463 1450 3518 11.
1469 3481 1513 3516 ex·

292 3537 398 3602 plorant
411 3550 456 3604 pr.
498 3533 531 3602 .ΙΙ
545 3530 586 3587 16.
598 3538 680 3598 Quod
699 3563 735 3578 -
754 3533 826 3604 (16.)
844 3538 952 3588 daretur
970 3551 1019 3591 ert.
1037 3535 1069 3589 Γ.
1080 3536 1095 3605 ll
1106 3540 1187 3589 antes
1204 3536 1234 3590 Γ.
1252 3538 1265 3606 ΙΙ
1277 3533 1320 3591 16.
1337 3539 1364 3588 in
1382 3552 1433 3590 αι.
1451 3533 1504 3603 611

294 3623 328 3660 cs
342 3607 463 3678 regione]
476 3607 582 3659 Etruria
594 3604 626 3662 Γ.
637 3605 651 3675 ΙΙ
665 3605 705 3660 ii.
717 3607 834 3673 Spurius
847 3604 924 3660 Torr.
935 3605 1005 3676 1100.
1019 3609 1136 3660 confodit
1146 3607 1209 3662 Par.
1217 3606 1231 3678 ΙΙ
1239 3610 1468 3675 ommiumque
1483 3604 1513 3660 Γ.

758 3391 770 3464 ΙΙ
791 3392 832 3446 ld.
855 3397 995 3460 namquo
1022 3399 1090 3463 toga
1111 3412 1219 3449 manum
1244 3393 1272 3451 0.
1300 3400 1412 3464 utraque
1435 3411 1513 3446 mauu

365 3816 391 3872 6.
410 3819 448 3872 01.
466 3819 568 3872 Lucan.
586 3818 680 3871 Phars.
700 3819 757 3878 Vll,
778 3817 838 3874 720.
864 3817 1284 3886 cns.nio.xt.11‚2.p.3⁰t
1301 3821 1385 3874 aaron

365 3887 522 3940 Pharsalica
540 3885 598 3940 acie
615 3887 710 3951 uictas)
735 3893 827 3943 Obiter
846 3907 951 3950 moneo,
969 3894 1039 3954 quod
1059 3895 1085 3944 in
1103 3893 1161 3944 iulii
1179 3894 1283 3944 Paridis
1301 3894 1381 3944 buius
1398 3891 1512 3954 exempti

294 3960 451 4022 compendio
462 3960 573 4028 tegatur,
586 3957 725 4027 Pompeias
736 3975 844 4026 mappas
850 3961 914 4028 pate
924 3960 1049 4014 Ptarsatt
1058 3962 1153 4022 metas,
1172 3979 1225 4014 uon
1238 3963 1433 4016 ‘belisnlsrnon’
1452 3975 1513 4012 csse

291 4027 374 4100 solip,
399 4031 427 4079 ut
445 4030 604 4091 opinabatur
623 4032 692 4098 ring.
712 4033 814 4090 Maius,
839 4034 887 4082 scd
913 4034 1038 4083 uitiosum
1061 4036 1221 4098 scripturam
1245 4051 1293 4098 pru
1315 4029 1514 4100 emananti

292 4099 516 4164 (Attpbarsatus).
535 4115 586 4165 quo
605 4103 694 4165 oppidi
714 4102 772 4154 cius
790 4102 897 4154 nomine
915 4105 957 4154 usi
975 4108 1038 4156 sunt
1055 4105 1156 4157 llirtius
1174 4109 1200 4158 b.
1219 4106 1296 4158 Alex.
1315 4102 1359 4166 ts.
1380 4103 1403 4157 1.
1421 4104 1512 4154 Liuius

293 4171 402 4229 XLllll,
422 4167 447 4228 l.
465 4166 491 4222 5.
510 4169 652 4234 Eutropius
672 4171 714 4230 Vl,
733 4169 777 4226 20.

364 4238 391 4295 6.
409 4243 447 4292 ct
466 4240 540 4292 Suct.
558 4243 638 4292 Caes.
654 4239 698 4295 82.

364 4312 469 4366 Exti.
492 4310 547 4364 oris
570 4309 688 4364 decorem
710 4311 865 4367 saionibus
884 4313 1014 4382 consedit)
1040 4316 1058 4370 i.
1085 4332 1110 4369 e.
1134 4319 1251 4370 turbauit
1280 4320 1308 4370 et
1335 4320 1374 4368 ita
1397 4317 1511 4370 sustulit.

293 4387 449 4446 Turranius,
468 4399 525 4435 cnm
545 4385 572 4436 in
590 4385 780 4436 recentioribus
799 4388 958 4449 quibusdum
977 4389 1051 4439 libris
1069 4386 1189 4456 suffodit
1210 4391 1373 4449 inuenisset,
1396 4390 1469 4452 quod
1486 4389 1512 4439 ia

292 4459 397 4510 Paridis
415 4471 520 4523 quoque
539 4457 694 4520 compendio
714 4457 818 4523 legitur,
837 4459 1014 4511 contundendi
1031 4462 1142 4512 uerbum
1160 4461 1207 4512 ttlo
1224 4462 1378 4530 significatu
1394 4461 1511 4525 positum

293 4531 410 4581 defendit
429 4529 590 4591 comparatis
610 4527 669 4579 Vsl.
689 4527 756 4587 vill,
776 4524 801 4587 ’1,
825 4531 879 4581 ext.
903 4527 935 4589 t,
956 4528 1094 4598 (surprise
1113 4547 1162 4584 rso
1184 4531 1255 4584 arne
1275 4547 1340 4585 raas
1361 4530 1512 4584 m

292 4597 449 4666 comedim:
467 4601 537 4650 eurr.
557 4599 625 4660 Vlll,
643 4595 669 4658 3,
691 4595 737 4656 ti.
756 4599 858 4651 laisan.
877 4601 973 4655 Phars.
995 4602 1051 4662 Vll,
1069 4601 1130 4657 575.
1166 4605 1234 4656 atim
1269 4606 1357 4656 uidem
1370 4617 1425 4663 res,
1443 4615 1512 4669 quse

292 4671 451 4734 explicanda
470 4673 528 4721 erat
545 4671 662 4730 Valerio,
682 4671 832 4722 accuratius
851 4672 986 4738 aliquanto
1008 4674 1135 4726 librorum
1159 4691 1239 4742 quam
1280 4676 1362 4727 aridis
1381 4676 1514 4739 scriptma

292 4739 412 4792 denotari
430 4741 546 4804 addetur,
565 4743 688 4806 quamuis
705 4757 741 4796 nc
758 4743 828 4796 haec
846 4744 952 4811 quidem
974 4746 1067 4810 inepta
1088 4748 1134 4802 sit.
1169 4747 1209 4802 ci·
1232 4747 1293 4802 litu
1310 4741 1467 4808 XX11110‘72
1485 4741 1511 4800 5·
