3409 5400
588 542 671 613 LlB.
694 536 738 622 V,
760 542 800 610 (l.
822 544 855 620 4,
878 539 950 613 brt.
974 552 1005 623 Ι.
1028 534 1060 611 5.
1137 532 1144 551 ’
1368 540 1433 616 429

210 702 322 769 Dareo
347 704 433 771 enim
456 707 531 771 totis
554 708 651 794 regni
673 706 726 771 sui
747 706 871 771 uiribus
895 708 929 770 in
952 727 1064 771 eorum
1087 705 1280 793 regionibus
1296 706 1434 773 subinde

210 811 368 898 impetum
391 813 525 879 facienti
547 812 704 898 paulatim
728 812 883 877 cedentes
908 812 952 878 ad
974 812 1122 878 ultimum
1153 814 1219 877 iarn
1249 812 1433 880 solitudinis

215 988 237 1047 Ι.
256 994 331 1045 dario
350 990 574 1048 enarrarre.
590 991 602 1065 ΙΙ
616 993 698 1059 enim]
716 1010 746 1045 re
768 996 777 1045 i
794 991 826 1047 Γ.
843 992 857 1063 ΙΙ
873 996 955 1045 totius
972 992 1008 1047 Ε.
1025 992 1039 1061 ΙΙ
1056 994 1099 1045 soi
1117 1008 1167 1044 om.
1184 992 1220 1047 Ε.
1236 990 1250 1059 ΙΙ
1266 994 1393 1062 regiones
1411 989 1437 1044 Γ

214 1060 292 1119 Tora.
307 1062 319 1135 ΙΙ
334 1065 458 1131 subinde]
478 1080 527 1116 om.
545 1062 578 1118 i'.
597 1068 712 1117 subitum
760 1062 834 1135 ,112
859 1068 967 1116 ultimas
985 1062 1157 1118 DFl'Torr.
1179 1069 1204 1117 et
1225 1062 1275 1117 litt.
1294 1079 1326 1115 as
1345 1062 1374 1115 ia
1391 1078 1434 1115 ra·

211 1148 277 1187 suro
294 1136 334 1193 Α.
350 1150 403 1205 pro
421 1134 515 1204 quibas
532 1152 577 1190 um
600 1136 662 1189 olim
678 1135 769 1203 scisse
791 1137 1025 1261 apparetssiaml
1050 1138 1138 1189 asiam
1158 1134 1181 1190 0
1199 1141 1226 1188 et
1238 1150 1283 1205 pr.
1300 1134 1334 1189 A.
1357 1136 1435 1187 miss

212 1204 358 1263 DPTorr.
377 1213 479 1276 etpost
496 1210 652 1263 solitudines
670 1206 703 1263 F.
719 1209 731 1281 ΙΙ
745 1212 904 1263 solitudines
957 1206 1012 1261 Fl'
1028 1214 1053 1261 et
1070 1223 1140 1264 carr.
1158 1206 1192 1263 Δ.
1215 1205 1291 1261 Torr.

212 1370 257 1422 nel
275 1372 338 1437 post
355 1368 511 1422 Turranium
529 1366 650 1436 Kappius
673 1372 826 1425 inuoluendi
850 1374 963 1423 uerbum
985 1386 1003 1421 a
1019 1370 1129 1421 Valerio
1151 1370 1299 1435 profectum
1322 1368 1434 1419 arbitra·

212 1444 300 1495 betur.
331 1443 431 1495 blasius
450 1444 643 1495 coniunctluunr
661 1443 798 1497 miamrtm
816 1444 947 1505 defendit,
966 1444 1011 1509 qui
1028 1444 1092 1493 item
1114 1444 1141 1493 in
1166 1443 1341 1495 deterioribus
1359 1442 1433 1492 dum·

213 1516 290 1565 taxat
307 1516 407 1581 aliquot
425 1515 559 1566 codicibus
578 1518 700 1569 occurrit.

285 1580 314 1636 is
332 1600 420 1637 eorum
437 1582 588 1653 repioailas
604 1584 714 1639 subinde
732 1586 854 1656 impetum
864 1584 993 1655 sacimb')
1010 1586 1131 1656 Pighius,
1151 1602 1229 1652 quem
1242 1598 1336 1636 omnes
1349 1584 1433 1635 secuti

215 1660 278 1709 sunt
295 1660 458 1711 recentiores
477 1659 602 1717 editores.
622 1676 680 1711 cam
699 1676 747 1725 pro
767 1661 887 1712 ablatiuo
904 1654 1056 1726 repioaidus
1073 1659 1214 1709 reuocaret
1231 1655 1358 1723 repioaes.
1380 1670 1434 1705 uon

215 1730 326 1799 agnouit
344 1730 447 1781 dicendi
465 1744 552 1797 genus
567 1746 626 1781 cum
639 1732 700 1783 aliis
717 1732 850 1782 interioris
864 1733 924 1783 aeui
937 1731 1110 1795 scriptoribus
1128 1731 1183 1780 tum
1197 1729 1303 1780 Valerio
1316 1728 1434 1777 Maximo

213 1800 390 1860 tritissimum,
409 1817 462 1864 quo
481 1802 505 1851 is
522 1804 591 1866 apud
612 1804 696 1854 uerba
714 1806 814 1854 motum
834 1803 996 1854 continentie
1014 1802 1184 1852 directionem
1203 1802 1231 1852 et
1247 1801 1328 1851 tinem
1345 1800 1434 1850 motus

215 1873 333 1923 ablatiuo
352 1887 418 1924 casu
443 1886 502 1923 curn
525 1876 725 1938 praepositione
749 1873 778 1925 in
801 1875 985 1945 significabat,
1010 1889 1063 1924 non
1088 1874 1258 1931 accusstluo,
1282 1885 1335 1937 quo
1353 1869 1436 1921 ceteri

214 1944 257 1993 usi
276 1944 338 1993 sunt
356 1946 489 1995 suctores.
525 1945 584 1995 Non
604 1946 662 1997 dico
681 1948 714 1996 de
733 1948 786 2007 bis,
804 1949 831 1996 in
850 1948 946 2013 quibus
966 1950 1074 2010 praeter
1097 1947 1186 1996 notum
1206 1942 1353 1994 mansionis
1371 1957 1435 2004 quo·

215 2028 267 2079 que
285 2016 312 2065 in
329 2016 389 2065 loco
407 2016 479 2066 notio
497 2017 567 2067 inest
591 2017 670 2083 alque
694 2019 774 2068 etiarn
798 2020 950 2083 praenotet,
977 2033 1030 2083 qua
1051 2016 1200 2067 mansionis
1222 2016 1330 2066 notione
1354 2014 1434 2063 etism
1464 2015 1468 2023 '

215 2086 391 2149 antiquiorum
411 2089 542 2153 quaedam
562 2090 688 2155 exempla
704 2090 783 2141 tacite
802 2092 973 2141 excusantur.
1018 2090 1059 2141 lta
1080 2090 1151 2141 enirn
1175 2087 1306 2139 obiciendi
1324 2086 1435 2137 uerbum

214 2158 314 2208 nostris
334 2174 413 2223 quam
426 2160 604 2209 Romanorum
624 2162 733 2211 auribus
752 2162 842 2210 durius
863 2177 922 2210 cum
941 2160 1058 2210 ablatiuo
1073 2161 1223 2225 composuit
1239 2158 1286 2217 lX,
1305 2153 1331 2214 e,
1351 2150 1434 2207 ext2

213 2227 417 2289 (Acerranorum
435 2234 551 2281 senatum
569 2260 604 2268 -
627 2229 656 2280 ia
670 2228 805 2299 predando
818 2237 958 2298 puteorum
976 2227 1113 2282 obiciendo
1137 2258 1171 2267 -
1196 2227 1289 2279 bellam
1307 2224 1436 2278 adamam

208 2298 336 2368 papulum
357 2297 504 2353 libusuam
528 2305 553 2351 et
574 2298 679 2355 ltaliam
698 2302 861 2370 professus).
892 2304 938 2353 ubi
966 2304 1083 2355 editores
1110 2302 1199 2353 inuitis
1224 2300 1331 2364 optimis
1359 2297 1434 2348 libris

215 2372 398 2422 accusatiuum
418 2373 621 2434 substituerunt,
646 2390 704 2424 cum
730 2377 820 2425 tamen
839 2375 883 2424 ael
902 2374 973 2440 antiq
993 2375 1064 2425 iores
1089 2374 1235 2437 scriptores
1257 2384 1341 2433 saepe
1360 2368 1433 2418 abta·

214 2444 297 2493 tiuum
316 2458 375 2493 cum
395 2445 446 2494 troc
465 2445 547 2495 uerbo
566 2446 756 2497 coniunxerint.
784 2445 822 2497 ct.
841 2446 895 2497 Cic.
914 2447 947 2496 de
966 2391 1011 2495 ab.
1029 2445 1061 2502 V.
1080 2438 1124 2503 ³0,
1142 2438 1185 2496 bi.
1204 2444 1238 2493 id.
1258 2443 1291 2491 ds
1310 2454 1347 2491 or.
1366 2439 1387 2495 l.
1407 2435 1432 2495 i,

213 2509 258 2567 28.
277 2516 354 2567 Corn.
374 2515 440 2579 Nep.
459 2516 547 2565 Hans.
564 2510 589 2575 9,
608 2512 633 2568 3.
653 2515 727 2569 Suet.
745 2518 807 2569 Ner.
818 2513 861 2567 48.
880 2517 915 2569 td.
935 2517 1012 2567 Gatb.
1029 2512 1074 2567 20.
1092 2516 1170 2565 lland
1183 2514 1262 2565 'lura
1278 2511 1323 2570 lll,
1337 2505 1433 2574 pata

215 2586 305 2637 Mada.
325 2588 358 2636 ad
379 2587 432 2638 Cic.
454 2587 468 2637 l.
489 2602 511 2638 c.
548 2587 625 2637 Paris
644 2591 732 2639 autem
757 2590 784 2639 et
802 2589 973 2639 abbreuiator
991 2587 1227 2652 Guelferbytanus,
1248 2598 1307 2634 cum
1326 2580 1354 2632 ia
1366 2594 1431 2649 pro·

207 2653 323 2722 fundum
333 2658 487 2717 scriberent,
507 2658 642 2709 Valerium
654 2660 742 2726 ipsum
761 2660 848 2725 potius
869 2674 947 2725 quam
960 2659 1125 2710 librariorum
1139 2672 1256 2709 errorem
1270 2655 1432 2707 emendasse

215 2731 324 2793 putandi
342 2733 413 2780 sunt.
449 2729 488 2780 rid
502 2731 572 2780 idem
590 2745 677 2798 genus
696 2731 764 2782 haec
784 2733 916 2796 portinent
931 2733 976 2791 ui,
992 2729 1033 2789 lb,
1050 2728 1060 2782 t
1081 2745 1140 2782 cum
1153 2728 1253 2782 camur
1264 2754 1299 2764 -
1307 2723 1432 2794 populum

214 2798 243 2850 ia
260 2798 344 2851 tortis
359 2801 416 2852 suis
433 2798 588 2854 admisisset.
625 2803 663 2854 Cf.
676 2803 745 2857 Pctr.
765 2809 816 2856 sat.
837 2798 879 2855 itt.
907 2805 983 2853 Corn.
997 2803 1063 2868 Lys.
1086 2799 1108 2860 l,
1127 2796 1144 2852 5
1162 2799 1263 2852 Horam
1281 2796 1309 2849 ia
1326 2809 1432 2847 numero

214 2885 288 2922 seam
306 2867 506 2927 admittebatur.
532 2875 564 2923 de
589 2889 640 2938 quo
666 2875 724 2924 loco
742 2877 834 2925 nescio
857 2889 892 2924 an
916 2874 1039 2924 subtilius
1064 2873 1239 2937 disputauerit
1255 2869 1432 2934 Nipperdeius

215 2957 292 2994 meus
310 2943 395 3008 spicil.
420 2946 476 2994 crit.
500 2945 526 2994 iu
545 2947 622 2997 Corn.
646 2945 713 3010 Nep.
737 2961 763 3010 p.
785 2942 835 3004 32.
861 2961 920 2996 cum
944 2943 1036 2996 contra
1059 2946 1178 2994 codicum
1202 2942 1386 2994 auctoritatem
1404 2935 1433 2988 is

214 3027 347 3065 sumerum
366 3016 445 3065 scribi
465 3016 576 3066 iuberet.
617 3017 793 3068 lnsolentiora
816 3032 903 3083 neque
927 3019 1017 3067 tamcn
1035 3017 1169 3067 reicienda
1185 3017 1255 3066 lraec
1273 3015 1343 3071 sunt,
1362 3010 1431 3066 Vlll,

215 3083 240 3144 l,
260 3087 312 3137 ext.
333 3081 365 3138 ib
384 3084 412 3137 ia
429 3091 568 3155 corupaotu
585 3085 676 3139 uenire
694 3089 739 3153 (ci.
758 3090 825 3141 Dici.
845 3091 915 3141 Cret.
924 3090 944 3147 l.
966 3085 1009 3141 10.
1028 3089 1112 3140 lland.
1125 3087 1203 3140 Turs.
1222 3087 1238 3138 l.
1258 3101 1281 3137 c.
1300 3087 1328 3135 et
1345 3082 1433 3133 simite

213 3171 325 3222 prorsus
343 3158 407 3208 illud
426 3159 472 3216 1x‚
494 3156 533 3217 ii.
555 3153 566 3217 l
589 3155 616 3208 ia
634 3158 759 3227 conplexu
776 3158 877 3213 uenire.
912 3161 1041 3211 Fortasse
1052 3161 1105 3209 buc
1116 3157 1345 3211 referendaerunt
1363 3167 1432 3220 quae

214 3227 262 3286 lx,
283 3224 324 3285 12,
344 3231 397 3279 ext.
416 3227 433 3280 5
457 3229 483 3277 in
502 3231 637 3280 codicibus
655 3232 792 3299 leguntur,
818 3247 875 3283 cum
894 3229 923 3281 iu
940 3229 1082 3282 certamine
1099 3227 1261 3297 maquedima
1279 3223 1431 3278 dimisisset.

214 3299 259 3348 ubi
278 3299 338 3348 uide
358 3313 426 3364 quac
446 3301 640 3354 aduolauimus.
678 3305 860 3354 certissimum
880 3318 944 3354 uero
963 3305 990 3354 in
1008 3305 1059 3352 hoc
1076 3317 1178 3370 genere
1188 3300 1252 3351 iliud
1272 3300 1315 3348 est
1332 3296 1388 3360 (lli,
1404 3291 1432 3352 3,

216 3371 269 3422 ext.
291 3366 326 3432 l.)
350 3367 378 3420 iu
401 3367 475 3420 caius
496 3367 605 3422 bractio
630 3370 709 3423 car'bo
734 3371 831 3424 ardeus
856 3371 979 3440 delapsus
1001 3378 1052 3426 est.
1086 3375 1131 3422 arbi
1154 3373 1233 3423 ubtde
1258 3369 1347 3418 dubito
1368 3379 1433 3416 num

216 3442 304 3492 mente
323 3441 487 3490 coniunxerit
506 3444 598 3492 auctor
615 3444 642 3492 in
659 3444 769 3494 brachio
782 3447 890 3504 ardeus,
909 3445 1130 3506 quemadmodum
1144 3441 1303 3506 opinabatur
1315 3437 1432 3487 linasius

216 3513 251 3561 ad
269 3511 370 3580 Reisig.
389 3511 454 3564 vorl.
474 3514 516 3563 ib.
536 3512 595 3565 Lat.
614 3514 749 3579 sprscbrv.
774 3531 801 3578 p.
821 3510 881 3564 728.
914 3516 1081 3578 Quapropter
1103 3529 1139 3564 ne
1160 3513 1212 3571 Vi,
1233 3507 1265 3567 2.
1290 3506 1305 3558 'l
1326 3509 1433 3574 quidem

216 3583 355 3633 admittere
372 3583 446 3646 potui
466 3583 594 3634 Perizouii
613 3585 790 3635 coniecturam
809 3589 928 3634 ammam
946 3582 974 3635 is
986 3588 1106 3649 partem,
1131 3585 1167 3632 uti
1188 3580 1346 3632 insolentius
1366 3591 1433 3627 sane

216 3657 308 3704 auctor
327 3655 475 3718 composuit
496 3658 590 3705 neutra
612 3653 641 3704 iu
661 3659 739 3722 porte
763 3659 861 3705 mutato
885 3652 957 3704 uultu
979 3658 1114 3720 utrumque
1132 3651 1215 3712 cauit,
1239 3666 1271 3702 se
1290 3654 1336 3700 aut
1352 3645 1434 3699 tilmi

213 3723 378 3785 fruniento..
398 3741 458 3774 curn
475 3726 578 3776 interim
598 3741 657 3776 cum
677 3727 753 3776 bonis
773 3727 883 3776 cudibus
902 3727 1041 3790 posuimus
1058 3721 1156 3778 Albae.
1175 3723 1205 3774 ia
1222 3738 1298 3790 quam
1316 3750 1351 3759 -
1369 3718 1433 3773 rele-

213 3801 292 3862 9atus
309 3801 367 3848 erut
384 3813 433 3861 pro
452 3811 484 3847 eo
504 3798 572 3862 quod
591 3797 674 3866 uulgo
693 3799 822 3847 edebatur
840 3795 869 3847 ia
886 3811 946 3863 pua.

288 3863 324 3919 ad
340 3866 457 3919 ultimum
473 3867 527 3919 ium
544 3865 705 3930 solitudinis)
720 3869 795 3918 Felix
814 3869 884 3918 haec
897 3868 1050 3918 coniectura
1061 3870 1103 3918 est
1119 3869 1218 3918 codicis
1231 3863 1432 3930 Guelferbytani

216 3933 252 3994 E.
275 3956 327 4006 qua
344 3941 468 3991 librarius
484 3941 598 3990 correxit
616 3940 755 4007 archetypi
775 3941 899 3990 mendum
918 3935 955 3989 ad
965 3935 1081 3990 ultimum
1099 3937 1183 3990 mom
1194 3933 1352 3994 solitudinis,
1371 3950 1431 4000 pro·

217 4012 298 4063 ditum
316 4012 445 4076 primarie
463 4013 522 4062 iibri
541 4013 685 4062 Bcrueusis
704 4013 836 4076 scriptura
855 4015 935 4074 atquc
953 4025 1023 4060 nunc
1042 4011 1122 4062 etiam
1141 4013 1277 4062 seruatum
1296 4009 1321 4058 in
1340 4007 1432 4058 codice

215 4083 381 4134 Berotinensi
402 4081 429 4135 C.
466 4084 507 4134 De
526 4083 591 4133 Asia
609 4097 642 4133 ne
661 4085 771 4153 cogitari
790 4085 895 4145 quidem
909 4096 1001 4146 posse,
1020 4098 1079 4133 cum
1092 4083 1189 4134 Darius
1208 4083 1301 4131 contra
1312 4079 1432 4145 Scythas

215 4153 349 4222 Europam
367 4156 514 4205 incolentes
533 4155 680 4216 bellauerit,
700 4157 771 4207 recte
790 4155 977 4205 animaduertit
985 4154 1152 4212 Perizonius;
1175 4169 1225 4204 nec
1248 4151 1336 4202 minus
1359 4153 1433 4201 recte

216 4223 369 4287 Torrenius,
388 4227 412 4276 si
430 4227 537 4276 retineri
556 4227 665 4287 debeat,
684 4227 736 4277 boc
754 4241 859 4293 quoquc
878 4226 937 4278 ioco
956 4227 1090 4277 auctorem
1102 4227 1232 4278 memoria
1243 4225 1350 4288 lapsum
1368 4235 1433 4272 esse

216 4299 386 4350 statuendum
403 4299 546 4350 iudicabat.
583 4298 617 4348 nt
633 4299 753 4362 proiecto
771 4313 824 4348 nou
844 4299 931 4348 debet.
973 4299 1099 4349 blendum
1123 4299 1193 4349 enim
1218 4297 1258 4348 sic
1276 4297 1362 4345 ortum
1381 4295 1433 4342 est.

215 4368 363 4429 Librarius,
383 4385 441 4420 cum
461 4371 563 4438 legeret
581 4366 618 4418 ad
633 4366 750 4420 ultimum
767 4395 801 4406 -·
818 4365 985 4423 solitudinis.
1003 4371 1168 4434 postremam
1187 4371 1257 4418 banc
1274 4379 1368 4416 uocem
1387 4378 1431 4412 ac·

216 4441 327 4492 cusandi
346 4455 412 4493 casu
430 4443 547 4508 positam
563 4442 641 4504 eique
659 4442 817 4492 adiectiuum
829 4438 946 4491 Mmum
959 4442 1213 4492 accommodandum
1226 4452 1291 4488 esse
1302 4437 1387 4495 ratus,
1404 4435 1433 4483 in

214 4512 268 4564 fine
287 4514 479 4580 suprascripsit
498 4527 543 4567 as,
568 4516 598 4563 nt
616 4513 691 4563 tieret
710 4511 825 4567 alamus.
873 4517 948 4574 Quae
969 4514 1137 4577 interpolatio
1159 4514 1257 4576 postea
1279 4510 1349 4558 inter
1370 4507 1433 4571 ipsa

215 4583 315 4636 Valerii
333 4587 418 4636 uerba
434 4599 576 4651 perperam
595 4587 705 4649 recepta
723 4584 821 4635 coaluit
844 4599 903 4634 cum
928 4585 1049 4646 sequenti
1067 4581 1134 4640 iam,
1157 4583 1196 4632 ita
1218 4583 1248 4630 ut
1270 4593 1339 4629 nunc
1357 4579 1433 4647 lege·

214 4659 288 4708 rum
306 4653 343 4708 ad
358 4655 476 4708 ultimam
494 4655 578 4707 amum
596 4652 754 4708 saliteds'ttis.
796 4654 882 4706 Simili
899 4656 1015 4717 quidem,
1035 4657 1082 4705 scd
1101 4654 1189 4704 minus
1207 4650 1338 4716 probabili
1351 4651 1432 4701 ratio·

215 4730 347 4780 cinctione
366 4730 487 4795 Kappius
506 4729 636 4778 adductus
656 4731 699 4779 est
721 4729 750 4777 ut
767 4725 860 4780 Asiam
885 4728 997 4779 reiceret
1015 4728 1042 4777 et
1060 4726 1196 4775 Valerium
1215 4721 1360 4786 scripsisse
1378 4723 1432 4786 opl-

214 4803 323 4852 naretur
340 4797 378 4853 od
393 4798 500 4852 ultimas
521 4797 575 4852 iam
597 4795 759 4852 mlitsdiaes.
801 4799 956 4850 Perizonius
979 4800 1007 4850 et
1027 4795 1171 4850 'lomaniae
1193 4795 1341 4864 probarunt
1363 4794 1434 4862 quod
