3409 5400
297 438 366 518 118
613 431 675 514 ΒΕ,
695 428 903 504 vavria
923 433 980 508 aa
1001 431 1205 504 autumn.

256 597 288 661 9.
387 593 514 660 Verum
536 597 712 681 praecipue
736 594 895 662 Catilinae
921 595 1023 665 libido
1047 595 1200 666 scelesta.
1255 597 1344 664 Nam
1378 618 1546 664 mesano

298 724 412 768 amore
435 700 588 766 Aureliae
612 701 784 767 Orestillae
808 714 991 789 correptus,
1021 725 1096 768 cum
1127 726 1228 774 unum
1254 705 1545 792 impedimentum

297 809 423 874 uideret
451 829 516 896 quo
545 810 654 874 minus
682 810 804 895 nuptiis
831 811 914 874 inter
943 831 980 875 se
1014 811 1243 899 iungerentur,
1277 811 1385 876 filium
1423 833 1543 884 suum.

299 937 398 1004 quem
422 926 452 980 et
476 915 584 981 solum
607 927 640 979 et
661 926 767 983 aetate
789 919 858 982 iam
881 917 1035 1003 puberem
1058 917 1217 994 habebat,
1240 929 1375 984 ueneno
1399 919 1542 984 sustulit

297 1025 513 1112 protinusque
542 1044 582 1088 ex
612 1043 695 1111 rogo
719 1026 791 1088 eius
819 1021 1004 1092 maritalem
1032 1025 1141 1092 facem
1168 1025 1320 1092 accendit
1346 1047 1391 1090 ac
1420 1039 1566 1090 nouaet

298 1132 436 1198 maritae
459 1128 630 1195 orbitatem
653 1151 750 1196 suam
772 1128 846 1196 loco
868 1133 1013 1196 muneris
1038 1133 1196 1220 erogauit.
1246 1131 1378 1198 Eodem
1409 1132 1543 1198 deinde

300 1239 410 1304 animo
438 1239 546 1304 ciuem
576 1257 697 1324 gerens
727 1260 791 1324 quo
819 1247 948 1323 patrem
978 1250 1108 1328 egerat,
1139 1238 1195 1306 lilii
1223 1241 1346 1326 pariter
1372 1241 1542 1306 mnibus

300 1358 333 1412 et
353 1347 480 1412 nefarie
503 1344 723 1430 adtemptatae
746 1347 871 1435 patriae
895 1367 1021 1432 poenas
1046 1345 1144 1412 dedit.

166 1447 238 1518 nat
258 1451 288 1516 1.
387 1452 433 1517 At
462 1450 635 1537 Campana
661 1451 789 1517 luxuria
817 1473 978 1539 perquam
1008 1452 1094 1518 utilis
1132 1463 1265 1518 nostrae
1301 1454 1432 1520 ciuitati
1465 1456 1543 1519 fuit.

298 1560 459 1626 Inuictum
483 1558 572 1624 enim
595 1560 696 1624 armis
719 1557 940 1624 Hannibalem
967 1559 1141 1626 inlecebris
1170 1559 1239 1624 suia
1268 1559 1437 1646 conplexa
1461 1563 1572 1626 uin-a

300 1668 440 1732 cendum
464 1665 616 1732 Romano
639 1665 732 1730 militi
747 1665 889 1732 tradidit.
935 1664 997 1731 llla
1011 1664 1298 1754 uigilantissimum
1317 1665 1454 1742 ducem,
1481 1669 1541 1732 illa

300 1775 475 1842 exeruntur
490 1772 685 1839 acerrimum
700 1771 841 1859 dapibus
855 1771 971 1860 largis,
988 1771 1167 1837 abundanti
1183 1775 1269 1848 uino,
1285 1785 1540 1862 unguentorum

298 1880 498 1968 fragrantia,
528 1875 669 1942 Veneris
692 1901 756 1944 usu
778 1879 953 1945 lasciuiore
977 1877 1020 1942 ad
1043 1899 1197 1944 somnum
1225 1892 1256 1944 et
1286 1879 1428 1946 delicias
1455 1904 1539 1946 euo-

300 1986 397 2052 cauit.
446 1984 497 2053 Ac
528 1995 596 2072 tum
624 1985 756 2053 demum
783 1987 889 2052 fracta
922 1997 954 2050 et
989 1995 1127 2052 contusa
1156 1983 1283 2051 Punica
1314 1987 1433 2052 feritas
1476 2001 1539 2062 est.¹

301 2113 376 2158 cnm
391 2089 548 2178 Seplasia
570 2093 599 2157 ei
621 2099 650 2156 et
665 2091 795 2158 Albana
810 2103 921 2158 castra
940 2111 1015 2158 csse
1037 2103 1223 2179 coeperunt.
1271 2091 1359 2175 Quid
1373 2091 1431 2160 nis
1450 2107 1564 2184 ergctt

299 2200 389 2265 uitiis
412 2187 552 2274 foedius,
576 2198 656 2286 quid
678 2202 776 2266 etiam
791 2200 998 2290 damnosius,
1022 2199 1139 2287 quibus
1155 2201 1260 2264 uirtus
1278 2201 1439 2276 anerimr,
1465 2204 1536 2266 uic·

300 2308 404 2373 toriae
426 2305 697 2392 relanguescunt,
725 2308 834 2392 sopita
857 2307 963 2394 gloria
984 2309 1022 2373 in
1040 2306 1211 2371 infamiam
1235 2307 1438 2370 conuertitur
1464 2309 1534 2372 ani·

300 2415 413 2502 mique
440 2415 562 2500 pariter
592 2423 625 2478 et
652 2415 799 2499 corporis
826 2414 914 2477 uires
945 2411 1200 2502 expugnantur?
1229 2413 1313 2478 adeo
1336 2424 1371 2476 ut
1394 2417 1535 2480 nescias

302 2521 344 2588 ab
366 2519 560 2588 hostibusne
582 2542 624 2585 aa
646 2519 775 2586 abillis
798 2521 874 2607 capi
896 2519 1114 2607 perniciosius
1137 2520 1325 2596 habendum
1349 2521 1403 2586 sit

259 2624 290 2690 2.
392 2627 486 2711 Quae
510 2628 608 2693 etiam
631 2625 892 2693 Volsiniensium
914 2627 1034 2692 urbem·
1052 2627 1208 2717 grauibus
1237 2639 1270 2692 et
1292 2625 1560 2692 erubescendisa

302 2735 451 2821 cladibus
474 2736 721 2823 inplicauerunt.
759 2736 846 2801 Erat
873 2734 1043 2822 opulenta,
1072 2746 1143 2801 erat
1163 2735 1311 2812 moribus
1342 2744 1375 2798 et
1394 2732 1531 2822 ,legibus

303 2844 464 2917 ordinate,
487 2842 637 2906 Etruriae
660 2854 758 2929 caput
779 2842 978 2919 habebatur3
1008 2843 1068 2908 sed
1096 2854 1272 2931 postquam
1298 2840 1431 2906 luxuria
1459 2862 1530 2929 pro·

301 2948 399 3035 lapsa
426 2958 493 3026 est,
520 2948 557 3013 in
583 2948 784 3035 profundum
813 2949 1008 3017 iniuriarum
1037 2960 1068 3015 et
1096 2948 1301 3036 turpitudinis
1330 2944 1475 3025 decidit,
1502 2956 1532 3013 ut

303 3145 329 3198 l.
347 3159 412 3197 uero
428 3161 471 3215 pr.
489 3140 523 3200 A.
546 3151 572 3198 et
588 3150 653 3213 poa
668 3148 812 3213 praecipue
829 3143 860 3199 D
879 3151 905 3199 et
921 3160 991 3201 corr.
1010 3144 1043 3202 A,
1066 3144 1169 3217 Ternn
1185 3158 1290 3197 cesana
1301 3160 1347 3215 pr.
1366 3142 1399 3199 A.
1412 3142 1429 3214 ΙΙ
1442 3144 1471 3201 2.
1490 3162 1530 3198 aa·

302 3217 422 3269 restitue
440 3216 476 3274 E.
490 3212 504 3281 ΙΙ
518 3218 659 3281 corruptus
679 3214 740 3271 ΟΕ.
758 3217 772 3286 ΙΙ
787 3214 814 3270 3.
831 3218 901 3270 tuter
925 3232 957 3269 ae
980 3220 1079 3283 nuptiis
1098 3215 1136 3270 D.
1152 3216 1167 3285 ll
1183 3214 1209 3271 0.
1227 3220 1406 3283 proculusque
1427 3216 1464 3271 F.
1481 3214 1529 3286 110.

301 3289 445 3341 maritatae
465 3286 589 3344 GDEF.
603 3286 616 3357 ΙΙ
630 3286 656 3341 8.
674 3290 796 3340 nefariae
811 3304 858 3357 pr.
876 3286 908 3342 A.
928 3286 942 3358 fl
960 3304 1046 3354 ponas
1067 3287 1099 3340 A.
1116 3286 1130 3355 11
1147 3284 1172 3341 0.
1192 3290 1227 3339 At
1245 3316 1279 3326 -
1298 3286 1365 3353 (10.)
1385 3294 1530 3355 coeperunt

303 3375 354 3413 om.
372 3358 403 3414 Γ.
415 3361 430 3430 ΙΙ
442 3363 547 3415 luxoria
558 3376 604 3431 pr.
623 3353 655 3413 Aa
667 3358 682 3429 Η
698 3360 797 3411 ciuitati
815 3380 831 3412 a
844 3359 876 3413 A.
896 3364 955 3411 ente
973 3364 1084 3412 nocuae
1104 3358 1181 3412 Terr.
1196 3357 1208 3417 ΙΙ
1229 3357 1271 3412 10.
1289 3361 1415 3410 inuictam
1441 3376 1488 3483 pr.
1504 3358 1530 3413 A.

312 3429 383 3500 1113.
406 3434 554 3505 fraglantia
571 3448 617 3504 pr.
641 3430 672 3486 A.
698 3432 835 3500 fragantia
858 3430 893 3485 E.
916 3432 1081 3501 fragalantia
1099 3428 1130 3483 F.
1147 3428 1160 3497 ΙΙ
1179 3429 1220 3484 14
1239 3430 1296 3497 'Ael
1316 3434 1344 3480 at
1361 3426 1399 3483 D.
1411 3428 1428 3497 ΙΙ
1460 3430 1488 3485 5.
1506 3444 1530 3481 aa

305 3505 409 3555 catasta
426 3503 483 3571 1111
502 3508 526 3556 et
545 3506 583 3573 et]
608 3519 657 3556 em.
676 3500 707 3555 F.
732 3505 758 3553 ei
779 3500 844 3555 Cal
862 3518 908 3571 pr.
926 3502 957 3553 A.
982 3503 1009 3553 ct
1026 3500 1092 3554 DE.
1114 3499 1126 3569 ΙΙ
1147 3504 1214 3565 Quid
1237 3530 1273 3542 -
1291 3498 1358 3565 (10.)
1376 3502 1530 3554 habendum

305 3574 351 3643 ait]
373 3572 491 3628 Collecct
506 3574 570 3627 Acer
588 3574 616 3625 iu
626 3572 686 3643 fine
700 3570 777 3624 laica
794 3572 892 3642 capitia
905 3576 970 3641 pest
985 3568 1068 3625 uerba
1087 3575 1112 3639 9.
1131 3572 1146 3625 7
1168 3575 1253 3623 satius
1272 3574 1321 3622 fuit
1338 3568 1368 3625 Γ.
1383 3566 1396 3641 ΙΙ
1410 3572 1449 3623 iia
1468 3572 1524 3639 All

283 3647 287 3655 “
305 3646 383 3714 ergo]
402 3663 450 3698 om.
489 3661 511 3699 r.
529 3643 566 3700 D.
586 3647 648 3697 ante
666 3647 710 3695 bis
728 3640 840 3696 ETerr.
851 3643 866 3712 ΙΙ
881 3642 920 3697 ll.
938 3646 1145 3767 *larguescunt
1156 3640 1194 3696 D.
1213 3644 1409 3713 elanguescunt
1417 3640 1459 3729 Τ.
1481 3648 1529 3696 lan·

305 3710 991 3851 iiiiiiuulbllwaibiiimirliiir'rffil'
1002 3786 1015 3856 p
1025 3710 1188 3840 cdliii·
1200 3712 1529 3855 daillusslindf'ieil.

320 3854 334 3925 11
348 3858 489 3909 Ithtrurlae
507 3857 539 3911 A.
551 3859 565 3927 ΙΙ
575 3858 680 3907 luxoria
692 3869 737 3925 pr.
756 3852 787 3909 A.

814 3972 1028 3989 m

313 4078 316 4083 .
379 4034 462 4093 001.
482 4037 535 4090 Cic.
555 4038 612 4089 Cat.
629 4036 650 4090 1.
669 4029 695 4093 0.
715 4031 758 4089 14.
775 4034 842 4088 Sall
862 4036 918 4086 Gal.
940 4030 981 4089 10.
1000 4036 1040 4099 Ap
1086 4037 1138 4089 clu.
1155 4035 1188 4095 11.
1206 4032 1234 4090 2.

378 4107 440 4158 Exi.
463 4103 485 4158 l.
503 4107 542 4157 Cf.
559 4107 618 4157 Liu.
637 4107 735 4167 XXlll,
756 4103 798 4159 18.
816 4106 906 4157 Strab.
925 4106 955 4164 V,
973 4102 1000 4164 4,
1021 4104 1032 4157 1
1072 4122 1099 4172 p.
1117 4101 1178 4157 200.
1197 4106 1265 4170 App.
1285 4106 1371 4158 llann.
1389 4102 1433 4158 43.

379 4176 502 4247 seplasia
519 4175 544 4228 ei
562 4182 588 4227 et
603 4173 717 4240 aum)
740 4179 831 4230 Codex
851 4178 1016 4243 archetypus
1033 4174 1155 4244 sephela
1172 4174 1198 4227 ei
1214 4173 1321 4229 Albona
1337 4178 1471 4237 babebat,
1495 4179 1527 4227 tta

286 4255 338 4321 ,ut
355 4253 462 4307 dubium
482 4250 565 4302 uideri
588 4250 675 4313 possit
699 4254 784 4301 riuum
809 4248 905 4314 copula
929 4262 945 4300 e
966 4250 1118 4301 coniectura
1136 4249 1260 4300 addenda
1278 4262 1312 4300 an
1330 4248 1357 4299 in
1375 4251 1526 4313 pronomine

308 4325 463 4386 quaerenda
485 4324 529 4375 stt.
553 4320 663 4386 *Neque
686 4337 750 4373 uero
768 4321 856 4385 ipsum
880 4334 1026 4383 pronomen
1050 4322 1129 4371 salua
1152 4321 1288 4373 sententia
1310 4322 1411 4371 abasse
1432 4322 1525 4383 potest

306 4396 400 4461 itaquo
418 4394 512 4445 retinui
531 4394 601 4458 quod
620 4393 674 4443 lnrn
691 4395 719 4444 in
737 4392 851 4444 editione
865 4391 969 4443 Veneta
986 4408 1011 4443 a.
1033 4388 1101 4444 1418
1118 4394 1233 4456 positum
1252 4392 1316 4445 uidi.
1351 4391 1391 4443 De
1405 4390 1525 4456 Seplasia

308 4470 336 4516 ct
353 4469 466 4525 Albana,
486 4466 595 4532 Capuae
608 4466 682 4515 urbis
693 4465 858 4533 regionibus,
876 4462 904 4515 iu
922 4463 1018 4526 qulbus
1037 4464 1206 4531 unguentarii
1223 4464 1357 4531 negotiari
1375 4463 1445 4514 soliti
1459 4462 1523 4517 aaut.

309 4537 342 4587 ct
360 4540 468 4601 interpr.
486 4538 522 4587 ad
541 4537 594 4589 Cic.
612 4537 648 4588 de
666 4537 719 4603 leg.
738 4550 797 4603 agr.
815 4534 848 4592 ΙΙ,
867 4527 912 4591 34,
931 4528 974 4589 tt.
991 4532 1091 4587 Ancon.
1114 4534 1142 4584 tu
1163 4533 1254 4589 Ptaen.
1279 4535 1305 4599 s.
1328 4530 1363 4587 04
1386 4550 1412 4599 p.
1433 4531 1468 4586 10
1484 4533 1523 4581 or.

274 4664 281 4671 ,
309 4606 383 4661 aaa.
402 4624 428 4661 a.
445 4607 573 4671 Seplasia
590 4624 633 4673 pp.
652 4603 704 4661 311
724 4608 752 4657 et
768 4602 822 4658 340
839 4605 916 4657 nnn

380 4674 406 4729 a
426 4674 799 4738 ccr101.1,at.aactce
818 4670 1316 4743 uu.ut.3t.orea1111.nzepu.
1335 4672 1403 4735 vtn.
1422 4672 1445 4727 t.
