3409 5400
381 505 423 574 id

381 665 535 728 Fortunae
569 661 662 724 etiem
696 659 841 722 muliebre
876 659 1093 731 audoenem,
1130 657 1187 720 ubi
1220 654 1399 742 legendum
1429 653 1525 716 melai

381 769 534 834 Nondum
556 789 635 832 uero
658 767 848 831 Lactantius
872 763 911 837 ΙΙ,
939 766 989 828 17.
1023 763 1178 827 ltusrcsn.
1201 763 1226 838 Ι,
1249 785 1282 849 p.
1309 765 1383 838 181,
1405 785 1471 826 cum
1493 760 1526 823 V.

381 880 465 942 rium
486 875 512 950 Ι,
538 877 569 948 Ι,
594 875 633 940 le
658 885 789 938 secutus
821 872 975 935 scriberet
1010 869 1051 932 de
1082 869 1216 934 Iunonis
1250 872 1301 935 ira
1327 870 1481 934 aduersus
1507 868 1525 931 Ι

382 1005 496 1049 renem
524 981 693 1046 conscdem
725 980 897 1047 destricta,
933 978 1022 1064 quod
1058 978 1142 1043 ludis
1176 978 1385 1042 Circensibus
1422 979 1526 1041 formet

382 1111 518 1177 puerum
541 1091 575 1154 iu
599 1101 693 1152 tensa
714 1087 802 1151 louis
827 1086 872 1150 ad
893 1087 1027 1149 exuuias
1052 1086 1211 1150 tenendas
1231 1086 1407 1170 posuisset
1427 1084 1527 1148 notabi

383 1199 529 1262 omnium
552 1206 737 1260 nostrorum
762 1192 911 1257 codicum
935 1192 1151 1277 corruptelam
1181 1217 1241 1280 pre
1271 1200 1360 1256 teneo
1381 1193 1484 1272 templo
1507 1214 1526 1252 c

381 1304 526 1368 beatium
549 1303 584 1365 in
607 1324 668 1365 suo
692 1299 838 1386 exemplo
862 1302 1050 1371 inuenerat,
1081 1299 1222 1365 necdum
1253 1303 1287 1364 iu
1314 1322 1353 1362 eo
1375 1299 1526 1362 intercide

381 1410 454 1474 libri
478 1410 573 1495 primi
596 1409 658 1472 tria
681 1410 788 1493 capita
810 1405 848 1482 Π,
872 1405 927 1478 ΙΠ,
944 1371 1009 1468 hil
1025 1409 1184 1493 primique
1207 1409 1324 1494 capitis
1348 1414 1487 1470 extrema
1508 1427 1527 1488 p

385 1539 468 1602 quae
492 1528 672 1602 temporum
695 1517 813 1580 iniuria
836 1513 1006 1598 deperdita
1028 1534 1097 1576 non
1120 1516 1185 1578 nisi
1209 1516 1361 1600 epitomis
1392 1537 1414 1577 a
1433 1511 1512 1576 Iulio

383 1624 453 1686 ride
485 1607 516 1686 et
543 1623 695 1688 Ianuario
724 1623 906 1708 Nepotiane
938 1641 979 1682 ex
1006 1621 1133 1706 integro
1162 1620 1288 1686 Valerii
1318 1642 1415 1706 opere
1444 1641 1528 1682 excel

385 1730 429 1794 ad
451 1743 597 1794 nestram
621 1729 766 1794 notitiam
788 1743 1014 1814 peruenerunt.
1068 1730 1147 1796 Inde
1174 1731 1261 1792 onim
1284 1726 1394 1792 hausit
1414 1726 1528 1790 Lactar

386 1858 470 1921 quae
494 1846 607 1898 narrat
629 1835 657 1907 I,
688 1836 740 1900 22.
792 1835 947 1900 Dulrcsn.
976 1836 1008 1908 1,
1038 1859 1070 1921 p.
1101 1837 1164 1901 102
1192 1835 1233 1898 de
1264 1835 1392 1899 Numae
1421 1845 1453 1895 et
1481 1833 1527 1894 Mi

386 1943 516 2014 astutia,
540 1953 574 2004 ut
604 1941 754 2005 hemines
784 1942 997 2028 religionibus
1028 1943 1283 2027 obstringerent,
1312 1961 1510 2026 congressus

386 2069 461 2112 esse
479 2047 699 2112 simulantium
720 2070 792 2112 cum
811 2048 874 2110 diis
893 2047 1141 2113 inunertalibus.
1158 2060 1224 2110 tum
1246 2070 1331 2134 quae
1348 2048 1388 2110 de
1406 2045 1481 2109 Alte
1497 2044 1526 2106 N

384 2155 482 2218 refert
504 2153 543 2228 II,
568 2155 599 2218 8.
643 2153 796 2218 Dufresn.
820 2153 843 2228 Ι,
868 2177 900 2238 p.
926 2155 989 2220 139
1014 2153 1103 2235 (Val.
1125 2153 1150 2228 Ι,
1174 2155 1206 2228 4,
1232 2155 1275 2234 l.)
1307 2164 1339 2216 ct
1367 2174 1450 2239 quae
1480 2152 1521 2214 dc

384 2261 469 2326 lesia
493 2261 610 2326 Cerere
634 2261 739 2325 tradit.
787 2261 835 2324 Cf.
861 2259 936 2324 Val.
960 2260 985 2333 Ι,
1012 2263 1040 2334 l,
1065 2271 1126 2325 ext.
1151 2262 1182 2326 5.

471 2369 620 2454 Denique
651 2366 820 2434 Valerium
847 2367 1046 2442 Maximum,
1083 2379 1118 2432 ut
1147 2369 1386 2452 praediximuS,
1416 2367 1528 2429 nomin

306 2513 313 2526 ·
386 2476 652 2540 commemorauit
675 2474 865 2538 Priscianus
890 2473 938 2537 VI
960 2496 1078 2538 comm.
1103 2495 1242 2560 gramm.
1268 2476 1303 2546 l,
1332 2475 1353 2536 3
1384 2473 1528 2556 citauitqi

386 2581 654 2655 memorabilium,
679 2582 722 2661 (Ι,
749 2583 823 2660 10.),
848 2602 866 2642 e
890 2604 954 2667 quo
978 2581 1074 2645 affert
1095 2583 1266 2662 alieuiyeaa
1288 2581 1401 2644 stadie.

475 2686 633 2752 Praetorii
661 2686 743 2751 alios
773 2688 947 2753 nonnullos
980 2689 1178 2773 antiquitatis
1211 2690 1406 2774 scriptorcS,
1431 2708 1515 2773 ques

387 2791 513 2857 Valerii
536 2816 637 2879 opera
660 2805 733 2857 autc
757 2795 870 2859 ocules
894 2794 1051 2859 habuisse
1074 2794 1251 2858 uerisimile
1276 2794 1406 2881 quidem
1430 2806 1491 2866 est,
1516 2815 1531 2853 c

388 2912 496 2963 tamen
526 2902 726 2986 argumentis
756 2902 863 2965 cuinci
885 2902 1013 2987 nequit,
1048 2922 1153 2987 neque
1176 2914 1283 2967 utrum
1304 2900 1479 2975 habuerint
1510 2922 1531 2962 n

387 3007 571 3086 accuratius
606 3007 790 3091 perquirere
826 3009 930 3082 iuuat,
966 3010 1122 3095 quoniam
1157 3031 1175 3070 o
1209 3009 1382 3093 perpaucis
1420 3007 1530 3070 rebus

390 3112 505 3197 quibus
545 3112 727 3176 notabiliter
769 3135 842 3177 cum
882 3137 920 3178 eo
959 3116 1149 3200 conspirant
1187 3136 1388 3200 quarumque
1428 3134 1531 3177 censo

391 3238 493 3303 aeque
517 3218 724 3303 probabiliter
748 3240 764 3279 c
789 3224 954 3285 communi
971 3223 1058 3287 iente
1082 3224 1256 3297 deriuatur,
1281 3244 1347 3285 uon
1368 3241 1531 3307 magnmn

389 3325 452 3388 tice
476 3326 608 3411 negotio
632 3324 738 3410 prodit
761 3326 1023 3393 emolumentum.
1070 3330 1168 3411 Quod
1184 3331 1292 3416 prodit
1315 3349 1414 3415 quam
1435 3328 1528 3393 masi

390 3455 407 3495 e
442 3432 645 3517 compendiis
679 3430 775 3494 huius
811 3435 919 3517 operis
956 3437 1088 3521 antiquo
1126 3440 1192 3502 iam
1228 3448 1372 3521 tempere
1412 3454 1531 3516 compo

391 3536 537 3618 Quorum
561 3538 624 3603 due
649 3560 751 3624 nuper
773 3540 807 3603 iu
829 3539 935 3603 lucem
959 3546 1098 3626 protexit
1121 3544 1161 3607 A.
1186 3544 1270 3614 Mai,
1293 3542 1432 3606 alterum
1456 3538 1531 3603 Iulii

389 3646 485 3719 ridis,
521 3648 583 3709 fine
613 3647 716 3733 quarti
746 3657 801 3711 aut
830 3648 922 3712 initio
952 3651 1054 3735 quinti
1093 3650 1217 3715 saeculi
1244 3649 1429 3713 confectum
1467 3655 1500 3707 et

391 3772 512 3815 annum
536 3752 610 3827 500,
634 3764 667 3815 ut
696 3775 773 3819 mox
803 3754 1005 3829 uidebimuS,
1036 3780 1058 3822 a
1086 3757 1235 3821 Rustieio
1265 3754 1417 3840 Helpidie
1441 3752 1531 3815 Deru

391 3853 598 3939 descriptum,
623 3859 757 3927 alterum
775 3873 879 3926 aetate
895 3861 992 3946 paule
1009 3864 1145 3926 inferius
1169 3875 1200 3924 ct
1215 3873 1301 3927 certe
1316 3884 1384 3926 non
1399 3873 1477 3925 ante
1496 3881 1531 3922 sc.

390 3960 558 4025 saeculum
580 3965 776 4047 ponendum,
799 3965 943 4031 Ianuarii
966 3968 1151 4055 Nepotiani.

478 4066 557 4131 Inde
587 4068 628 4131 ab
658 4069 711 4134 ille
736 4082 880 4158 tempere
903 4075 1071 4160 paullatim
1102 4076 1279 4140 euanuisse
1309 4074 1430 4140 herum
1465 4073 1531 4139 libr

390 4174 537 4238 notitiam
561 4174 720 4262 colligitur
744 4200 817 4243 cum
842 4200 882 4243 ex
905 4179 1044 4265 epistula
1074 4183 1117 4247 ad
1146 4181 1314 4247 Victorem
1344 4180 1519 4268 quendam

391 4302 411 4345 a
433 4277 585 4345 Ianuario
609 4281 792 4369 Nepotiane
817 4296 847 4349 ct
872 4289 1033 4372 epitomae
1057 4290 1128 4353 eius
1159 4290 1346 4375 proposita,
1375 4290 1411 4351 in
1443 4310 1515 4372 qua

392 4387 553 4475 leguntur,
577 4408 647 4452 eum
669 4392 789 4475 ialepre
801 4393 878 4476 sere
899 4396 933 4457 ie
950 4398 1067 4459 occulte
1091 4398 1161 4469 ciet,
1180 4402 1310 4478 praeter·
1323 4413 1381 4457 noa
1395 4394 1460 4457 duo
1480 4414 1530 4473 pr¹

391 4516 477 4559 neoto
489 4496 653 4577 epitomate
665 4508 835 4583 copneceot,
861 4512 927 4565 tum
945 4521 984 4565 eo
1003 4500 1091 4586 quod
1106 4501 1196 4565 nulla
1211 4502 1344 4567 omniuo
1361 4499 1488 4564 abhinc
1515 4520 1531 4559 c

391 4603 535 4690 uestigia
556 4602 752 4691 reliquiaeue
776 4608 810 4672 in
833 4607 907 4672 aliis
931 4606 1154 4692 scriptoribus,
1177 4608 1299 4673 nedum
1321 4609 1355 4672 in
1372 4606 1530 4671 cedicibu

393 4720 496 4775 aetate
520 4711 661 4778 exaratis
684 4712 843 4801 nobisque
867 4714 1007 4782 seruatis
1024 4712 1309 4801 deprehenduntur
1324 4734 1432 4801 usque
1459 4712 1508 4779 ad
