3409 5400
592 456 673 526 LIB.
694 458 767 539 1111,
793 464 830 528 G.
856 465 886 541 1,
909 466 979 534 uxi.
1005 478 1036 547 9.
1059 474 1165 543 4-7,
1426 490 1491 568 sui

264 611 371 677 bonus
396 616 477 680 ciuis
500 618 608 683 locum
632 620 800 699 obtineret,
824 624 930 690 malus
948 638 977 690 et
997 631 1156 717 inprobus
1180 653 1363 725 occuparet,
1387 667 1490 734 seque

263 720 371 802 potius
395 700 605 789 uoh⁰ementer
628 728 818 795 aduersario
836 736 970 818 urgueri
985 756 1084 821 quem
1107 743 1246 825 patrium
1271 752 1407 836 egregio
1429 754 1487 817 ud·

262 838 380 890 uocato
405 850 515 894 carcre
539 837 754 921 praeoptauit.

349 932 466 999 Pittaci
483 960 612 1025 quoquo
629 942 853 1007 moderatione
870 958 985 1029 pectus
1001 951 1203 1022 instructum.
1249 956 1314 1040 Qui
1329 958 1527 1039 Alcaeumii.

230 1050 391 1122 opuetam
415 1052 445 1104 et
470 1047 685 1111 amaritudine
709 1048 774 1112 odii
799 1061 829 1113 ot
857 1053 980 1119 uicibus
1012 1056 1136 1145 ingenii
1164 1063 1326 1130 aduersus
1351 1088 1388 1133 se
1411 1088 1485 1153 por·

258 1145 459 1211 tinacissime
484 1172 598 1229 arsum,
630 1154 834 1240 tyrannidem
859 1177 879 1220 a
902 1160 1029 1228 ciuibus
1057 1164 1200 1245 delatam
1228 1170 1383 1258 adeptus,
1412 1185 1483 1241 tan·

257 1254 425 1319 tummodo
449 1257 524 1342 quid
549 1260 582 1322 in
607 1262 821 1347 opprimendo
845 1279 959 1351 posset
983 1270 1161 1337 admonuit.

345 1359 449 1426 Huius
474 1366 535 1429 uiri
564 1369 685 1431 montio
715 1372 832 1436 subicit
861 1389 894 1438 ut
922 1375 962 1437 de
987 1390 1111 1461 scptcru
1143 1383 1338 1467 sapientium
1366 1386 1481 1453 mode·
1493 1390 1520 1454 7.

254 1467 379 1531 ratione
402 1472 554 1537 referam.
601 1473 631 1539 A
655 1478 874 1561 piscatoribus
898 1482 931 1544 in
956 1478 1085 1545 Milesia
1107 1487 1243 1572 regione
1267 1494 1479 1561 euerriculum

214 1588 242 1631 to
254 1570 453 1643 trahentibus
478 1580 610 1665 quidum
634 1583 752 1648 iactum
770 1600 903 1652 emerat.
949 1586 1102 1653 Extincto
1119 1591 1237 1656 deinde
1261 1600 1373 1683 magni
1397 1620 1478 1683 pon·

251 1680 339 1745 deris
365 1706 466 1749 aurea
481 1684 643 1773 Delphica
666 1710 793 1767 murrea,
818 1705 890 1758 orta
914 1697 1141 1760 controuersia
1164 1710 1223 1773 ost.
1246 1701 1311 1765 illis
1334 1706 1478 1788 piscium

250 1810 287 1851 se
305 1804 473 1875 capturam
489 1794 679 1860 trandidissc
692 1796 950 1875 adfirmantibus
967 1798 1030 1864 hoc
1047 1802 1210 1868 fortunam
1223 1804 1338 1873 ductus
1352 1795 1474 1876 emisse¹

249 2037 272 2091 1.
292 2042 387 2107 seque]
407 2040 460 2091 Sed
479 2042 508 2093 ia
526 2058 622 2097 rasura
643 2044 734 2115 61112.
754 2051 905 2101 nonomenii
923 2066 993 2103 corr.
1011 2048 1044 2104 A.
1067 2049 1145 2104 Tora.
1158 2050 1172 2121 ΙΙ
1192 2057 1281 2125 urgeri
1298 2054 1474 2116 denunt*
1496 2030 1510 2045 ⁸

247 2115 272 2161 et
289 2126 359 2163 corr.
378 2111 412 2166 A.
435 2110 512 2165 Tora.
538 2114 579 2181 Gs.
604 2113 663 2177 Vtt.
683 2116 709 2172 1,
731 2118 755 2171 4.
785 2117 843 2177 Vtt,
864 2118 889 2177 1,
909 2127 959 2171 est.
982 2119 1066 2187 1114.
1085 2125 1180 2186 pictsci
1201 2124 1262 2178 CD.
1283 2130 1385 2190 pithaei
1402 2128 1461 2198 Eli

245 2184 370 2234 sicheum
388 2181 423 2235 D.
440 2182 491 2249 115.
511 2188 654 2237 udatursum
674 2187 705 2242 F.
718 2190 731 2255 Η
749 2186 774 2243 ii.
793 2191 921 2255 atomum]
949 2192 1093 2255 mytilenae
1116 2192 1145 2245 iu
1162 2211 1260 2247 rasura
1276 2195 1316 2251 A.
1340 2197 1411 2265 quod
1427 2198 1470 2252 de·

244 2257 372 2319 sumptam
397 2262 436 2307 est
459 2273 473 2307 e
496 2255 559 2309 Pur.
579 2257 591 2323 ΙΙ
609 2264 711 2310 tantum
731 2263 838 2311 randum
857 2260 888 2311 A.
905 2260 918 2326 ΙΙ
935 2261 960 2313 1.
981 2266 1049 2326 qtrod
1069 2261 1106 2315 D.
1123 2264 1137 2330 ΙΙ
1153 2266 1191 2332 iu]
1211 2264 1274 2320 add.
1293 2284 1326 2318 eo
1343 2266 1406 2320 Por.
1418 2268 1432 2335 Η
1444 2269 1470 2325 8.

245 2323 330 2373 iluius
350 2352 384 2363 --
403 2323 452 2388 (11.1
471 2328 586 2379 referam
605 2345 654 2380 om.
674 2329 705 2382 Γ.
717 2330 730 2395 ΙΙ
743 2330 803 2396 uiri]
824 2336 883 2381 unte
901 2333 980 2381 huius
996 2330 1024 2385 F.
1036 2331 1049 2397 ΙΙ
1062 2338 1210 2397 sapientum
1222 2334 1282 2388 BF.
1302 2340 1470 2401 sapientibus

244 2392 281 2445 D.
295 2392 307 2461 ΙΙ
322 2398 504 2449 moderatione
522 2412 571 2449 om.
591 2398 627 2451 D.
640 2399 653 2465 ΙΙ
671 2397 696 2453 11.
718 2404 830 2453 molesia
852 2399 941 2453 ΑΒΗ
959 2407 985 2452 et
1005 2416 1048 2468 pr.
1074 2402 1102 2454 C·
1124 2408 1230 2457 meiisiu
1251 2405 1281 2458 F.
1306 2406 1368 2462 odd.
1391 2412 1412 2462 1.
1438 2411 1469 2465 Ρ.

243 2469 374 2530 mytilene
384 2482 474 2534 muron
487 2467 518 2521 Δ.
530 2468 543 2534 ΙΙ
556 2472 713 2523 uersiculum
733 2471 792 2523 Dr
799 2471 876 2523 Tora.
899 2470 973 2525 Vino.
982 2471 1049 2524 Bell.
1061 2488 1102 2541 sp.
1114 2474 1202 2535 ΜΠ,
1218 2472 1277 2530 120.
1296 2480 1469 2533 euerticuium

243 2534 278 2587 E.
290 2536 303 2603 Η
322 2536 362 2589 to.
382 2540 498 2605 emerat]
524 2538 586 2592 add.
607 2546 635 2591 ut
651 2540 710 2608 1111
727 2545 853 2607 pondoris
868 2557 913 2610 pr.
933 2543 965 2595 Α.
983 2546 995 2606 ti
1019 2542 1059 2597 11.
1084 2561 1180 2597 mensa
1197 2549 1328 2612 Delphica
1348 2546 1425 2603 Torr.
1433 2550 1460 2675 d·

246 2604 286 2657 i2.
305 2607 348 2673 sol
368 2616 428 2661 onte
444 2612 559 2674 piscium
577 2610 637 2666 BF.
656 2628 705 2664 om.
723 2612 759 2667 Ε.
774 2613 786 2679 ΙΙ
801 2613 863 2679 hoo]
883 2612 945 2665 add.
965 2630 996 2665 so
1015 2613 1045 2667 Γ.
1060 2610 1073 2683 ΙΙ
1088 2617 1194 2669 fortuna
1213 2616 1276 2671 GE.
1293 2620 1415 2673 fortunae
1442 2660 1465 2683 ⁴.

255 2678 268 2745 ΙΙ
283 2680 388 2747 ducitis]
408 2683 493 2732 iactus
512 2680 654 2738 DFTot-r.
672 2682 734 2738 add.
754 2687 796 2738 uei
816 2687 903 2737 iactus
922 2684 956 2738 Ε.
969 2684 982 2752 ΙΙ
994 2702 1026 2737 se
1044 2690 1144 2740 emisse
1165 2688 1241 2742 Tora.

746 2830 957 2840 -——-·-——---

240 2910 344 2962 tutelam
364 2914 388 2962 ia
408 2931 440 2964 ou
460 2917 528 2980 qarod
550 2919 656 2968 ostracus
669 2917 798 2968 interdum
818 2919 951 2968 atiioctiun
969 2919 1108 2968 utilitatem
1121 2923 1307 2990 significantis,
1327 2926 1357 2974 ut
1374 2931 1460 2992 optus,

239 2980 354 3037 idoneas.
376 2988 402 3034 et
421 3001 489 3051 qum
509 2989 541 3036 iis
561 2989 686 3051 opposita
705 2993 775 3046 strat.
795 3005 856 3038 cirin
874 2992 1031 3040 ucmrsstiuo
1050 2993 1077 3040 ot
1091 2995 1289 3056 praepositione
1307 2992 1337 3044 is
1354 2997 1461 3046 coutun-

238 3058 332 3102 uertant
350 3056 420 3117 (liu.
440 3059 588 3115 xxxviii.
608 3057 651 3114 21,
672 3056 695 3110 i.
715 3061 801 3120 Quint.
821 3062 882 3110 inst.
900 3077 939 3111 or.
959 3062 1002 3115 vl.
1022 3056 1047 3118 3.
1069 3057 1109 3111 ta.
1129 3057 1257 3118 x.3.9.2.
1277 3064 1458 3117 Seomuss.

240 3125 269 3179 V,
288 3119 330 3175 33.
356 3129 431 3178 Ouid.
452 3134 513 3180 met.
533 3129 616 3184 Xiiii.
637 3126 710 3194 765.)
746 3129 798 3181 Sed
813 3147 872 3181 cum
886 3132 957 3181 atirrd
970 3134 1121 3196 oxearpium
1134 3134 1339 3195 praepositionis
1348 3131 1385 3182 ἐκ
1395 3147 1459 3184 curu

238 3196 391 3245 accusation
410 3202 480 3261 apud
500 3203 658 3250 adiectiuum
678 3197 769 3255 bonus.
790 3204 860 3263 quand
880 3203 1002 3264 cqtridcm
1021 3204 1119 3255 sciam.
1141 3215 1194 3249 που
1213 3205 1297 3257 exivi.
1322 3202 1405 3252 mtlui
1428 3205 1458 3252 li·

238 3265 382 3315 brariorum
409 3271 531 3333 accipere
556 3285 685 3328 errorem,
715 3287 767 3332 qrru
792 3274 835 3322 uix
861 3275 931 3322 ntitas
955 3278 997 3322 est
1021 3270 1191 3329 tiequentior.
1237 3270 1377 3320 Abistiuus
1396 3288 1457 3321 cum

236 3337 434 3399 praepositione
452 3338 480 3388 ia
498 3343 680 3405 comparatius
699 3340 791 3391 melior
808 3343 958 3404 adiurogitur
975 3339 1002 3386 in
1015 3338 1081 3385 Ptin.
1100 3341 1126 3388 h.
1142 3356 1167 3389 n.
1186 3339 1323 3395 xxxiiii,
1342 3336 1368 3396 8,
1387 3336 1455 3404 (ld.)

236 3404 277 3463 81,
297 3405 324 3454 ia
344 3421 466 3474 equorum
484 3409 570 3476 effipt'e
593 3409 699 3463 metior,
727 3413 847 3476 «pastinata
872 3423 904 3455 ac
929 3409 1008 3454 naim
1034 3409 1139 3469 quidem
1163 3409 1266 3455 dicendi
1289 3409 1394 3473 figurae
1416 3411 1456 3458 itu

237 3479 318 3528 inulta
337 3483 399 3528 suut
418 3484 554 3544 exempla,
580 3498 640 3530 cum
659 3483 812 3544 piorumque
838 3477 950 3538 simplici
972 3477 1090 3524 aututino
1116 3478 1162 3524 sut
1185 3477 1275 3524 ‹iatiuo
1299 3479 1346 3526 sut
1376 3492 1455 3541 prse-

234 3551 364 3613 positione
383 3547 420 3600 od
437 3554 578 3602 uterentur.
702 3569 705 3578 ’
797 3571 801 3581 ·

304 3615 328 3672 θ,
349 3621 387 3672 ct
407 3623 482 3672 Diod,
502 3623 555 3672 sic,
580 3637 636 3671 exe,
656 3618 714 3666 Vnt.
734 3613 776 3671 22.
801 3615 864 3664 Mai.
891 3613 950 3662 coit.
969 3614 1001 3669 11,
1020 3631 1046 3676 p.
1070 3609 1108 3664 tit.
1127 3629 1172 3677 sp.
1190 3614 1267 3666 Dind.
1286 3616 1337 3675 111,
1361 3633 1388 3680 p.
1406 3613 1451 3671 21.

245 3692 293 3740 itio
315 3731 321 3742 .
340 3693 430 3742 laert.
450 3695 472 3742 ii
501 3689 565 3743 511..
1446 3723 1454 3745 .

233 3695 243 3754 (
294 3707 327 3814 gi.
347 3764 385 3814 Cf.
405 3730 482 3813 olous
499 3696 556 3812 Sia.J
570 3773 626 3807 exc.
646 3759 679 3805 do
698 3757 755 3806 trirt.
776 3757 802 3804 et
820 3755 864 3806 uit.
883 3769 910 3816 p.
929 3748 989 3804 552
1019 3753 1077 3803 Voi.
1096 3753 1120 3804 11
1138 3755 1167 3805 P.
1186 3753 1212 3806 2.
1228 3771 1257 3818 p.
1275 3751 1311 3806 83
1327 3757 1405 3807 Dind.
1424 3762 1451 3808 et

233 3847 289 3882 exc.
309 3835 367 3886 Vnt.
391 3830 429 3886 18.
458 3835 520 3882 Mai.
545 3829 603 3878 coit.
623 3829 654 3882 11,
679 3843 707 3889 p.
728 3822 769 3876 15.
798 3824 919 3880 vuilit,
944 3840 970 3887 p.
994 3821 1023 3874 ti
1048 3825 1125 3876 Diod.
1153 3825 1220 3875 Piui.
1241 3825 1297 3879 sot.
1315 3823 1341 3880 4.
1367 3829 1461 3897 Diog=

232 3903 319 3954 laert.
339 3905 357 3960 i.
377 3901 579 3955 ausaausa
601 3897 733 3959 Aristoph.
752 3896 821 3948 Piut.
841 3911 867 3942 u.
885 3891 910 3946 9.

301 3973 392 4024 emisse
409 3969 519 4031 dicente)
545 3969 655 4016 Constat
678 3981 748 4016 nuuc
766 3967 834 4016 inter
857 3978 951 4014 omnus
970 3965 1085 4028 optimos
1107 3977 1228 4029 quosque
1251 3969 1278 4016 ct
1300 3968 1448 4035 elegantis·

232 4045 312 4094 simos
332 4043 417 4090 latini
438 4041 569 4089 sermonis
589 4042 712 4087 auctores
731 4039 862 4088 interdum
880 4037 943 4097 post
954 4036 1038 4084 uerba
1056 4036 1160 4084 dicendi
1178 4039 1207 4084 et
1223 4039 1357 4088 sentiendi
1374 4040 1447 4102 apud

231 4113 380 4161 infinitiuum
407 4111 532 4159 omisisse
558 4109 705 4159 subiectum
736 4106 900 4171 pronominis
931 4106 1087 4154 uccrrsstiuo
1110 4105 1282 4156 efferendum.
1328 4106 1370 4158 its
1392 4110 1446 4159 ire·

231 4184 338 4244 qucuter
355 4183 425 4243 apud
445 4193 532 4230 rerum
552 4179 695 4242 scriptores
712 4178 870 4240 pronomina
888 4176 1025 4225 subaudiri
1043 4191 1102 4226 cum
1120 4176 1247 4226 reflexim
1263 4179 1319 4226 tutu
1338 4179 1445 4227 demone

230 4251 339 4299 stratiua
357 4251 492 4299 infinitiuis
511 4251 590 4298 tutari
608 4249 735 4311 temporis
754 4248 876 4296 srrbiscts
894 4247 966 4294 recte
983 4246 1199 4295 animaduersum
1217 4249 1261 4296 est
1278 4261 1296 4293 a
1307 4246 1444 4311 Msduigio

229 4321 329 4371 emend.
348 4320 416 4370 Tuti.
435 4335 461 4384 p.
484 4315 540 4371 111.
577 4319 615 4370 Ci.
629 4319 705 4366 iiand
725 4319 758 4365 sd
778 4318 924 4380 Wopkens.
940 4316 1002 4365 ieet.
1012 4315 1080 4366 Tull.
1092 4316 1118 4378 s.
1133 4310 1173 4365 13.
1211 4315 1310 4365 Valerii
1327 4315 1444 4364 editores

228 4392 316 4440 nescio
335 4405 369 4440 nu
388 4391 475 4458 ignari
493 4391 572 4440 harius
591 4389 790 4438 consuetudinis
809 4387 963 4435 constanter
980 4385 1037 4435 fers
1054 4385 1144 4434 addito
1163 4383 1446 4464 subiecto'orstionem

228 4463 258 4509 sd
277 4462 418 4528 uulgarem
436 4475 556 4510 normam
574 4459 683 4509 reficere
701 4459 763 4506 sunt
786 4457 887 4512 conatis
912 4457 982 4520 quod
998 4456 1201 4518 praeposterum
1225 4453 1340 4501 modium
1357 4453 1444 4504 semei

228 4531 380 4593 compositis
403 4531 474 4580 titius
503 4529 610 4598 generis
635 4529 765 4591 exemptis
794 4526 967 4594 redarguisse
997 4527 1065 4574 satis
1095 4525 1139 4574 sit.
1189 4522 1335 4604 Infinitiuos
1363 4520 1443 4573 futuri

227 4603 367 4664 temporis,
392 4615 502 4664 quorum
528 4600 688 4656 subiectum.
713 4600 737 4646 si
759 4611 813 4660 qus
831 4599 875 4647 est
891 4596 959 4646 tides
977 4596 1103 4645 librorum
1120 4593 1375 4653 manuscriptorum.
1394 4593 1441 4640 αἱ,

227 4673 330 4722 modum
350 4673 415 4722 durs
432 4672 562 4726 interdurn
581 4669 712 4728 reticetur,
732 4667 912 4735 congessisti
930 4665 957 4723 1.
981 4662 1010 4724 1,
1027 4661 1061 4724 B,
1085 4663 1183 4727 quinus
1202 4673 1274 4716 nuuc
1293 4662 1366 4712 adso
1381 4661 1439 4726 1111,
