3409 5400
549 488 630 553 LIB.
654 488 723 567 llll,
748 490 785 555 0.
808 494 840 567 7,
865 492 936 558 Ext.
960 502 991 569 s.
1017 498 1045 561 1.
1070 498 1100 563 2.
1156 514 1170 533 ·
1372 510 1438 579 389

215 649 347 733 pliciura
371 650 447 715 fidei
471 650 604 721 remisit,
629 652 826 737 insuperque
851 673 910 717 eos
935 656 1065 739 rogauit
1088 666 1122 719 ut
1143 661 1234 725 sein
1249 668 1440 739 societatem

215 757 377 823 amicitiae
403 758 530 821 tertium
553 755 703 821 sodalicii
726 757 867 843 gradiuit
891 758 1003 824 ultima
1034 761 1193 829 culturum
1220 766 1442 849 beniuolentia

216 865 406 949 reciperent.
452 861 597 925 Haecine
621 864 707 927 uires
732 862 920 928 amicitiae?
959 869 1074 933 mortis
1103 880 1326 959 contemptum
1347 878 1440 965 inge.

217 990 343 1043 necare,
367 969 453 1031 uitae
478 967 682 1033 dulcedinem
706 970 906 1055 extinguere,
931 971 1153 1041 crudelitatem
1168 972 1441 1059 *madsuefaeere

192 1075 327 1140 rodium
343 1076 535 1141 inaniorem
552 1084 751 1149 conuertere,
767 1096 909 1159 poenam
924 1077 1084 1144 beneficio
1100 1102 1242 1165 pensare
1258 1098 1441 1171 potuerunt.

217 1180 344 1261 Quibus
367 1200 473 1266 paene
496 1192 619 1245 tautum
643 1183 867 1247 uenerationis
892 1197 1049 1269 quantum
1065 1186 1203 1257 deorum
1217 1194 1441 1263 inmortalium

217 1289 425 1353 caerimoniis
449 1286 592 1353 debetur.
637 1285 703 1351 lllis
727 1288 812 1353 enim
838 1289 969 1375 publica
990 1292 1094 1367 salus,
1124 1295 1177 1361 his
1206 1301 1335 1383 priuata
1361 1324 1463 1386 coa..

218 1398 343 1461 tinctor.
383 1396 487 1481 Atque
506 1408 538 1457 ut
560 1392 689 1459 illarum
714 1393 815 1458 aedes
839 1416 937 1461 sacra
953 1397 1128 1475 domicilia,
1150 1401 1269 1470 harum
1291 1408 1360 1473 fida
1380 1407 1442 1474 ho·
1465 1409 1470 1419 '

218 1503 341 1567 minum
363 1513 497 1591 pectora
520 1500 615 1587 quasi
640 1498 802 1585 quaedam
820 1515 935 1565 sancte
951 1504 1068 1587 spirit-u
1083 1507 1205 1573 referta
1219 1510 1341 1595 templa
1355 1525 1442 1579 sunt.

184 1632 209 1673 te
308 1606 404 1689 Quod
428 1610 472 1673 ita
496 1628 570 1671 esec
594 1628 651 1673 rex
673 1606 862 1673 Alexander
884 1610 998 1675 sensit.
1043 1610 1148 1677 Darei
1168 1618 1297 1692 casum,
1319 1618 1483 1705 inqui-2.

219 1715 279 1779 bris
304 1738 418 1782 omncs
437 1716 616 1779 necessarii
632 1716 704 1779 eius
720 1726 822 1787 erant,
838 1715 973 1800 potitus,
989 1714 1236 1801 Hephaestione
1251 1724 1442 1809 gratissimo

219 1822 281 1887 sibi
304 1822 389 1885 latus
413 1844 509 1887 suum
533 1832 662 1908 tegente
687 1820 730 1885 ad
760 1842 818 1885 eos
847 1820 1074 1908 adloquendos
1105 1828 1202 1893 uenit.
1249 1827 1351 1895 Cuius
1383 1830 1442 1896 ad·

219 1939 318 1994 uentu
340 1941 443 1993 mater
465 1928 565 1993 Darei
588 1938 746 2003 recreata,
776 1924 867 1993 humi
895 1940 1093 2013 prostratum
1121 1944 1220 2018 caput
1248 1937 1349 2000 erexit
1374 1933 1441 2002 He·

219 2034 519 2123 phaestionemque,
545 2035 622 2121 quia
646 2046 677 2097 et
700 2034 760 2113 [ia]
781 2044 907 2099 statura
930 2046 961 2097 et
983 2036 1091 2102 forma
1113 2040 1318 2123 praestabat,
1347 2061 1440 2107 more

220 2281 246 2336 2.
259 2284 389 2335 sobadtrii
402 2298 448 2351 pr.
458 2281 488 2333 Α.
499 2282 559 2333 sota
568 2279 624 2335 CF.
645 2283 733 2333 solatii
743 2279 772 2335 Γ.
786 2282 798 2355 ΙΙ
812 2280 838 2335 3.
849 2286 966 2334 liasctne
975 2312 1009 2323 -
1019 2280 1180 2349 (ll-ttempta
1192 2286 1265 2352 suot]
1275 2300 1326 2339 aar.
1341 2284 1366 2339 d.
1376 2286 1394 2339 l.
1408 2283 1442 2345 Γ.

220 2353 268 2409 aed
285 2355 314 2407 ia
333 2356 359 2420 s.
377 2352 474 2423 2peet
489 2369 532 2407 uu.
551 2357 592 2421 (p.
604 2348 665 2411 tto,
677 2352 714 2414 t.)
733 2358 828 2407 comite
847 2370 898 2405 suo
916 2355 1029 2418 partitus
1044 2359 1088 2405 est
1103 2361 1245 2423 sequamur
1262 2355 1328 2408 laec
1345 2360 1368 2407 0
1387 2360 1443 2409 stu·

220 2425 324 2491 pendas
344 2427 475 2476 amicitiae
489 2426 569 2481 uires,
589 2424 680 2473 mortis
694 2428 872 2489 contemptum
885 2427 1054 2493 ingenerare.
1075 2427 1146 2475 uitae
1166 2431 1303 2493 clamaque
1322 2425 1359 2478 ad
1374 2423 1445 2488 (1³)

220 2500 321 2562 tempta
340 2500 409 2547 suat.
424 2501 436 2561 tt
451 2493 579 2559 llascine]
598 2494 638 2545 aie
659 2492 712 2546 cti
732 2500 756 2545 et
769 2510 814 2563 pr.
832 2493 864 2547 A.
883 2497 996 2545 haecine
1014 2505 1084 2546 oorr.
1105 2494 1136 2547 Α.
1161 2497 1274 2547 heccine
1291 2494 1358 2549 DF.
1383 2498 1444 2549 Hae

222 2584 288 2621 saue
310 2565 386 2621 Torr.
409 2564 450 2631 Cs.
466 2564 520 2617 Οἱς.
539 2562 612 2617 Verr.
635 2562 666 2623 V,
685 2560 729 2623 25,
749 2564 808 2633 titt!
828 2564 855 2620 ὃ.
872 2568 935 2617 odia
951 2564 1010 2633 1⁸.ss
1025 2566 1152 2632 pensare]
1171 2563 1234 2620 odd.
1252 2582 1345 2637 regem
1360 2582 1443 2633 super

223 2642 340 2689 bumana
358 2639 456 2688 ctutum
476 2637 550 2686 mttttt
569 2650 617 2685 suo
637 2650 770 2699 coequato
820 2674 827 2695 ,
853 2652 919 2705 quae
932 2636 1067 2705 pertineat
1084 2634 1122 2687 od
1134 2636 1282 2705 proximam
1301 2637 1443 2707 coemptam

221 2708 407 2778 neuportum
425 2707 453 2760 ia
470 2707 519 2760 ltoo
536 2705 635 2762 oodioe.
655 2712 777 2774 utsupra
790 2707 855 2759 diat.
867 2709 881 2775 Η
892 2705 918 2759 6.
934 2709 1073 2774 quantum]
1093 2725 1172 2774 quum
1184 2707 1215 2761 F.
1231 2708 1244 2779 11
1256 2706 1284 2762 8.
1296 2711 1441 2777 domicilia]

222 2779 284 2834 add.
295 2783 334 2832 sic
344 2777 409 2832 DF.
429 2776 491 2832 naid.
501 2781 538 2828 ita
550 2776 626 2830 Toto.
650 2774 710 2830 Vid·
720 2777 756 2830 od
765 2777 815 2840 lll,
825 2777 851 2836 2,
865 2776 904 2832 lt.
925 2777 967 2845 19.
980 2784 1095 2846 quodam
1109 2777 1162 2831 ΟΕ
1166 2776 1192 2831 F
1198 2779 1275 2833 Terr.
1286 2781 1300 2848 ΙΙ
1314 2779 1354 2834 10.
1366 2783 1443 2844 Quod

223 2881 256 2890 -
275 2851 370 2974 sensqtl
398 2851 549 2972 A'tpxaadter
573 2865 619 2899 rex
642 2846 674 2970 g
695 2847 707 2918 11
721 2852 794 2972 ¹diali
813 2847 906 2902 nst*
929 2864 989 2934 err.
1008 2849 1021 2917 tl
1041 2852 1137 2899 castris
1160 2851 1185 2901 ia
1211 2852 1318 2919 quibus]
1344 2855 1442 2938 quibus
1469 2862 1484 2883 ⁶

222 2917 397 3048 titul
414 2991 427 3059 ιι
445 2935 669 3056 attilii...
686 2919 721 3044 t.
739 2921 1016 3059 ,tittiititti
1032 2919 1090 3062 ll
1113 2923 1211 3044 titt
1222 2920 1264 3060 rii
1281 2919 1356 3046 lili
1372 2924 1443 3046 itii

222 3064 256 3120 A.
279 3063 355 3116 Tora.
374 3065 399 3115 ci
418 3068 445 3114 et
463 3066 488 3113 io
509 3075 579 3114 corr.
597 3059 632 3114 l).
652 3065 732 3114 etiarn
751 3066 777 3114 in
797 3061 832 3117 ll.
851 3080 901 3116 om.
920 3061 951 3114 F.
963 3062 976 3132 Η
988 3064 1176 3128 praestabatur
1197 3061 1229 3114 F.

225 3299 263 3349 Cf.
285 3296 350 3345 Ptin.
370 3295 392 3344 tt
412 3295 438 3345 ir.
458 3311 482 3345 a.
500 3290 543 3350 53.
563 3291 606 3344 5⁴.
634 3295 707 3347 Suet.
728 3281 827 3348 Ocima*
843 3292 901 3348 tttt.
943 3296 1036 3360 ltaque
1060 3308 1112 3342 nnn
1136 3291 1294 3340 necessaria
1311 3294 1370 3342 erat
1388 3305 1445 3343 mu·

225 3369 290 3419 tatio
316 3365 389 3415 uerbi
413 3365 438 3414 iu
463 3361 583 3431 dejicito.
610 3368 731 3430 quamuis
755 3381 808 3416 nou
831 3367 989 3432 negauerim
1013 3361 1238 3425 praepositionem
1257 3357 1291 3409 de
1319 3363 1445 3413 facillime

224 3439 348 3490 excidere
367 3437 487 3499 potuisse
506 3441 567 3499 post
585 3433 692 3489 deiude.
720 3437 940 3501 quemadmodum
963 3434 1043 3497 pauto
1061 3433 1124 3491 post
1148 3431 1312 3494 praepositio
1338 3435 1444 3484 amate

226 3527 242 3560 a
261 3509 369 3560 librario
388 3507 491 3556 omissa
508 3509 550 3555 est
569 3509 678 3570 propter
695 3508 860 3569 praecedens
878 3503 951 3552 lere.

295 3575 380 3632 ΗΓ.
399 3579 474 3628 Diod.
493 3575 546 3626 Sic.
566 3576 648 3632 xvtt.
668 3571 711 3630 37,
730 3592 757 3638 p.
780 3570 837 3623 tea.
864 3575 932 3620 cert.
951 3569 996 3624 lii.
1018 3564 1058 3625 tt,
1080 3564 1121 3620 to.
1146 3569 1250 3622 Arriae.
1268 3571 1301 3629 ll,
1325 3567 1364 3632 ta,
1383 3568 1410 3626 tl,

297 3655 322 3701 et
340 3648 389 3718 [in]
407 3653 510 3699 statura
528 3651 553 3697 et
563 3645 668 3712 forma)
691 3645 734 3693 Sic
758 3643 820 3689 boni
839 3640 945 3688 codices
964 3651 1068 3687 summo
1092 3653 1227 3690 consensu
1246 3642 1272 3691 et
1291 3641 1445 3694 Vincentius

226 3723 426 3774 Bellouaceusis
446 3733 519 3784 spec.
539 3719 600 3768 bist.
622 3717 656 3774 V,
677 3707 725 3768 ab,
750 3725 809 3774 cura
832 3709 914 3775 uulgo
933 3711 1056 3759 ederetur
1079 3707 1105 3759 ei
1128 3714 1154 3759 et
1175 3713 1279 3761 atatttre
1301 3717 1328 3764 et
1342 3713 1446 3780 soma,

227 3795 295 3861 quod
315 3793 454 3843 arbitrario
473 3791 574 3855 primus
593 3781 737 3847 temptauit
748 3781 881 3830 corrector
899 3779 957 3828 iibri
970 3781 1124 3829 Beroensis.
1160 3781 1304 3835 Praestare
1322 3786 1402 3836 alleui
1419 3787 1446 3836 ln

227 3867 317 3931 aliqua
335 3879 364 3914 re
383 3865 475 3926 optimi
493 3863 637 3922 scriptores
656 3854 788 3910 dixerunt,
809 3852 853 3900 ubi
873 3851 906 3900 tle
925 3851 1093 3914 perficiendis
1117 3853 1198 3902 rebus
1217 3855 1293 3904 extra
1310 3856 1446 3908 bominem

227 3937 322 4002 positis
346 3935 423 3984 tobati
450 3935 518 3984 suut.
563 3927 602 3990 Gt.
629 3925 703 3976 Varr.
728 3939 771 3987 ep.
797 3923 864 3972 Non.
888 3922 939 3977 IX.
963 3918 999 3972 20
1022 3920 1067 3988 qui
1086 3921 1189 3989 primus
1212 3921 1241 3973 t'tt
1263 3923 1393 3977 bumba
1416 3940 1448 3979 re

185 4043 191 4056 .
222 4010 344 4076 promat
360 4003 434 4056 otior.
471 4003 522 4050 cic.
542 4001 575 4050 de
594 3998 646 4048 inu.
666 3995 697 4050 11.
719 3992 742 4054 l,
764 3991 786 4052 l.
806 3989 983 4048 Crotoniatae.
1003 3991 1049 4059 qui
1060 4007 1117 4044 eata
1134 3995 1262 4059 (Zeuxin)
1279 3994 1402 4049 ndiebri
1418 3995 1448 4046 ia

228 4091 339 4144 corpore
353 4065 483 4142 piapendo
496 4065 639 4138 plurimum
658 4061 720 4116 aliis
734 4069 875 4131 proestare
896 4079 976 4131 saepe
993 4063 1162 4131 accepissent.
1186 4067 1221 4118 id.
1246 4068 1280 4116 de
1304 4085 1343 4121 er.
1363 4068 1383 4126 i,
1401 4064 1447 4123 eu

227 4145 288 4200 stt.
316 4145 448 4200 Platonem
467 4154 553 4193 omnes
571 4138 598 4189 ia
617 4134 671 4188 itta
688 4131 1149 4203 arbiuspraestaattsrimamsaiese
1159 4135 1309 4203 jutemur.
1345 4137 1449 4208 legeuit

228 4235 291 4270 uero
311 4221 356 4266 aut
375 4213 492 4276 corporis
512 4211 669 4278 qualitates.
693 4209 790 4270 quibus
808 4208 905 4270 aliqu'm
925 4207 985 4259 aliis
1004 4211 1139 4270 praestat,
1165 4223 1225 4259 eum
1249 4210 1450 4274 praepositione

227 4289 256 4342 ia
275 4285 426 4336 coniunctas
445 4281 734 4347 nonmeminilegisse.
754 4294 813 4328 cum
833 4278 935 4328 interim
954 4278 1084 4341 simplicis
1102 4279 1213 4329 ablatiui
1230 4281 1371 4330 innumere
1387 4273 1450 4326 sunt

227 4357 358 4420 exempta.
394 4353 427 4404 Et
445 4359 595 4418 praetcrea,
614 4365 673 4400 cura
692 4351 796 4400 statura
814 4353 842 4398 et
860 4349 947 4400 torma
970 4350 997 4400 b.
1017 4349 1033 4400 i.
1055 4363 1110 4400 uon
1132 4364 1213 4400 naara
1238 4350 1373 4398 notionem
1391 4343 1449 4394 efl·

227 4433 307 4488 ciant,
327 4429 464 4478 seiunctae
483 4425 619 4490 particulis
639 4425 749 4479 ct—et,
769 4421 883 4472 eandem
900 4420 1126 4485 praepositionem
1142 4421 1221 4480 atteri
1234 4431 1339 4481 quoque
1351 4413 1451 4488 nomini

227 4501 289 4554 addi
302 4501 438 4564 oporteret
455 4500 490 4556 (et
502 4495 531 4548 ia
542 4499 645 4548 stature
657 4497 682 4543 et
694 4489 722 4542 tn
739 4489 845 4552 formo),
866 4493 935 4555 quod
948 4491 1024 4540 fleret
1035 4506 1130 4554 parom
1142 4488 1325 4553 probabiliter.
1360 4485 1453 4548 ltaque

225 4588 279 4626 aon
304 4585 416 4636 possum
441 4567 504 4633 quin
526 4563 636 4618 illudio
660 4578 678 4613 a
696 4563 803 4614 librario
827 4562 945 4612 additum
966 4575 1031 4612 esse
1048 4561 1170 4616 credam,
1195 4559 1237 4608 eui
1261 4559 1331 4608 base
1349 4553 1454 4612 dicendi

228 4645 295 4695 ratio
316 4643 380 4692 trita
402 4637 489 4690 tuerit.
525 4639 648 4688 Datiuum
667 4635 737 4685 certe
755 4633 933 4698 pronominis,
958 4647 1037 4696 quem
1060 4631 1184 4693 equidem
1205 4627 1281 4678 natta
1296 4625 1454 4678 maeatae

228 4717 356 4768 munitum
375 4711 482 4766 omnino
502 4710 597 4770 delent,
616 4721 695 4758 nemo
714 4705 792 4774 tactio
811 4703 1014 4758 desiderauerit.
