3409 5400
233 1535 395 1641 Quartus
417 1567 472 1630 hic
496 1589 603 1632 annus
629 1579 696 1644 est,
726 1591 765 1632 ex
795 1591 859 1654 quo
890 1591 974 1654 quae
999 1568 1150 1652 equidem
1173 1568 1205 1630 iu
1231 1569 1458 1634 emendandos

231 1690 356 1756 Valerii
384 1691 519 1755 Maximi
542 1691 643 1754 libros
668 1691 816 1754 conferre
846 1711 946 1776 posse
976 1689 1056 1753 mihi
1086 1690 1221 1754 uidebar
1252 1694 1457 1780 typographo

229 1816 423 1881 excudenda
452 1815 581 1880 tradidi.
640 1817 862 1900 Speraueram
896 1826 970 1877 tuuc
1001 1816 1086 1878 iutra
1116 1817 1194 1880 anni
1224 1819 1364 1902 spatium
1394 1818 1458 1884 boe

229 1964 312 2027 opus
337 1942 382 2005 ita
407 1915 591 2004 absolutum
616 1941 655 2002 iri
678 1951 712 2002 ut
729 1938 780 2002 edi
802 1938 986 2024 pubiicique
1009 1939 1090 2002 iuris
1108 1940 1176 2003 fieri
1192 1953 1315 2025 posset.
1363 1944 1457 2022 Quae

230 2087 307 2152 spes
332 2064 469 2130 multum
492 2086 545 2128 me
568 2064 692 2127 fefellit.
743 2061 808 2126 Vix
839 2063 926 2126 enim
955 2063 1058 2128 tribus
1089 2063 1232 2151 plagulis
1257 2066 1376 2130 abillo
1401 2067 1457 2129 de·

231 2190 361 2276 scriptis
393 2191 465 2274 ipse
494 2187 535 2252 ad
567 2210 661 2252 arma
692 2199 849 2252 euocatus
880 2207 938 2272 per
967 2186 1091 2272 aliquot
1113 2210 1247 2253 menses
1271 2191 1313 2254 ab
1337 2192 1457 2265 officio,

230 2313 316 2399 quod
341 2312 420 2376 mibi
443 2313 477 2376 in
501 2313 713 2376 recensendis
738 2311 1008 2397 corrigendisque
1025 2332 1199 2397 operarum
1222 2315 1457 2398 speciminibus

231 2437 492 2522 desnmpmram,
515 2437 560 2500 ita
583 2436 767 2500 abstractus
793 2455 878 2508 sum,
903 2445 936 2496 ut
956 2455 1032 2498 mox
1056 2455 1153 2498 omne
1169 2437 1377 2522 imprimendi
1400 2460 1457 2502 ue·

234 2563 355 2648 gotium
379 2559 479 2624 modo
503 2560 668 2646 inceptum
693 2560 883 2623 necessario
907 2560 1201 2644 interrumperetur.
1253 2561 1300 2624 Ac
1325 2575 1457 2626 netum

234 2685 373 2773 quidem,
399 2708 472 2751 cum
497 2700 613 2773 pacato
638 2683 847 2771 reipublicae
872 2694 958 2748 statu
973 2681 1054 2748 mihi
1070 2683 1251 2773 studiisque
1275 2687 1359 2751 meis
1382 2687 1457 2751 red·

232 2811 316 2875 ditus
347 2833 469 2886 essem,
497 2812 565 2875 fata
593 2821 628 2874 ut
656 2810 728 2873 siue
751 2808 995 2873 intermissione
1018 2831 1102 2895 opus
1132 2812 1375 2875 continuaretur
1398 2834 1457 2875 no·

230 2948 333 3000 strum
357 2936 572 3021 patiebantur.
627 2931 868 3021 Typographua
899 2935 985 2997 euim
1015 2956 1035 2998 a
1064 2954 1117 2998 me
1141 2934 1291 3001 desertus
1320 2935 1457 3001 eliorum

229 3064 357 3127 iuterim
381 3062 526 3124 uirorum
550 3080 646 3124 curas
671 3058 907 3126 describendas
930 3070 1132 3144 susceperat,
1157 3081 1295 3145 quarum
1311 3060 1458 3126 celeriter

231 3185 504 3275 perficiendarum
541 3185 738 3248 necessitate
772 3185 926 3271 imposita
965 3195 1110 3248 nostram
1147 3204 1215 3247 rem
1259 3206 1326 3249 non
1356 3186 1458 3271 potuit

232 3313 309 3397 quin
334 3308 459 3375 tardius
483 3318 743 3395 persequeretur.
790 3308 865 3395 Ego
889 3328 968 3372 uero
998 3310 1123 3374 interca
1145 3308 1275 3394 publico
1299 3330 1455 3397 praecep·

232 3437 309 3500 toris
345 3455 479 3498 munere
514 3436 549 3497 in
579 3434 754 3521 gymnasio
782 3432 880 3497 huius
910 3434 999 3497 urbis
1023 3433 1216 3518 praedituS,
1230 3456 1307 3499 mox
1331 3447 1377 3499 tot
1402 3457 1455 3499 me

232 3561 394 3646 tantisque
425 3558 568 3645 negotiis
593 3560 826 3623 circumfusum
852 3558 1020 3632 uidebam,
1048 3569 1082 3621 ut
1104 3560 1237 3621 nonnisi
1260 3558 1455 3623 subseciuas

233 3682 334 3747 boras
350 3684 388 3747 de
405 3694 499 3747 nocte
517 3704 618 3769 saepe
636 3682 856 3749 detrahendas
872 3680 948 3745 huic
963 3682 1046 3745 libro
1062 3679 1251 3765 impendere
1263 3683 1454 3767 potuissem.

231 3809 340 3889 Quam
353 3810 613 3894 occupationem,
637 3806 783 3894 alioquin
805 3804 1078 3870 iucundissimam
1098 3803 1189 3881 mihi,
1213 3809 1456 3892 quotienscum-

230 3956 293 4021 que
319 3934 361 3998 ad
386 3932 554 3997 Valerium
578 3953 687 3996 meum
712 3942 879 4017 tamquam
910 3929 952 3995 ad
982 3928 1214 3995 deuerticulum
1244 3932 1454 4009 accedebam,

228 4080 268 4123 eo
291 4056 464 4122 molestius
489 4058 683 4131 sentiebam,
707 4078 771 4143 quo
795 4057 890 4143 plura
912 4078 949 4122 se
973 4055 1165 4129 offerebant,¹
1190 4077 1275 4141 quae
1297 4056 1377 4120 mibi
1399 4069 1456 4122 aut

226 4184 369 4249 aliorum
394 4183 682 4269 grammaticorum
705 4181 796 4247 libris
820 4183 944 4247 interea
968 4151 1100 4245 emissis
1120 4180 1236 4246 edocto
1260 4194 1315 4245 aut
1338 4193 1453 4268 sponte

226 4319 354 4373 mutata
388 4308 542 4393 opinione
577 4306 733 4372 mutanda
771 4310 956 4394 rectiusque
994 4307 1221 4371 constituenda
1259 4306 1452 4371 uiderentur.

226 4431 356 4512 Quibus
382 4432 469 4495 curis
493 4452 567 4495 cum
592 4433 768 4495 accesserit
790 4432 940 4521 ingratus
964 4430 1016 4497 iile
1040 4454 1090 4507 ea,
1114 4454 1198 4518 quae
1218 4452 1341 4495 excusa
1361 4442 1454 4494 erant

227 4556 417 4643 corrigendi
441 4556 544 4631 labor,
568 4558 613 4621 ita
637 4567 670 4619 ut
692 4556 790 4619 modo
814 4558 857 4643 in·
880 4555 944 4621 hac
974 4556 1072 4621 modo
1095 4558 1128 4620 in
1151 4556 1207 4621 illa
1238 4556 1337 4619 officii
1360 4564 1452 4639 parte

228 4680 369 4745 celerius
395 4703 495 4768 quam
519 4692 648 4767 gratum
679 4690 748 4745 erat
776 4678 856 4745 mibi
887 4681 1086 4745 uersaudum
1117 4681 1225 4755 fuerit,
1254 4699 1321 4742 non
1344 4700 1452 4766 pauca
