3409 5400
422 487 505 555 ms.
526 486 615 568 VIII,
638 489 675 557 0.
698 489 731 568 u,
753 496 784 569 1.
807 491 937 560 2.-(1.
956 493 986 568 7,
1009 502 1039 570 i.
1056 497 1085 562 1.
1301 499 1364 567 621

126 650 214 714 sinu
240 658 360 715 cuncta
381 649 492 716 studia
512 660 646 737 recepta
666 652 859 728 nutriuntur,
883 651 1040 740 quidquid
1063 655 1185 729 animo,
1208 657 1365 745 quidquid

125 777 254 832 manu,
278 755 438 843 quidquid
458 756 573 844 litigtra
595 757 788 824 admirabile
811 769 877 836 est,
907 760 950 825 ad
974 759 1138 824 cumulum
1161 759 1269 827 laudis
1292 785 1365 850 pcr-

127 861 295 928 ducitur?
341 861 435 944 Quae
451 885 525 929 cum
541 865 584 929 sit
604 865 846 959 perlectissima
868 867 982 944 uirtus,
1006 868 1197 934 duramento
1218 870 1272 933 sui
1287 889 1365 934 con·

128 971 298 1036 firmatur.

105 1099 117 1157 s
231 1078 313 1142 Cato
336 1087 463 1143 sextum
487 1089 519 1142 et
540 1079 779 1164 octogesimum
801 1099 924 1147 annum
949 1101 1070 1166 agens,
1095 1081 1172 1145 dnm
1196 1083 1229 1146 in
1253 1101 1288 1144 re
1306 1082 1406 1166 pu·l.

130 1185 230 1250 blica
252 1183 374 1249 tuenda
396 1184 529 1250 iuuenili
551 1185 661 1248 animo
686 1195 819 1270 perstat,
846 1185 889 1250 ab
912 1187 1054 1250 inimicis
1076 1187 1209 1274 capitali
1231 1187 1366 1252 crimine

105 1318 107 1375 i
134 1303 319 1356 accusatus
336 1311 474 1357 causam
489 1312 585 1356 suam
593 1288 679 1378 egit,
701 1313 808 1378 neque
824 1303 879 1357 aut
894 1295 1087 1358 memoriam
1103 1296 1173 1358 eius
1191 1295 1366 1382 quisquam

133 1399 319 1463 tardiorem
342 1408 399 1463 aut
419 1399 604 1462 firmitatem
625 1396 737 1462 lateris
759 1397 827 1462 ulla
850 1398 889 1461 'ex
919 1410 1011 1484 parte
1035 1413 1226 1486 quassatam
1250 1413 1305 1465 aut
1328 1422 1366 1464 os
1391 1389 1425 1455 V

105 1558 107 1593 .
133 1505 359 1571 haesitatione
388 1504 578 1591 impeditum
607 1504 852 1581 animaduertit,
888 1507 966 1591 quia
999 1509 1110 1572 omnia
1143 1509 1207 1574 ista
1240 1510 1275 1573 in
1305 1529 1366 1572 suo

105 1623 230 1701 ¹ostatu
254 1610 385 1700 aequali
407 1633 447 1674 ac
469 1622 628 1698 perpetua
650 1611 813 1676 industria
843 1611 1040 1677 continebat.
1094 1615 1180 1695 Quin
1209 1615 1306 1679 etiam
1332 1615 1365 1678 in

105 1776 108 1813 ¹
135 1723 215 1807 ipso
240 1720 423 1784 diutissime
447 1729 540 1782 actae
562 1719 649 1782 uitae
674 1719 737 1782 line
760 1716 969 1784 disertissimi
1001 1722 1140 1784 oratoris
1164 1719 1288 1785 Galbae
1312 1741 1368 1784 ac·

105 1881 107 1901 ,
137 1827 304 1891 cusationi
328 1825 552 1890 defensionem
576 1847 671 1890 suam
695 1845 755 1911 pro
778 1822 942 1910 Hispania
965 1826 1127 1912 opposuit.

105 1912 106 1918 ἵ
234 1930 325 1997 ldem
355 1931 492 1996 Graecis
516 1929 630 1996 litteris
661 1931 782 1996 erudiri
810 1930 1014 2017 concupiuit,
1043 1955 1143 2018 quarn
1172 1953 1262 2008 sero,
1290 1931 1366 2024 inde

105 2099 107 2138 ἰ
139 2041 367 2114 aestimemus,
390 2037 479 2124 quod
500 2038 597 2101 etiam
613 2037 749 2103 [latinas
772 2057 879 2122 paene
900 2037 965 2101 iam
983 2059 1085 2102 senex
1100 2038 1222 2104 didicit.
1269 2037 1367 2103 Gum-

105 2169 206 2234 ¹sque
232 2145 420 2231 eloquentia
441 2165 598 2232 magnam
615 2143 755 2232 gloriam
771 2156 899 2229 partam
914 2143 1060 2220 haberet,
1084 2144 1117 2210 id
1141 2145 1209 2231 egit
1231 2155 1264 2209 ut
1286 2145 1366 2209 iuris

139 2253 249 2320 ciuilis
272 2271 403 2339 quoque
425 2263 515 2316 esset
537 2251 764 2337 peritissimus.

143 2536 170 2593 1.
189 2544 215 2590 et
233 2536 259 2593 2.
279 2537 400 2606 quicquid
424 2541 496 2596 (ter)
514 2547 583 2589 corr.
602 2534 634 2590 A.
646 2532 697 2606 111.
715 2537 914 2602 perfectissima
932 2536 966 2586 sit
986 2533 1062 2589 Torr.
1079 2533 1093 2604 ΙΙ
1110 2537 1204 2604 uirtus]
1224 2535 1286 2592 odd.
1306 2553 1366 2590 earn

139 2613 234 2662 tamen
256 2607 293 2661 D.
318 2604 380 2661 odd.
405 2607 423 2660 1.
447 2623 507 2658 eam
535 2609 627 2658 iernen
650 2621 741 2674 scarpo
759 2605 977 2674 speonnam
997 2604 1097 2673 0115.
1122 2611 1316 2678 octogesimum
1337 2607 1366 2662 O.

142 2682 357 2751 octuagesimum
375 2677 410 2732 E.
421 2676 436 2747 11
447 2675 472 2732 t.
490 2681 613 2745 praestat
632 2675 722 2732 CEF.
735 2674 786 2748 111.
805 2693 882 2730 suam
902 2691 1013 2729 causam
1035 2675 1110 2731 Tarr.
1122 2677 1136 2747 ΙΙ
1148 2695 1234 2747 neque
1254 2683 1282 2733 ui
1301 2678 1361 2803 F'll

141 2750 169 2806 ti.
189 2758 261 2805 stetu
280 2767 330 2803 sno
351 2748 427 2803 Torr.
439 2749 453 2817 ΙΙ
467 2745 508 2803 li.
526 2746 581 2801 11ηὸ
596 2748 628 2803 Α.
641 2748 655 2816 ΙΙ
666 2750 850 2801 dissertissimi
865 2764 910 2818 pr.
922 2745 1035 2875 Apa·
1055 2752 1117 2801 item
1130 2748 1161 2804 F.
1176 2749 1189 2819 11
1203 2752 1276 2819 inde]
1295 2754 1322 2802 iu

154 2822 223 2892 1114.
242 2838 324 2875 senes
342 2820 375 2875 E.
387 2820 401 2888 ΙΙ
415 2818 455 2874 ii.
475 2821 612 2890 magnam}
631 2838 733 2891 magna
749 2819 779 2874 F.
803 2818 866 2876 odd.
884 2822 937 2872 iam

993 2818 1069 2875 Torr.
1086 2822 1100 2891 ΙΙ
1117 2825 1220 2889 purtem
1234 2836 1280 2890 pr.
1299 2819 1356 2891 Α.ΙΙ

142 2898 182 2946 uti
200 2888 317 2965 111111.
336 2894 547 2959 perfectissimus
561 2906 607 2960 pr.
626 2895 659 2946 Γ.

218 3162 274 3214 Vll.
293 3159 446 3211 Memento
462 3157 505 3210 sei
522 3157 712 3226 confimales.)
736 3161 851 3212 Sensum
871 3163 965 3212 horum
983 3164 1133 3221 uerborum.
1152 3176 1223 3225 quse
1241 3162 1368 3221 larissae,

148 3236 179 3286 ni
194 3235 278 3284 inuiis
295 3234 322 3281 in
340 3231 463 3287 Valerio.
486 3231 576 3297 magis
599 3233 715 3282 obscure
738 3234 812 3282 diets
834 3246 915 3295 quam
939 3233 1035 3283 uitiose
1053 3234 1154 3297 scripta
1177 3234 1252 3290 soni,
1275 3234 1367 3283 nescio

150 3322 184 3356 as
202 3306 275 3356 recte
292 3302 443 3368 perceperit
453 3300 607 3358 Tonantes,
625 3302 733 3351 etiamsi
750 3303 901 3352 accuratius
914 3304 1049 3366 explicare
1061 3305 1193 3366 potuisset
1209 3303 1368 3353 sententiam

151 3391 245 3439 quem.
268 3375 296 3424 ni
315 3372 406 3430 iaiior.
431 3372 502 3421 iisne
520 3372 646 3434 putabet,
669 3372 841 3429 industriam,
860 3373 983 3433 quamuis
1002 3388 1050 3437 per
1068 3387 1099 3423 se
1116 3373 1315 3437 perfectissima
1333 3372 1368 3421 sit

151 3449 242 3504 trinos.
261 3458 294 3495 eo
312 3446 403 3494 umen
421 3455 487 3506 prae
501 3440 598 3491 ceteris
616 3442 757 3500 excellere.
776 3443 845 3507 qood
865 3454 897 3491 se
914 3442 1001 3504 ipsam
1012 3456 1100 3493 nouas
1118 3456 1226 3507 semper
1243 3442 1316 3493 uires
1334 3456 1368 3493 ex

152 3531 183 3568 se
202 3517 340 3581 complens.
358 3515 466 3564 roboret
482 3514 565 3574 etque
582 3512 727 3568 eoniirrnet.
747 3512 864 3573 citatque
881 3510 914 3568 11,
935 3507 959 3571 I,
981 3509 1015 3563 iti
1036 3509 1173 3564 Hemnatae
1190 3540 1222 3550 -
1242 3510 1369 3563 inbecilli·

153 3586 214 3640 totis
231 3580 439 3654 ffeocs'sdm
456 3580 635 3636 duramentum
647 3578 845 3634 estseeeseitoe.
873 3582 968 3649 ,Atque
979 3584 1049 3634 haee
1061 3584 1227 3648 potissimum
1243 3587 1368 3649 respecto

153 3662 189 3712 M.
207 3659 324 3716 Catonis.
343 3658 422 3707 sexto
440 3658 467 3705 et
484 3654 653 3723 octogesimo
665 3653 764 3703 scistis
782 3666 853 3703 enno
872 3666 983 3703 seusam
999 3655 1115 3705 suumin
1134 3655 1241 3719 capitali
1260 3655 1369 3706 crimine

154 3732 265 3799 agentis.
284 3726 448 3793 proconnesi
465 3739 519 3775 non
538 3724 609 3775 maie
627 3723 814 3775 suisnsdoertit
831 3725 941 3774 (iudius.
976 3723 1029 3777 Sed
1052 3738 1086 3776 ne
1104 3727 1142 3775 iia
1160 3724 1264 3791 quidem
1283 3728 1370 3777 altera

155 3801 300 3854 sententiae
316 3810 381 3864 pars
399 3812 459 3847 eum
478 3798 564 3847 altera
582 3796 650 3846 setis
668 3797 742 3846 recte
759 3795 895 3852 cohaeret.
916 3797 1082 3864 pupugiiqne
1102 3811 1145 3847 me
1163 3810 1272 3861 semper
1288 3797 1370 3848 ulmis

105 3865 106 3872 ’
154 3875 199 3924 iiis
215 3872 318 3924 dicentii
334 3870 453 3919 breuiiss
472 3870 499 3917 ei
515 3867 696 3931 suspicionem
713 3866 795 3919 monii
813 3881 847 3916 an
867 3866 1003 3930 scripserit
1016 3868 1139 3919 Valerios
1157 3864 1310 3920 doronem
1326 3865 1371 3919 sei

155 3938 322 4001 maiorer,
341 3956 375 3991 eo
393 3939 496 3991 seiiicet
513 3951 610 3996 senso.
636 3938 791 3988 industriam
816 3936 920 4002 quidem
938 3950 989 4002 per
1014 3950 1045 3989 se
1069 3940 1122 3989 iarn
1145 3940 1368 4004 perfectissimam

105 4061 106 4074 ,
156 4030 215 4067 esse
237 4016 374 4070 uirtutem,
398 4013 447 4061 sed
470 4011 506 4061 sd
529 4022 662 4061 summum
679 4008 817 4077 fastigium
835 4008 915 4059 eueni
939 4010 1063 4072 omnique
1086 4024 1195 4061 numero
1217 4012 1368 4063 absolutam

105 4085 106 4090 ’
158 4087 280 4151 conspici,
300 4085 324 4135 si
343 4097 375 4134 ee
392 4082 480 4147 ipssnr
497 4083 537 4133 its
554 4082 661 4131 roboret
678 4079 891 4146 nauseatores,
910 4081 939 4128 ui
956 4080 981 4130 in
1000 4082 1108 4149 longum
1120 4084 1226 4146 tempus
1245 4084 1369 4133 suiilcist.

157 4160 195 4211 lte
212 4157 333 4208 Valerius
351 4153 554 4204 consummandi
571 4154 655 4202 uerbo
673 4153 754 4201 utitur
770 4150 832 4209 vii,
850 4146 882 4209 2,
904 4153 956 4203 exi.
975 4148 1005 4210 2,
1028 4149 1174 4204 Felicitatis
1191 4180 1226 4191 -
1243 4150 1369 4205 hemme

157 4225 350 4298 mellationem
367 4238 447 4290 eopse
463 4228 632 4277 mma
651 4220 697 4291 qui
712 4236 742 4274 se
759 4218 879 4272 mesi
895 4220 1021 4273 malorum
1039 4219 1127 4277 obicit.
1157 4224 1195 4284 ii.
1214 4222 1246 4281 8.
1266 4222 1291 4282 i.
1310 4236 1369 4273 eos·

157 4303 278 4352 mm
300 4302 377 4365 otqee
398 4292 542 4346 contricio
559 4292 688 4361 potentia.
715 4292 765 4350 vi.
791 4289 820 4349 i.
838 4290 871 4351 1.
899 4290 1049 4349 describes.
1074 4308 1138 4363 pecs
1159 4289 1370 4362 splendidissime

156 4375 275 4439 mmet.
293 4380 421 4421 ensem
435 4363 569 4433 pronitate
586 4362 776 4416 mametis.
803 4364 844 4417 01.
863 4364 943 4414 etism
960 4364 1057 4419 denec.
1076 4368 1111 4416 de
1128 4368 1169 4416 irs
1186 4366 1236 4425 iit.
1255 4358 1286 4417 ³1
1308 4376 1368 4415 eos·

157 4439 289 4495 nisenii
305 4437 457 4506 Mein
474 4449 565 4489 maa.

226 4512 249 4565 i.
266 4512 306 4563 01.
330 4513 407 4562 eoru
429 4510 498 4573 Nep.
523 4510 581 4560 Cat
597 4504 626 4560 3.
648 4509 702 4557 cic.
724 4507 782 4559 cdi.
803 4507 867 4559 mei.
888 4504 934 4565 10,
959 4502 1002 4559 31.
1026 4508 1053 4556 id
1077 4507 1149 4557 Brut.
1168 4502 1217 4564 20.
1241 4503 1285 4559 811.
1310 4506 1369 4561 Liu.
1471 4562 1475 4569 ,

159 4585 277 4644 xxxix,
295 4580 340 4635 itt.
363 4582 429 4633 Piin.
447 4581 476 4631 ir.
493 4594 520 4631 n.
538 4579 595 4634 vii.
613 4575 657 4631 27.
681 4578 750 4628 Pint.
767 4579 824 4632 Cet.
841 4578 904 4630 mai.
927 4573 966 4629 15.
994 4578 1070 4628 Auci.
1090 4578 1123 4628 de
1141 4577 1189 4627 uir.
1208 4578 1244 4630 iii.
1262 4574 1306 4630 ii.

224 4653 294 4707 ideas
310 4650 424 4706 Graecis
439 4648 546 4712 litteffe)
562 4650 602 4703 01.
620 4652 698 4702 Corn.
709 4649 768 4699 Cei.
785 4650 803 4701 i.
821 4664 845 4702 e.
864 4650 917 4701 Cic.
935 4649 993 4701 Cet.
1006 4648 1068 4701 mei.
1082 4644 1107 4707 1,
1125 4642 1156 4706 33
1175 4649 1251 4703 seed.
1265 4652 1368 4715 quaesi.

160 4730 191 4793 ii,
206 4725 231 4791 2,
247 4724 273 4784 ὃ.
297 4725 365 4783 riu.
383 4724 410 4776 h.
428 4738 455 4777 n.
473 4722 575 4783 xxix,
595 4718 619 4781 i,
638 4719 663 4774 7.
686 4722 774 4782 Quint.
791 4720 851 4780 xii,
871 4716 914 4781 ii,
931 4714 977 4772 2³.
999 4718 1067 4773 i’iut
1085 4720 1142 4774 Osi.
1159 4722 1225 4776 mai.
1244 4716 1277 4775 12
1289 4716 1369 4779 eidi.
