3409 5400
450 515 533 581 LIB.
554 513 645 593 VIII,
667 514 706 580 0.
729 515 761 591 b,
784 523 814 591 i.
838 513 918 580 it-
931 513 966 579 G.
991 514 1025 588 6,
1046 521 1075 590 ς.
1100 515 1130 580 1.
1144 539 1149 550 ¹
1334 512 1400 579 olii

96 787 99 827 1
154 801 254 883 ovi
281 801 404 883 oven
428 801 473 869 ru
496 799 610 868 nens
634 796 940 867 vmororsinr
961 793 1046 862 rrsr
1069 789 1399 862 oounrsnnvur.

96 1010 100 1045 i
267 1000 318 1064 Ne
341 1001 415 1066 iilos
439 1001 571 1088 quidem
594 1000 695 1064 latero
722 1001 901 1085 potiamur,
930 995 985 1084 qni
1013 1011 1096 1082 quoe
1126 991 1160 1054 in
1191 987 1264 1056 aliis
1296 983 1468 1055 oiddi-VI.

95 1111 104 1154 ¹
160 1119 293 1173 carnut
315 1111 380 1194 ipsi
403 1110 646 1176 commiserunt.

95 1224 104 1264 i
267 1215 303 1282 0.
328 1215 485 1289 licinius,
508 1217 707 1303 cognomine
729 1213 988 1301 Hoplomachus,
1013 1237 1032 1280 a
1053 1227 1201 1301 praetore
1224 1210 1443 1304 postulouiil.

95 1331 105 1375 ι·
134 1333 207 1386 out
244 1322 331 1406 patri
366 1341 427 1386 suo
461 1323 555 1386 bonis
584 1335 750 1410 tamquam
784 1343 825 1385 en
855 1320 1027 1406 dissipanti
1054 1322 1308 1388 interdiceretur.
1359 1323 1402 1387 Iit

97 1441 106 1504 ‚¹
165 1427 310 1514 quidem
335 1429 422 1515 qood
445 1432 583 1515 petierat
604 1430 807 1515 impetrauit,
836 1429 897 1492 scd
926 1429 998 1513 ipsc
1029 1448 1134 1512 'paruo
1157 1442 1233 1513 post
1256 1443 1400 1515 ternpore

100 1526 108 1591 i
166 1547 306 1598 mortuo
335 1557 415 1600 seno
443 1537 586 1623 amplam
615 1536 657 1601 nb
681 1557 720 1599 eo
749 1535 938 1612 †reiictem
964 1563 982 1598 ιι
1003 1562 1022 1597 e
1043 1563 1062 1599 ιι
1087 1533 1201 1598 fundis
1224 1561 1242 1596 ιι
1266 1559 1284 1594 ιι
1311 1536 1401 1598 festi-

95 1663 105 1703 s
168 1652 296 1704 nautor
318 1644 531 1729 consumpsit.
577 1643 709 1730 Dignus
732 1649 752 1719 †
775 1665 796 1706 o
818 1639 1045 1706 uicissitudine
1067 1661 1196 1726 poenno
1219 1640 1294 1715 fuir,
1322 1660 1401 1726 quo-

95 1770 109 1816 ιι
168 1748 268 1814 niam
290 1747 504 1816 hereditatem
528 1750 702 1814 absumere
726 1771 824 1836 quam
847 1747 1003 1812 heredem
1027 1746 1139 1812 moluit
1161 1745 1283 1812 toliere.

175 1905 202 1959 1.
223 1909 265 1959 De
284 1911 326 1960 bis
345 1912 389 1977 qui
408 1911 568 1960 comiserunt
587 1925 620 1960 en
640 1926 708 1976 qnos
727 1911 752 1961 io
773 1910 832 1959 eliis
852 1910 1052 1960 oiddieoueroni
1069 1906 1104 1961 Ε.
1116 1907 1131 1977 ΙΙ
1142 1907 1188 1975 IN]
1208 1923 1258 1960 ont.
1276 1905 1307 1962 Γ.
1320 1905 1334 1976 ΙΙ
1347 1909 1401 1961 oin·

107 1986 111 2005 ¹
173 1979 301 2031 dicarunt
319 1978 385 2034 Dr.
409 1981 644 2032 VINDICARANT
666 1980 729 2034 Por.
753 1977 952 2048 inscriptionem
976 1977 1053 2031 dubet
1071 1984 1130 2030 note
1147 1993 1190 2032 nn.
1209 1976 1260 2046 (i.)
1286 1982 1314 2032 C.
1332 1981 1401 2032 Lici·

172 2052 239 2101 nius
258 2049 287 2104 F.
304 2049 360 2119 112.
383 2054 566 2112 indicauerunt
587 2051 619 2104 F.
638 2050 651 2117 ΙΙ
669 2047 695 2102 3.
716 2053 878 2103 comiserunt
895 2050 928 2106 A.
947 2049 959 2121 ii
978 2049 1003 2104 i.
1028 2051 1053 2116 S.
1080 2048 1092 2101 I
1117 2065 1166 2104 om.
1190 2049 1221 2106 Γ.
1235 2051 1248 2122 i
1264 2053 1405 2112 Cornelius

175 2122 284 2172 licinius
308 2120 343 2176 Ε.
361 2121 374 2190 ΙΙ
390 2124 566 2188 hoplomscus
588 2119 718 2175 Actis.
741 2123 897 2186 opiooincus
916 2121 947 2178 F.
965 2121 978 2190 ΙΙ
994 2119 1020 2175 5.
1044 2125 1115 2172 bona
1136 2120 1237 2180 (redimo
1262 2122 1350 2176 littero
1372 2121 1401 2174 in

95 2215 101 2254 ι
174 2199 288 2249 resero)
305 2191 341 2245 D.
353 2192 414 2260 tien
431 2192 583 2259 dissipanti]
603 2195 778 2258 nedissipnnti
794 2206 839 2260 pr.
858 2191 889 2245 A.
914 2209 947 2244 en
969 2199 1040 2244 bons
1059 2193 1199 2256 dissipanti
1218 2193 1248 2247 F.
1266 2195 1280 2262 ΙΙ
1295 2193 1400 2244 interdi-

113 2313 114 2317 ,
176 2265 305 2315 ceremur
321 2263 357 2318 D.
372 2263 385 2332 ΙΙ
398 2265 433 2314 Et
451 2265 567 2331 qnidcrn]
591 2266 720 2331 Equidem
743 2262 956 2320 sensurae.
976 2265 988 2332 ΙΙ
1008 2264 1032 2318 i.
1052 2267 1087 2314 nb
1106 2263 1151 2329 ool
1174 2262 1237 2318 odd.
1262 2265 1400 2330 pecuniam

95 2326 116 2351 “’
177 2331 211 2386 F.
227 2331 240 2404 ΙΙ
255 2335 385 2403 reiiciarn]
404 2333 496 2386 nidmu
513 2334 562 2387 tiit.
581 2335 610 2386 in
627 2350 723 2386 rasura
741 2332 772 2387 Α.
786 2336 885 2386 reiicin
905 2333 933 2389 0.
954 2336 965 2405 ΙΙ
985 2358 1000 2389 ιι
1014 2357 1029 2386 ι
1044 2335 1134 2386 tondis
1147 2355 1162 2386 ιι
1176 2335 1201 2402 ιι]
1222 2337 1359 2398 pecuniam
1379 2329 1403 2386 F

101 2413 104 2418 “
178 2405 253 2457 etin
271 2419 367 2457 resero
385 2405 418 2457 A.
441 2407 532 2456 tondis
550 2423 575 2471 q.
594 2407 611 2458 i.
631 2408 711 2457 intem
732 2403 760 2457 0.
784 2407 948 2458 latifundium
967 2405 1003 2459 D.
1028 2407 1180 2456 breuitatem
1203 2405 1238 2459 E.
1261 2407 1400 2470 pecuniam

104 2482 108 2490 ’
177 2478 373 2543 ietiinndinqoe
393 2475 469 2528 Torr.
481 2473 532 2547 118=
550 2477 667 2546 Dignus}
689 2492 738 2529 om.
752 2491 798 2544 pr.
816 2475 848 2528 Α.
860 2475 873 2543 ΙΙ
890 2480 1090 2530 erricissitndino
1110 2491 1155 2544 pr.
1173 2475 1205 2530 A.
1229 2479 1282 2528 hec
1300 2477 1402 2526 uicissi-

178 2550 271 2600 tudine
290 2544 407 2600 CDEF
423 2553 448 2598 et
465 2562 535 2600 corr.
552 2546 584 2607 Α,
606 2546 682 2600 Torr.
694 2545 707 2614 ΙΙ
720 2563 788 2611 peno
809 2545 929 2603 CDEF.
942 2550 955 2617 ΙΙ
967 2551 1042 2600 offitii
1061 2545 1112 2600 ΟΕ
1117 2545 1145 2600 F.
1156 2546 1170 2616 ΙΙ
1181 2543 1206 2602 9.
1221 2561 1360 2598 assumere
1372 2543 1402 2599 F.

253 2692 297 2749 Vl.
313 2687 335 2743 i.
354 2687 502 2756 metictas»
519 2711 592 2742 ω
605 2686 739 2757 suedie*
754 2696 782 2753 ιι)
798 2691 873 2745 Haec
891 2694 975 2744 uerbo
993 2693 1018 2743 in
1037 2692 1172 2745 codicibus
1190 2693 1227 2745 ite
1245 2694 1403 2745 enimencs

182 2764 246 2814 sunt
264 2766 343 2829 atque
362 2765 456 2813 mutilo
474 2764 520 2812 not
537 2762 722 2828 interpotando
740 2765 897 2827 deprecato,
916 2766 953 2821 ni,
975 2780 1034 2814 cum
1053 2766 1163 2827 antiqno
1181 2766 1239 2815 iibri
1259 2764 1403 2815 Bemensis

118 2865 121 2872 ι
182 2836 316 2899 scripturn
333 2834 388 2904 legi
406 2836 460 2885 inm
479 2837 608 2897 nequest.
633 2836 660 2884 ni
678 2850 750 2885 noun
768 2835 949 2899 exemplorum
969 2837 1206 2900 manuscriptorum
1226 2835 1348 2887 subsidia
1365 2835 1403 2884 in·

182 2907 332 2963 uenientnr.
352 2921 443 2957 uerum
462 2907 618 2975 indagatum
636 2906 669 2955 iri
688 2908 794 2957 omnino
808 2907 958 2971 desperem.
995 2907 1117 2957 Proxime
1131 2909 1248 2958 tortasse
1262 2908 1297 2957 ed
1310 2906 1403 2957 arche·

96 3003 100 3008 -
183 2982 276 3043 typum
296 2978 413 3027 codicem
432 2978 561 3027 hocloco
580 2993 649 3027 nrrnc
668 2979 771 3028 accedit
789 2977 857 3027 niter
869 2978 1049 3029 Beroiineosis
1060 2975 1114 3037 (C).
1135 2980 1231 3044 quippe
1245 2980 1273 3029 in
1287 2993 1338 3044 quo
1351 2992 1403 3028 non

102 3105 118 3118 μ
184 3050 333 3101 inteiiectss
351 3050 454 3099 litteras
473 3049 539 3098 nihii
557 3052 664 3098 metens
682 3049 806 3099 librarius
825 3050 979 3112 depinxisse
1003 3050 1136 3109 uidentur.
1162 3064 1274 3116 cumque
1293 3064 1327 3101 ex
1345 3048 1403 3099 eius

96 3117 120 3188 ξι·
185 3120 301 3185 reliqniis
320 3121 468 3170 ceterorum
487 3120 668 3183 exemplorum
691 3120 873 3184 discrepantis
897 3121 975 3171 teciie
998 3121 1151 3185 explicetur.
1197 3122 1260 3172 inde
1283 3121 1353 3171 enim
1377 3120 1404 3169 in

105 3176 122 3234 ⁹⁴.
185 3192 245 3240 niiis
263 3191 327 3239 titud
337 3187 496 3254 socnitotm
513 3191 540 3238 in
559 3191 620 3239 eliis
637 3188 839 3258 latifundium,
858 3193 1080 3253 quemadmodum
1093 3195 1165 3243 recte
1177 3193 1236 3242 sine
1249 3192 1328 3242 dubIo
1341 3205 1405 3255 sup·

100 3258 122 3290 '³'
185 3262 282 3325 pletum
301 3264 345 3310 est
361 3274 483 3309 mancum
503 3261 661 3310 uocabulum
673 3259 775 3325 suedia
793 3276 818 3327 q.
854 3262 941 3327 Atque
958 3277 993 3313 ne
1011 3262 1073 3312 iliud
1091 3264 1195 3327 quidem
1215 3265 1403 3326 spernendum.

96 3340 98 3372 :
186 3332 255 3393 qnod
278 3331 417 3380 ePsridis
441 3331 597 3394 compendio
623 3332 718 3380 asciuit
740 3332 895 3382 emendator
919 3332 977 3382 iibri
1001 3335 1158 3390 tiernensis.
1183 3331 1295 3399 emptum
1317 3330 1350 3382 nb
1374 3346 1404 3381 eo

187 3400 304 3453 relictos»
321 3399 470 3470 pecuniam.
517 3403 592 3459 Quae
616 3402 641 3450 si
664 3404 866 3465 epitomatorem
892 3418 951 3451 cnm
974 3404 1083 3465 reliquis
1107 3405 1196 3453 uerbis
1221 3419 1236 3453 e
1259 3402 1404 3453 Valeriane

188 3474 313 3524 relatione
332 3473 459 3521 hausisse
478 3472 629 3527 credemus.
648 3475 717 3537 qnod
735 3488 789 3521 non
806 3474 934 3522 sbirorrci
951 3488 968 3521 n
988 3474 1221 3529 uerisimilitudinc.
1239 3474 1296 3523 fleri
1313 3475 1405 3537 potest

124 3604 127 3614 Ι
189 3547 215 3595 ut
232 3544 356 3593 veterius
376 3544 437 3592 oiirn
456 3543 593 3605 scripserit
611 3540 723 3608 amptum
742 3540 775 3591 ab
793 3557 823 3593 eo
840 3540 959 3594 relictam
966 3541 1107 3610 pecuniam
1119 3539 1319 3611 tannndioque,
1339 3560 1402 3610 qno·

96 3617 109 3672 ³¹¹,
189 3616 265 3665 modo
284 3616 310 3662 io
330 3614 448 3682 uuigotis
473 3614 631 3663 editionibus
655 3613 837 3663 circumfertur
859 3614 920 3663 indo
944 3630 961 3663 n
986 3614 1088 3681 Pighio.
1134 3614 1226 3676 Neque
1249 3628 1315 3665 snos
1333 3628 1403 3666 nunc

188 3687 272 3736 beben
291 3687 361 3747 quod
379 3686 432 3735 iiiis
450 3685 618 3749 praeferam
638 3686 686 3734 sed
705 3685 732 3733 in
744 3699 773 3734 rc
792 3686 860 3735 odeo
879 3686 981 3735 incerto
993 3688 1072 3750 ntqno
1091 3686 1171 3735 (iobis
1189 3700 1296 3737 menum
1314 3687 1402 3750 potins

96 3771 105 3792 r
188 3758 313 3808 abstineo.

103 3818 118 3896 χ’
255 3824 359 3893 Dipsns
375 3829 392 3891 †
411 3842 428 3877 o
446 3823 628 3877 uicissitudine
644 3833 754 3893 poenae)
772 3828 874 3877 Omnes
887 3829 993 3877 codices
1005 3831 1112 3890 praetor
1124 3829 1286 3879 iternensem
1306 3830 1333 3879 ct
1349 3828 1402 3879 edi-

97 3898 121 3973 ἦ
190 3903 270 3951 tiones
288 3901 396 3963 praeter
413 3899 597 3966 Mogoniinnrn
617 3899 743 3949 exhibent
759 3894 864 3963 Dipone
880 3896 929 3951 inc
946 3895 1135 3951 uicissitudine.
1172 3900 1247 3961 erod
1267 3900 1403 3951 Perizonio

191 3976 339 4035 suspectum
358 3973 424 4027 erni.
444 3972 508 4019 mibi
526 3970 598 4020 nuiio
616 3971 694 4018 modo
714 3970 850 4019 ferendum
871 3972 981 4022 uidetur.
1018 3973 1153 4031 Quaenam
1168 3972 1237 4021 enim
1256 3972 1282 4021 in
1294 3986 1403 4035 preces-

98 4052 103 4080 1
192 4042 308 4093 dentibus
326 4056 430 4105 pocnne
450 4042 606 4091 uicissitudo
619 4044 827 4091 commemorota
839 4046 890 4099 cst.
910 4040 943 4089 ed
958 4055 1037 4107 quern
1051 4043 1200 4107 respiciens
1212 4043 1305 4091 nneior
1317 4042 1405 4093 dicere

192 4113 299 4179 potuerit
321 4110 371 4162 doc
394 4108 599 4163 uicissitudine?
631 4112 684 4161 Aut
707 4113 766 4178 quis
790 4110 840 4161 doc
863 4109 1044 4165 uicissitudine
1068 4114 1182 4175 positum
1206 4114 1339 4177 poisuerit
1357 4129 1405 4177 pro

95 4166 129 4228 i--s'
192 4180 366 4235 uicissitudine
388 4181 460 4233 iiten
479 4179 605 4250 poenae?
636 4183 721 4233 Nemo
740 4180 873 4247 protecto!
901 4184 1019 4233 Monimo
1044 4188 1131 4234 mrtem
1156 4188 1246 4235 errent
1276 4185 1318 4249 qni
1345 4199 1404 4232 cnm

99 4291 101 4301 ι
119 4287 121 4295 ,
192 4257 290 4321 Knppio
310 4256 515 4320 interpretentur
527 4254 655 4304 Licinium
668 4256 782 4305 eandem
794 4270 909 4317 poenum
929 4258 1008 4319 nique
1022 4258 1122 4319 patrem
1137 4271 1170 4305 eo
1189 4257 1314 4311 subiisse,
1334 4254 1404 4320 quod

95 4339 106 4372 s
194 4329 318 4391 dissipate
336 4328 406 4377 omni
425 4342 454 4375 re
472 4326 596 4375 inmiiinri
614 4327 667 4374 inm
687 4327 789 4388 etipse
808 4326 897 4389 inopie
912 4330 1085 4388 premeretur.
1122 4326 1190 4375 Nom
1209 4339 1305 4389 poene,
1324 4338 1403 4388 quem

195 4400 304 4447 uicissim
323 4398 368 4447 iiie
386 4400 546 4455 merebatur,
565 4412 600 4446 ce
618 4399 676 4445 ersi
695 4398 722 4444 ut
739 4398 799 4459 ipse
817 4410 922 4461 quoquo
941 4398 1162 4458 quemadmodum
1181 4397 1256 4459 pater
1271 4395 1347 4444 bonis
1365 4394 1403 4443 in·

193 4469 364 4519 terdicereiur.
406 4468 459 4517 Sed
484 4482 519 4517 ne
538 4468 667 4517 Perizonii
690 4468 796 4529 quidem
819 4469 972 4517 coniectura
995 4467 1140 4522 sniisincii.
1164 4466 1323 4529 praesertIm
1343 4480 1402 4513 eum

195 4540 266 4606 longo
284 4539 355 4589 eliud
374 4541 489 4589 sundere
508 4540 629 4589 uidentur
646 4540 731 4587 codex
742 4538 896 4597 Berncnsis,
915 4538 1030 4587 omnium
1042 4538 1120 4603 longe
1132 4537 1257 4600 optimus.
1292 4536 1402 4587 iioiiem

195 4610 307 4671 equidem
330 4601 436 4675 Dipone
457 4622 521 4660 enee
542 4604 725 4659 uicissitudine
746 4609 790 4659 uei
813 4605 919 4673 Dipsas
942 4612 1027 4658 ostem
1049 4602 1231 4657 sideritedire
1252 4607 1297 4657 nei
1314 4606 1402 4657 simiis

196 4682 293 4743 niquis.
313 4695 473 4745 quemquem
493 4680 573 4729 etiem
592 4681 626 4730 rie
644 4681 776 4731 adiectino
788 4676 894 4745 Dipteros
911 4678 1024 4728 dubim-i
1038 4678 1135 4741 potest,
1155 4678 1224 4742 quoti
1242 4678 1400 4743 reliquorum

197 4766 320 4804 consensu
337 4752 560 4811 commendatum,
579 4752 701 4802 deestis
718 4751 810 4801 codice
827 4750 873 4801 iiio
884 4749 1022 4801 Bernensi.
