3409 5400
494 432 605 504 12113.
628 436 718 518 VIII,
741 441 777 509 Ο.
802 443 834 520 3,
857 451 886 520 s.
911 445 941 512 3.
955 446 1049 511 -G.
1072 447 1103 525 4,
1128 457 1156 524 §-
1182 451 1212 516 3.
1416 453 1481 520 eit

263 583 325 655 Μ.
374 591 502 681 Agrii
547 603 735 689 argentarii
768 623 885 668 seruus
922 603 1108 672 Alexander
1140 608 1181 676 A.
1211 610 1316 676 Fanni
1349 633 1481 678 seruum
1494 612 1524 677 l.

103 743 109 750 .
135 688 371 807 *oceidisse
402 699 740 784 insimulantes,
769 730 875 796 eoque
902 713 1035 776 nomine
1064 723 1167 778 tortus
1192 737 1213 778 a
1244 715 1393 792 domino,
1422 719 1481 783 ad·

112 797 334 884 qrnrsisse
370 805 418 869 id
455 809 611 878 facinus
641 817 907 884 constantissime
941 817 1161 886 adseuernuit.
1215 819 1327 908 ltaque
1355 822 1480 889 Fannio

110 897 333 1017 2·‹·Ieeiituls
365 915 573 1001 supplicio
597 921 745 986 adiectus
770 934 829 989 est.
885 923 1027 988 Paruulo
1060 924 1177 989 deinde
1208 938 1353 1014 tempore
1380 930 1479 993 inter·

94 1076 121 1099 ..
168 1017 277 1072 recto
305 1012 376 1078 ille
408 1022 529 1089 euius
557 1027 598 1090 de
621 1049 702 1092 nece
725 1028 884 1094 creditum
908 1041 986 1104 erat,
1011 1029 1145 1096 domum
1168 1032 1274 1096 rediit.

106 1205 147 1214 ¹·
202 1217 211 1231 ·
288 1115 448 1190 Contra
484 1127 533 1195 P.
561 1133 663 1197 Atinii
692 1155 809 1198 seruus
832 1134 1034 1212 Alexander,
1065 1160 1138 1202 eum
1166 1139 1199 1202 in
1229 1137 1342 1218 [hane]
1370 1135 1519 1226 περὶ-2.

111 1315 124 1322 ξ
177 1238 345 1290 etonem
380 1231 427 1298 Ο.
458 1233 579 1304 Flauii
607 1241 724 1327 equitis
748 1241 890 1307 Romani
919 1244 1020 1306 eccisi
1049 1245 1219 1320 uenisset,
1239 1246 1346 1310 sexies
1375 1255 1477 1311 tortus

109 1406 151 1431 .·.
178 1337 432 1419 pernegauit
478 1345 514 1408 ei
549 1368 587 1410 se
620 1346 735 1433 eulpae
763 1348 904 1413 adfinem
936 1350 1050 1416 fuisse.
1109 1349 1178 1414 Sed
1211 1351 1345 1436 perinde
1380 1363 1477 1439 atque

186 1436 411 1509 confessus
441 1461 482 1514 et
506 1475 528 1517 a
550 1453 713 1518 iudicibus
738 1454 913 1519 damnatus
938 1465 969 1518 et
995 1477 1016 1519 a
1044 1453 1082 1522 L.
1107 1453 1284 1540 Calpurnio
1308 1459 1476 1531 triumuiro

152 1538 233 1603 ·⁰in
262 1564 429 1616 crucem
460 1570 558 1624 aetus
581 1570 641 1626 est
1403 1555 1410 1569 ⁸
1437 1556 1446 1572 ’

304 1651 409 1723 Item
436 1660 559 1729 Fuluio
582 1665 702 1730 Flaeee
726 1687 862 1730 eausam
887 1667 1015 1732 dieente
1038 1665 1225 1753 Philippus,
1250 1687 1368 1734 seruus
1393 1671 1474 1748 eius,
1485 1669 1517 1734 3.
1614 1745 1620 1754 1

195 1754 240 1818 'm
269 1780 350 1846 quo
381 1777 464 1834 tota
486 1773 636 1858 quaestio
657 1773 830 1848 nitebatur,
853 1773 956 1838 octies
980 1785 1083 1837 tortus
1105 1773 1227 1838 nullum
1244 1776 1377 1840 omnine
1401 1797 1473 1841 uer·

199 1859 312 1943 bum,
341 1891 423 1958 quo
452 1877 606 1944 deminus
630 1880 918 1967 perstringeretur,
941 1880 1063 1956 emisit,
1092 1891 1123 1944 et
1150 1891 1260 1946 tamen
1282 1903 1358 1948 reus
1381 1881 1473 1948 dam·

213 2128 241 2213 I..
265 2135 311 2189 M·
335 2135 437 2211 Agrii]
463 2145 556 2213 Magni
579 2141 609 2197 F.
634 2146 670 2197 M.
693 2144 798 2205 (enare
823 2144 910 2214 Agrii)
931 2143 962 2199 Γ.
979 2143 992 2213 ΙΙ
1010 2161 1116 2198 seruum
1135 2160 1205 2198 eurr.
1223 2143 1261 2198 D.
1278 2145 1292 2215 ΙΙ
1308 2147 1471 2216 Alexander]

212 2201 339 2261 litterae
368 2227 406 2263 er
430 2215 459 2265 r'a
481 2227 580 2266 rasura
600 2213 667 2268 AD.
691 2217 829 2269 alexandri
855 2214 975 2269 OEFI'.
1000 2217 1179 2268 Alexandrum
1200 2213 1276 2269 Terr.
1293 2217 1307 2284 ΙΙ
1324 2219 1354 2271 A.
1374 2219 1471 2286 Fanni]

215 2277 323 2330 rorant
347 2279 446 2340 ΟΠ,
461 2300 506 2354 pr.
525 2283 548 2336 A
567 2291 593 2337 ei
609 2285 659 2336 tiu.
678 2302 710 2336 ra
727 2285 756 2337 in
773 2301 871 2338 rasura
888 2285 925 2339 D.
949 2288 1054 2337 raianni
1072 2295 1141 2339 cerr.
1165 2285 1196 2339 A.
1215 2287 1280 2336 lanii
1298 2285 1332 2340 E.
1355 2291 1383 2341 0.
1402 2289 1472 2340 Fau·

117 2389 140 2428 ·..·
215 2347 260 2396 nii
285 2346 381 2407 Turr.
395 2353 447 2421 112.
465 2355 620 2422 admisisse]
641 2353 703 2406 edd.
722 2371 754 2408 se
771 2354 798 2408 Γ
814 2361 841 2408 et
857 2371 926 2410 eurr.
945 2355 981 2414 D.
1004 2355 1079 2410 Terr.
1111 2354 1172 2408 Vid.
1191 2353 1228 2407 ud
1244 2353 1310 2410 llll.
1333 2355 1358 2414 l.
1378 2363 1427 2410 eat.
1446 2356 1471 2410 I.

232 2416 294 2486 114.
316 2427 372 2474 eet
392 2425 622 2494 affectualium
641 2425 1070 2495 eulae1pertdeE.lldeneee
1091 2441 1140 2480 ern.
1159 2424 1217 2496 An
1236 2424 1262 2480 ii.
1282 2428 1388 2494 Contra]
1408 2425 1471 2480 add.

221 2493 331 2544 autem
354 2495 395 2548 Ε.
419 2501 565 2564 contraque
586 2495 615 2550 F.
632 2494 647 2563 ΙΙ
664 2498 693 2550 Ρ.
712 2498 802 2565 Atinii}
825 2496 867 2550 rie
888 2497 951 2552 Pur.
976 2500 1067 2564 petinii
1091 2496 1120 2548 in
1137 2512 1235 2549 rasura
1250 2494 1282 2549 A.
1307 2498 1394 2548 raianl
1413 2495 1471 2550 Cl'.

223 2561 302 2614 lanii
324 2563 394 2621 EF.
414 2568 508 2620 Fannii
526 2565 641 2620 DTerr.
652 2565 667 2633 ΙΙ
679 2568 786 2636 seruus}
805 2568 834 2619 ia
851 2575 949 2620 rasura
966 2568 997 2621 A.
1009 2570 1023 2637 ΙΙ
1034 2569 1103 2620 trane
1121 2583 1171 2620 em.
1184 2567 1247 2621 Per.
1268 2564 1344 2620 Terr.
1356 2563 1406 2636 117.
1426 2583 1470 2619 ue·

223 2633 341 2705 nisset]
364 2643 425 2690 aete
443 2641 470 2691 c.
489 2639 575 2690 uteret
592 2636 649 2707 1111
661 2635 686 2693 9.
705 2639 859 2707 damnatas}
879 2637 941 2694 add.
960 2643 1002 2691 est
1020 2638 1056 2692 D.
1071 2639 1083 2711 ΙΙ
1097 2653 1115 2689 a
1126 2653 1176 2690 era.
1187 2637 1222 2691 Ε.
1235 2635 1248 2706 ΙΙ
1260 2638 1389 2689 catini-nie
1406 2633 1470 2693 EF.

241 2703 256 2773 i]
277 2704 326 2763 ii.
348 2711 425 2762 Idem
443 2708 475 2763 F.
486 2710 501 2778 Η
512 2726 623 2762 eausam
641 2726 691 2767 cnr.
710 2709 741 2765 Γ.
755 2710 769 2779 ΙΙ
785 2708 825 2763 12
844 2714 1000 2763 uertebatur
1015 2710 1073 2773 (red
1090 2709 1139 2763 titt.
1160 2725 1207 2761 uer
1224 2708 1253 2762 ia
1270 2715 1377 2765 rasura)
1393 2706 1431 2763 D.

118 2954 144 3033 ‘j
231 2956 343 3013 irriase.
383 2960 481 3010 Valerii
504 2961 622 3013 edItoree
645 2961 767 3032 nimirem
790 2962 897 3013 minime
916 2963 968 3013 sibi
987 2962 1168 3019 constiterunt,
1191 2960 1271 3013 modo
1296 2958 1470 3009 absdndendi

132 3036 145 3070 .·
233 3032 327 3082 mode
346 3033 505 3081 absclrtendl
523 3033 643 3088 uerbum.
663 3036 740 3095 prout
757 3033 840 3091 libuit,
859 3034 1052 3097 praeiereniea.
1095 3033 1150 3081 Nes
1174 3032 1282 3099 codices
1303 3030 1388 3081 aeeatl
1405 3028 1470 3079 illud

123 3118 133 3147 ι
235 3105 315 3165 quod
337 3118 356 3151 a
374 3104 511 3152 eaederuio
529 3104 663 3153 deriuatur
681 3105 868 3154 reuoceulmus
887 3106 906 3161 1.
928 3101 951 3161 l.
973 3099 1014 3156 18.
1033 3104 1065 3160 ll.
1086 3100 1110 3160 t.
1129 3097 1154 3153 11.
1174 3100 1218 3157 ill.
1237 3098 1263 3159 8,
1282 3094 1308 3151 3.
1330 3102 1361 3157 V.
1384 3098 1406 3155 i.
1427 3096 1470 3151 lu.

235 3172 288 3291 pig,
314 3171 411 3293 isaerpi.
429 3169 456 3224 2.
479 3172 528 3229 Vl.
547 3169 577 3230 2,
599 3170 641 3225 lu.
664 3174 708 3232 vt.
727 3169 753 3233 4,
770 3171 797 3227 3.
822 3176 878 3233 Vll,
898 3173 927 3234 1,
951 3180 1006 3229 ext.
1028 3171 1054 3226 l.
1078 3174 1130 3232 lx,
1148 3170 1180 3231 2,
1205 3169 1216 3224 1
1238 3175 1266 3222 et
1282 3168 1309 3222 2.
1332 3171 1379 3231 tx,
1397 3167 1423 3228 i,
1442 3166 1469 3221 2.

284 3276 293 3301 .
352 3278 359 3297 .
412 3245 463 3293 etc.

320 3312 377 3369 1111.
394 3310 416 3365 i.
425 3309 574 3363 sanun
581 3311 614 3365 A.
624 3310 836 3376 Faaatreraan)
858 3315 992 3367 Valeriani
1003 3316 1109 3365 codices
1119 3316 1147 3364 et
1158 3314 1237 3363 editio
1248 3311 1407 3379 Mogentlna
1415 3311 1468 3360 tra·

129 3406 144 3456 3
242 3386 315 3435 dunt
336 3380 482 3433 Alexandri
504 3382 597 3448 rasari
623 3398 734 3436 eman.
780 3390 857 3447 Quae
883 3386 1023 3436 emendant
1048 3386 1151 3434 Paridis
1175 3384 1319 3445 epitomem
1348 3382 1468 3431 asenias.

117 3452 142 3532 J,
245 3456 370 3519 Apparet
387 3458 475 3503 autern
495 3454 630 3503 librarium
650 3457 791 3519 archetypi
809 3457 923 3511 codicis.
947 3470 1008 3504 erim
1032 3453 1211 3517 praenominis
1235 3452 1300 3501 neta
1322 3450 1470 3501 cecinisset

246 3542 310 3575 eum
329 3525 434 3574 nomiae
459 3526 486 3574 et
503 3525 676 3574 adhaesisset
701 3526 793 3575 ultima
814 3526 999 3589 praecedentis
1022 3524 1144 3574 uocabuli
1163 3522 1265 3579 littera.
1290 3524 1330 3571 ita
1347 3524 1375 3571 ni
1393 3522 1469 3571 lieret

247 3592 398 3647 Alexander·
421 3592 528 3660 rasanr'.
558 3595 690 3663 gliscente
717 3596 871 3658 corruptela
893 3596 1072 3644 Alexandrum
1101 3594 1232 3658 quendam
1257 3592 1388 3642 linianum
1416 3592 1468 3642 sibi
1525 3584 1528 3595 '

251 3669 376 3724 linxisse.
398 3667 473 3715 euius
492 3679 599 3715 seruum
619 3682 636 3714 a
654 3667 692 3716 M.
711 3666 784 3733 Agrii
802 3678 882 3714 seruo
900 3667 1017 3715 occisum
1036 3664 1149 3727 peteret.
1191 3663 1319 3725 Reliquae
1338 3662 1467 3713 editiones

251 3742 351 3788 tantum
374 3752 427 3786 non
449 3750 543 3786 omnes
568 3739 595 3786 et
617 3738 766 3786 nouissima
787 3738 912 3799 exempla
935 3736 1073 3785 arbitraria
1097 3748 1208 3799 prorsus
1230 3736 1267 3785 lis
1286 3736 1354 3785 haee
1372 3734 1467 3784 eonsti-

254 3811 364 3865 taerent.
381 3804 558 3857 Alexandrum
578 3805 607 3858 C.
623 3809 679 3865 (nei
699 3805 740 3863 Τ.)
757 3803 856 3857 Fannii
871 3821 983 3858 seruum.

321 3875 347 3929 2.
365 3877 394 3929 P.
412 3875 507 3936 Atinii)
534 3879 591 3927 lloc
614 3894 718 3943 qrroqee
737 3894 754 3928 a
772 3877 867 3927 Paride
887 3882 942 3935 est,
968 3893 1026 3927 earn
1050 3878 1172 3927 librorum
1192 3877 1394 3927 Valerieuorum
1411 3886 1467 3927 me·

253 3953 331 4002 liores
355 3950 466 3998 eundem
491 3949 636 4006 linianum.
666 3951 812 4000 deteriores
835 3948 964 3999 Fannium
988 3950 1114 4012 prodant,
1142 3950 1233 4013 proenl
1257 3950 1336 3998 darbia
1359 3949 1468 4011 propter

253 4022 415 4086 praeeedens
434 4022 594 4082 exemptum.
613 4021 677 4081 qnia
694 4023 762 4070 idern
781 4020 834 4071 illic
846 4020 946 4069 seruile
958 4034 1063 4084 qrroqne
1079 4020 1221 4069 Alexandri
1239 4034 1335 4071 nemen
1354 4020 1468 4083 ponttur.

254 4092 422 4143 lieeentiores
441 4092 619 4158 grammatici,
638 4093 681 4155 qul
701 4092 821 4140 Paridem
841 4106 893 4140 non
913 4094 1050 4145 uerterant.
1071 4092 1228 4140 deteriorem
1252 4092 1370 4141 codicum
1394 4088 1468 4139 testi·

254 4164 365 4213 menium
384 4163 501 4224 amplexi
526 4164 596 4210 seret.
641 4162 744 4211 Paridis
768 4165 857 4212 autem
883 4164 1040 4226 serIpiurnrn
1065 4176 1115 4210 non
1141 4164 1213 4211 reete
1237 4163 1339 4229 legisse
1364 4162 1469 4209 uidetur

255 4235 405 4285 emunetator
424 4233 481 4281 litrri
500 4232 659 4292 tiernensis,
677 4248 736 4282 cern
755 4249 804 4297 pro
823 4246 857 4283 ca
876 4235 901 4283 in
920 4248 1017 4283 rasura
1035 4238 1159 4283 exararet
1179 4230 1286 4299 petinii.
1328 4232 1384 4280 lam
1403 4242 1470 4278 uere
1550 4292 1551 4295 Ἴ

253 4308 365 4369 ineptam
384 4302 459 4351 ilium
478 4304 687 4354 coniunctionem
707 4304 785 4354 huius
804 4306 919 4368 exempli
939 4320 996 4354 curn
1016 4305 1103 4366 priore
1121 4317 1231 4353 eausam
1244 4302 1365 4353 extitisse
1377 4299 1471 4355 credo,

254 4392 296 4426 cur
314 4375 456 4424 adderetur
474 4374 554 4437 piane
571 4375 684 4425 otlosurn
705 4378 732 4425 et
749 4378 907 4425 contrarium
926 4390 1072 4439 prenomen
1090 4373 1165 4433 Iane,
1188 4374 1257 4439 qued
1276 4372 1344 4421 idem
1363 4370 1408 4431 qai
1426 4380 1472 4418 re·

255 4450 321 4513 tique
344 4444 460 4508 eorrupit
483 4444 617 4497 adleeIsse
642 4447 757 4505 nidenrr,
788 4448 985 4515 significaturus
1011 4448 1123 4496 eandem
1152 4444 1330 4507 suspicionem
1353 4439 1477 4490 heminis

254 4518 341 4574 ecclei,
360 4517 394 4565 de
413 4530 466 4580 que
483 4529 567 4579 supra
584 4518 682 4567 dietam
700 4520 772 4575 erat.
794 4532 845 4568 nee
864 4518 1079 4568 animaduertere
1098 4529 1194 4565 nomen
1212 4514 1270 4563 elue
1289 4511 1403 4561 heminis
1423 4524 1479 4573 ap-

255 4590 364 4655 positum
383 4598 456 4636 ease.
492 4587 627 4651 ldapunxit
642 4588 744 4653 primm
763 4588 876 4661 Pi3trius
895 4603 987 4639 necem
1007 4586 1141 4656 spuriam,
1161 4600 1229 4653 qnae
1247 4600 1264 4633 a
1282 4582 1386 4633 Paridis
1405 4596 1483 4650 quo·
1518 4596 1520 4601 ’

254 4674 302 4729 qne
319 4659 434 4727 epitome
452 4657 541 4709 altena
560 4660 611 4709 est.
