3409 5400
590 482 674 553 LlB.
697 484 771 566 Vll,
796 488 833 556 G.
857 490 889 567 3,
911 500 941 569 s.
966 493 1084 560 1-2.
1391 500 1456 567 551

105 683 108 709 .
219 650 304 714 eius
325 651 433 736 patria
455 650 552 715 totius
576 658 735 716 terrarum
758 649 847 716 orbis
865 651 1040 737 imperium
1057 654 1224 722 obtineret.
1270 656 1391 722 Laetus
1417 680 1455 723 eo

220 753 386 821 dominus
421 758 541 822 bouem
579 778 709 823 summa
746 778 820 821 cum
854 757 1065 823 festinatione
1100 759 1242 825 Romam
1281 774 1388 828 aetam
1421 765 1456 828 in

220 861 395 927 Auentino
419 880 495 927 rente
517 884 610 927 aram
623 860 752 927 Dianae
775 865 950 940 constituit,
974 866 1134 929 sacrificio
1151 866 1284 931 Sabinis
1307 870 1457 953 regimen

220 966 368 1033 humani
391 970 523 1056 generis
546 968 691 1035 daturus.
737 968 786 1031 De
802 990 868 1055 qua
884 990 918 1033 re
934 971 1070 1035 antistes
1093 971 1202 1055 templi
1220 972 1337 1034 certior
1348 973 1455 1038 sactus

194 1073 424 1161 irreligionem
456 1072 579 1160 hospiti
607 1073 712 1138 intulit
738 1094 779 1137 ne
808 1075 900 1160 prius
927 1076 1093 1141 uictimam
1126 1076 1278 1141 caederet
1300 1098 1399 1163 quam
1422 1099 1455 1142 se

222 1182 382 1265 proxima
404 1170 492 1267 adua
519 1179 691 1256 abluisset,
721 1202 826 1268 eoque
858 1181 987 1245 alueum
1012 1181 1138 1248 Tiberis
1165 1194 1293 1269 petente
1316 1204 1455 1248 uaccam

223 1287 303 1371 ipse
331 1287 513 1351 immolauit
541 1298 574 1351 et
600 1286 714 1351 urbem
742 1299 890 1352 nostram
920 1299 964 1352 tot
995 1289 1195 1365 ciuitatium,
1229 1300 1275 1353 tot
1307 1289 1454 1377 gentium
1511 1355 1521 1375 .

224 1390 405 1455 dominam'
420 1395 474 1479 pio
498 1393 651 1457 sacrificii
674 1393 760 1456 furto
784 1392 937 1458 reddidit.

320 1495 395 1578 Quo
418 1500 451 1562 in
475 1518 597 1585 genere
621 1498 781 1563 acuminis
804 1501 838 1563 in
855 1500 968 1585 primis
987 1499 1099 1567 Iunius
1116 1502 1236 1567 Brutus
1259 1500 1451 1567 referendus
1462 1501 1492 1569 2.

96 1669 97 1692 ,
183 1614 290 1673 west.
335 1600 421 1667 Nam
444 1626 518 1669 cum
541 1625 563 1667 a
585 1624 664 1691 rege
688 1604 876 1691 Tarquinio,
899 1605 1061 1671 auunculo
1086 1629 1158 1683 suo,
1182 1628 1313 1672 omnem
1335 1608 1453 1673 nobili·

225 1709 303 1774 tatis
326 1708 470 1775 indolem
494 1712 624 1797 excerpi
646 1712 792 1798 interque
816 1724 944 1778 ceteros
968 1714 1065 1778 etiam
1083 1714 1215 1779 fratrem
1233 1736 1341 1789 suum,
1365 1712 1454 1800 quod

226 1816 405 1903 uegetioris
430 1818 556 1903 ingenii
586 1828 669 1892 erat,
698 1819 903 1883 interfectum
932 1818 1221 1896 animaduerteret,
1254 1820 1384 1885 obtunsi
1415 1840 1452 1883 se

226 1920 339 1986 cordis
363 1942 438 1987 csse
462 1925 627 1990 simulauit
650 1944 753 2011 euque
776 1925 910 1991 fallacia
925 1926 1087 1990 maximas
1110 1926 1243 1991 uirtutes
1260 1946 1340 1991 suas
1364 1926 1451 1992 texit.

227 2030 401 2095 Profectus
425 2031 523 2095 etiam
544 2029 693 2117 Delphos
716 2052 791 2095 cum
815 2030 982 2119 Tarquinii
1006 2031 1095 2108 tiliis,
1124 2054 1206 2119 quos
1229 2034 1259 2098 is
1284 2033 1327 2097 ad
1350 2030 1451 2118 Apol·

189 2159 217 2203 ts
226 2136 328 2202 linem
341 2136 492 2224 Pythium
506 2137 694 2201 muneribus
708 2149 740 2199 et
751 2138 921 2202 sacrifieiis
934 2137 1164 2203 honorandum
1175 2139 1319 2214 miserat,
1335 2158 1451 2202 aurum

227 2244 292 2307 deo
315 2244 445 2307 nomine
470 2242 549 2307 doni
571 2242 656 2306 clam
671 2254 788 2306 cauato
803 2242 921 2308 baculo
938 2244 1099 2309 inclusum
1116 2244 1195 2319 tulit,
1219 2246 1296 2331 quia
1319 2242 1453 2308 timebat

227 2370 271 2414 ne
301 2349 365 2413 sibi
393 2347 533 2413 caeleste
562 2370 683 2413 numen
711 2359 827 2433 aperta
853 2349 1045 2415 liberalitate
1075 2352 1225 2415 uenerari
1254 2361 1355 2412 tutum
1385 2368 1451 2412 non

228 2464 328 2520 esset.
372 2453 520 2519 Peractis
543 2453 662 2517 deinde
685 2454 851 2521 mandatis
873 2457 976 2543 patris
1000 2456 1185 2541 Apollinem
1212 2456 1349 2518 iuuenes
1373 2474 1451 2517 con·

228 2560 398 2633 suluerunt
421 2561 573 2647 quisnam
598 2580 638 2625 ex
658 2562 742 2647 ipsis
765 2561 893 2626 Romae
916 2574 1113 2650 regnaturus
1137 2560 1309 2626 uideretur.
1356 2558 1399 2622 At
1420 2561 1450 2624 is

86 2669 87 2676 '
192 2687 332 2755 topeoes
356 2688 431 2732 eum
454 2688 618 2732 summam
636 2667 731 2733 urbis
747 2678 880 2734 nostrae
896 2678 1090 2754 potestatem
1105 2669 1248 2734 futuram
1271 2664 1450 2752 respondit,

229 2776 382 2864 quiante
404 2794 520 2840 omnes
543 2776 639 2840 matri
661 2773 811 2839 osculum
840 2775 995 2841 dedisset.
1054 2775 1135 2839 Tum
1166 2773 1286 2839 Brutus
1314 2771 1451 2860 perinde

234 3004 403 3070 liemarum]
415 3019 464 3055 om.
475 3001 500 3056 F
501 3004 562 3058 Pur.
569 3009 633 3074 pest
640 3007 713 3057 orbis
722 3002 770 3076 Fit
779 3006 892 3074 Laetus]
903 3007 979 3058 actus
990 3003 1065 3074 nnn.
1075 3005 1184 3072 bouem]
1197 3021 1306 3056 miceam
1316 3001 1352 3056 D.
1364 3002 1378 3069 ΙΙ
1389 3019 1449 3054 cum

231 3093 335 3130 summa
344 3073 467 3129 DFPur.
475 3074 488 3146 Η
496 3077 617 3143 Romam]
628 3092 676 3129 oni.
688 3075 718 3129 F.
728 3094 804 3128 roma
815 3076 978 3146 Ctlrnncmm
991 3076 1019 3132 0.
1036 3080 1204 3128 mactandam
1215 3075 1279 3129 EF.
1291 3075 1304 3143 ΙΙ
1315 3073 1341 3128 3.
1352 3077 1449 3126 aduen-

230 3152 284 3201 tiuo
293 3150 355 3197 ante
364 3149 480 3210 tyanam
491 3143 566 3217 Fili.
577 3150 685 3215 generis
694 3150 803 3198 hnmani
813 3145 846 3202 Ε.
855 3148 867 3219 ΙΙ
876 3147 902 3201 5.
912 3151 1037 3200 caederet
1047 3149 1136 3214 quiam}
1147 3147 1175 3198 in
1184 3161 1282 3199 rasura
1290 3144 1321 3198 A.
1329 3143 1341 3214 ΙΙ
1349 3161 1380 3198 se
1389 3161 1450 3210 pro·

230 3220 293 3272 ximi
302 3219 390 3266 amuis
405 3232 476 3283 aqna
486 3217 548 3272 Por.
563 3224 589 3268 et
601 3218 630 3268 in
638 3234 734 3270 rasura
746 3215 778 3270 A.
794 3222 916 3283 proxima
931 3235 962 3271 se
972 3235 1043 3282 atlon
1055 3217 1107 3272 011
1115 3217 1144 3271 F.
1161 3221 1282 3282 proximu
1295 3231 1366 3278 aqua
1376 3231 1407 3266 se
1416 3213 1449 3268 F.

231 3288 342 3356 proximi
354 3289 441 3336 amnis
453 3303 526 3349 aqua
537 3303 569 3338 ae
583 3287 658 3341 Tora.
671 3289 684 3356 ΙΙ
696 3288 721 3341 7.
733 3291 792 3354 ipsc
805 3304 853 3342 om.
867 3288 895 3344 C.
908 3289 921 3358 ΙΙ
933 3293 1066 3341 ciuitatum
1083 3286 1308 3343 connium.
1319 3288 1332 3352 ΙΙ
1344 3285 1370 3338 9.
1388 3287 1414 3348 §-
1431 3283 1449 3336 2

231 3375 279 3412 eta.
297 3355 329 3410 F.
343 3358 356 3427 ΙΙ
370 3358 456 3407 uinlus
475 3355 511 3411 D.
522 3357 537 3423 ΙΙ
550 3354 591 3409 10.
609 3361 730 3421 tarquino
749 3359 784 3410 Ε.
797 3359 865 3424 1111.
885 3375 961 3410 strom
979 3389 1015 3400 -
1034 3357 1101 3422 (12.)
1120 3360 1218 3426 ingenti
1241 3361 1299 3408 erat
1316 3371 1365 3407 oni.
1384 3353 1413 3406 F.
1424 3354 1439 3421 ΙΙ

234 3427 274 3482 12.
292 3428 380 3481 obtusi
397 3425 544 3480 DDTorr.
563 3431 701 3479 obtusisse
718 3426 750 3480 F.
773 3425 834 3479 Vid.
853 3426 890 3479 oct
912 3427 956 3489 Vl,
975 3425 1001 3487 9.
1022 3427 1070 3494 1.ΙΙ
1086 3425 1125 3480 ld.
1142 3441 1205 3478 esse
1218 3429 1306 3478 cordis
1318 3423 1373 3490 Fit
1384 3425 1450 3475 texit

232 3515 297 3551 suus
314 3497 351 3552 D.
366 3498 378 3567 ΙΙ
395 3494 435 3550 li
454 3500 507 3548 hiis
525 3495 555 3551 F.
569 3496 581 3565 ΙΙ
595 3500 754 3562 appollinem
769 3513 814 3566 pr.
824 3497 856 3549 Δ.
868 3499 881 3563 ΙΙ
897 3496 936 3551 15.
947 3515 1006 3549 cum
1024 3499 1178 3550 muneribus
1191 3495 1222 3549 F.
1234 3497 1248 3563 ΙΙ
1259 3499 1286 3548 st
1297 3494 1449 3561 sacrificiis]

232 3574 259 3622 et
275 3585 325 3623 om.
342 3568 374 3621 A.
393 3571 584 3635 sacrificiisque
603 3582 673 3620 corr.
691 3565 724 3625 Α.
746 3565 823 3618 Torr.
834 3567 848 3634 ΙΙ
867 3565 908 3620 tn.
928 3571 995 3618 adeo
1016 3566 1044 3620 C.
1062 3566 1075 3636 ΙΙ
1090 3567 1197 3617 nomine
1215 3581 1264 3619 om.
1282 3563 1320 3618 D.
1337 3563 1350 3633 ΙΙ
1367 3564 1448 3631 clam]

232 3657 317 3693 causa
334 3638 359 3692 F
375 3643 400 3689 ct
414 3654 458 3706 pr.
479 3637 541 3691 OD.
560 3655 620 3690 cnm
638 3637 672 3692 Ε.
686 3642 700 3706 ΙΙ
715 3635 756 3690 18.
775 3639 902 3701 peruetus
920 3635 951 3690 F.
964 3637 977 3706 ΙΙ
990 3634 1032 3691 lt.
1044 3637 1122 3704 ipsis]
1143 3639 1194 3687 hiis
1207 3635 1235 3690 F.
1247 3634 1316 3706 1121.
1328 3635 1449 3686 osculum

232 3714 309 3764 matri
325 3707 363 3762 D.
376 3709 388 3775 11
402 3713 464 3761 tuno
483 3708 573 3764 (ΒΕΓ.

234 3927 271 3981 ct
291 3927 363 3976 erut
381 3925 461 3974 iuscr.
479 3915 524 3980 39.
542 3917 560 3972 5
578 3919 633 3985 (ap.
654 3920 733 3971 Orelt.
752 3934 779 3972 n.
798 3917 869 3988 m),
895 3921 919 3971 sl
942 3921 1031 3970 tamen
1054 3921 1123 3970 haee
1147 3921 1257 3983 antiqua
1280 3920 1307 3971 et
1330 3920 1448 3987 munina

234 3997 368 4060 inscriptio
391 3999 448 4051 est,
472 3996 499 4044 ct
523 3993 596 4043 Grut.
614 4007 640 4055 p.
658 3987 724 4050 290,
747 3988 765 4042 2
790 3990 816 4040 in
839 3993 990 4042 nominibus
1013 3991 1127 4055 propriis
1151 3992 1289 4041 consulum
1314 3992 1398 4042 Gnaei
1420 3994 1448 4042 st

233 4068 307 4118 Lucii
325 4065 500 4116 Genuciorum
520 4062 745 4115 Auentinensinm.
786 4063 872 4126 Atque
891 4063 985 4113 codem
1004 4063 1082 4112 modo
1100 4058 1207 4112 Dianae
1223 4059 1368 4113 Auentinen
1386 4099 1393 4115 .
1412 4097 1419 4114 .
1438 4099 1446 4117 .

234 4140 329 4208 legitur
346 4139 373 4187 in
393 4136 465 4185 Festi
482 4136 540 4186 cod.
560 4135 637 4184 Fam.
655 4149 681 4184 n.
700 4133 766 4183 Nest
783 4148 810 4196 p.
830 4128 881 4186 tte
899 4132 975 4184 nuti.

302 4222 378 4276 pacm
394 4221 423 4257 ae
436 4203 561 4273 provinc
577 4218 647 4270 apua
664 4201 798 4264 abtaimt)
815 4203 898 4254 iulius
917 4204 1002 4261 Paris,
1021 4219 1080 4253 cnm
1098 4204 1168 4253 haec
1185 4204 1330 4254 immutatis
1347 4203 1448 4253 Valerii

235 4281 322 4330 uerbis
340 4281 379 4328 tta
396 4277 533 4333 redderet.
555 4289 632 4341 proin
649 4289 678 4325 ae
692 4271 808 4341 pretini
828 4272 913 4324 amnis
936 4287 1004 4341 aqua
1027 4270 1164 4328 abluisset.
1189 4277 1364 4324 correctorem
1386 4273 1446 4322 iibri

234 4349 377 4401 tiernensis
387 4346 529 4396 commouit
538 4352 566 4394 ut
580 4347 607 4394 in
616 4347 686 4395 huuc
696 4346 803 4394 modom
818 4359 896 4394 surim
911 4359 1016 4411 quoque
1026 4345 1164 4408 exemplar
1179 4346 1341 4394 cruentaret.
1371 4345 1447 4403 Quae

235 4419 409 4483 interpolatio,
425 4420 561 4480 receptas
571 4417 674 4484 Pignio,
689 4418 850 4474 nontamen,
862 4417 889 4464 ut
899 4415 968 4466 toiso
978 4416 1059 4466 reteri
1068 4415 1187 4464 coomsis
1201 4415 1325 4463 librorum
1338 4425 1447 4462 suorum

235 4489 400 4546 testimoniis,
418 4502 435 4536 e
453 4488 546 4537 codice
563 4487 715 4536 cruciniano
732 4483 798 4551 (F),
820 4489 920 4536 mansit
937 4487 964 4535 in
982 4486 1104 4536 omnibus
1128 4485 1254 4546 deinceps
1278 4481 1446 4541 editionibus,

235 4574 393 4628 quamquam
411 4560 532 4608 nostram
550 4557 709 4620 scripturam
726 4571 779 4607 non
796 4557 979 4621 improbarunt
997 4555 1149 4606 Perizonius
1168 4557 1195 4602 et
1212 4553 1364 4604 Turranius.

302 4629 330 4684 2.
348 4629 387 4681 ct
406 4629 464 4680 liu.
483 4629 503 4687 1,
521 4624 565 4681 56.
587 4629 665 4680 Dion.
683 4621 743 4680 liat.
760 4628 818 4688 llll,
835 4621 880 4682 59.
903 4627 962 4681 Dio.
981 4627 1058 4678 ctas.
1076 4637 1134 4677 exc.
1147 4625 1207 4676 Vnt.
1226 4621 1251 4677 7.
1269 4639 1296 4688 p.
1314 4619 1365 4677 1³9
1382 4623 1446 4677 net.

234 4702 309 4754 duct.
326 4701 361 4752 (le
377 4700 427 4754 uir.
444 4699 481 4752 iil.
500 4695 544 4756 10.
564 4700 662 4753 zonae.
681 4698 738 4761 Vll,
756 4693 799 4751 11.
