3409 5400
373 475 440 546 618
826 468 888 542 Du
910 467 1132 546 TESTIBVS.
1176 493 1179 500 ’

373 662 410 705 se
433 641 538 706 fuisse
559 641 693 716 iurauit,
722 639 777 704 illo
807 639 1006 728 sacrilegum
1036 640 1193 728 flagitium
1221 661 1287 704 uno
1315 635 1530 760 argumentosi

372 747 497 813 sentiae
520 746 652 812 tuente‘l
686 745 856 834 Siquidem
870 746 997 812 iudices
1015 745 1319 812 Claudiumtne'asci
1333 745 1457 810 crimine
1474 765 1529 829 quse

372 855 563 920 Ciceronem
586 855 725 918 infamia
746 853 880 938 periurii
901 852 1038 917 liberare
1062 851 1256 917 maluerunt.

329 959 360 1029 6.
459 960 521 1024 Το1
547 961 682 1024 eleuatis
712 960 868 1036 testibus,
896 980 1013 1035 unum,
1042 960 1134 1024 errius
1164 980 1253 1024 noua
1278 960 1404 1023 ratione
1429 955 1529 1020 iudicine

370 1069 526 1158 ingressa
547 1068 724 1132 auctoritas
748 1068 941 1131 confirmata
964 1077 1028 1140 est,
1058 1066 1209 1132 referam.
1255 1064 1293 1132 P.
1316 1061 1474 1136 Seruilius,
1489 1075 1536 1122 coc«

371 1175 501 1249 aulacis,
516 1175 700 1246 censorius,
716 1171 931 1258 triumphalis,
948 1174 1002 1259 qui
1017 1173 1178 1237 maiorum
1194 1191 1329 1235 suorum
1346 1169 1438 1234 titulis
1448 1167 1530 1231 lssunc

371 1300 557 1369 cognomen
573 1280 711 1355 adiecit,
738 1300 813 1342 curu
842 1281 950 1343 forum
978 1280 1178 1363 praeteriens
1207 1287 1306 1342 testes
1336 1278 1370 1342 in
1396 1295 1473 1339 mum
1495 1271 1529 1334 dci

372 1388 520 1462 uidisset,
541 1385 616 1452 loco
638 1387 730 1450 testis
754 1386 898 1450 constitit
920 1406 959 1448 ac
983 1407 1040 1470 per
1060 1405 1223 1450 summam
1248 1385 1357 1462 [inter]
1380 1393 1530 1468 patronatu

369 1496 490 1582 pariter
512 1503 544 1558 et
566 1505 795 1560 accusatorum
818 1491 1069 1556 admirationem
1092 1494 1141 1556 sie
1170 1511 1267 1556 orsus
1291 1501 1353 1565 est,
1382 1487 1472 1553 ‘Hunc
1492 1503 1530 1568 rga

369 1602 507 1675 iudices,
524 1602 578 1687 qui
591 1621 728 1665 eausam
742 1598 828 1673 dicit,
845 1598 936 1662 cuias
950 1599 992 1662 sit
1007 1609 1062 1662 aut
1077 1619 1175 1684 quam
1192 1599 1292 1662 uitam
1309 1597 1413 1684 egerit
1424 1607 1541 1680 quanqut

369 1707 483 1773 merito
511 1705 564 1770 uel
590 1705 711 1770 iniuria
740 1715 912 1769 accusetur
939 1704 1066 1792 ignoro.
1123 1703 1206 1768 lllud
1233 1710 1361 1767 tantum
1395 1701 1469 1772 scio,
1492 1715 1531 1758 cm

370 1814 567 1878 occurrisset
588 1809 670 1874 mihi
691 1809 893 1875 Laurentina
921 1813 979 1875 uia
1000 1811 1060 1874 iter
1089 1810 1222 1875 facienti
1245 1809 1422 1874 admodum
1442 1813 1529 1889 angui

369 1918 453 1992 loco,
477 1938 562 2004 equo
585 1915 786 1980 descendere
808 1915 967 1981 noluisse.
1014 1915 1112 1998 Quod
1129 1937 1174 1982 an
1188 1915 1311 2002 aliquid
1334 1915 1378 1980 ad
1397 1911 1531 1998 rdigicncu

369 2035 515 2087 uestram
537 2023 698 2110 pertineat
719 2021 783 2108 ipsi
806 2023 1042 2099 aestimabitis;
1074 2045 1137 2110 ego
1166 2022 1199 2086 id
1231 2020 1482 2109 supprimendum
1497 2033 1531 2078 nu

370 2128 503 2216 putaui'.
547 2127 676 2193 Iudices
711 2150 804 2193 reum
839 2130 891 2192 uix
921 2129 1040 2194 auditis
1067 2131 1186 2194 ceteris
1218 2128 1355 2194 metibus
1384 2127 1541 2192 damnarunt

343 2233 482 2302 'Valuit
503 2236 589 2332 enim
613 2233 701 2320 apud
724 2256 783 2300 eos
807 2255 882 2300 eum
906 2235 1083 2321 amplitudo
1106 2236 1168 2299 uiri
1191 2246 1257 2301 tum
1282 2236 1396 2322 grauis
1418 2230 1528 2318 reglau

369 2342 535 2430 dignitatis
550 2342 621 2406 eius
637 2341 830 2429 indignatio,
855 2363 1004 2429 eumque,
1021 2343 1077 2427 qui
1094 2343 1243 2406 uenerari
1259 2343 1422 2428 principes
1436 2335 1529 2402 nescire

368 2449 404 2512 in
426 2448 592 2534 quodlibet
611 2448 741 2513 facinus
764 2469 996 2532 procursurum
1020 2448 1236 2516 erediderunt.

361 2659 395 2714 l.
415 2663 586 2733 sacrilegum]
605 2665 768 2733 sacrilegum
787 2677 831 2715 me
850 2660 874 2716 0
891 2665 917 2715 ei
930 2675 975 2730 pr.
993 2659 1025 2716 A.
1050 2663 1211 2733 sacrilegum
1229 2661 1257 2713 et
1274 2673 1346 2715 corr.
1365 2659 1397 2714 Δ.
1417 2651 1527 2720 sacrilegi*

369 2737 396 2785 et
414 2731 478 2785 EF.
498 2736 631 2805 sacrilegii
650 2732 686 2787 D.
701 2734 714 2801 11
728 2736 869 2785 absentiae
888 2737 1046 2803 argumento
1068 2731 1144 2787 Torr.
1163 2732 1176 2805 ΙΙ
1196 2730 1221 2785 2
1247 2732 1370 2783 Clodium
1389 2722 1528 2847 Tornlpllss

369 2832 404 2843 -
422 2802 474 2873 (5.)
492 2806 608 2858 referam
626 2820 676 2857 orn.
695 2802 727 2857 l'.
741 2803 754 2874 ss
773 2802 798 2858 8.
817 2805 861 2871 ac]
888 2822 920 2855 ee
944 2818 1003 2855 cum
1027 2802 1055 2855 in
1079 2818 1175 2859 rasura
1193 2801 1229 2859 D.
1247 2800 1261 2871 ΙΙ
1277 2818 1325 2869 per
1344 2818 1395 2855 oar.
1412 2796 1464 2853 Dl'
1483 2799 1524 2850 cni

369 2891 475 2929 stimma
493 2890 562 2929 corr.
581 2874 644 2997 D'll
656 2876 733 2943 inter]
752 2876 809 2929 riae
826 2873 901 2927 awis
921 2872 997 2927 Tora
1009 2876 1112 2999 ppatro
1130 2890 1223 2928 nurrrm
1239 2888 1283 2995 pr.
1302 2871 1334 2927 Δ.
1348 2870 1399 2940 119.
1417 2868 1528 2939 adsistite

369 2961 439 3001 corr.
457 2945 495 3002 D.
506 2946 520 3015 l}
532 2962 597 3016 ergo
637 2944 670 3014 ,ΙΙ
684 2943 724 2997 10.
743 2950 818 2999 criius
838 2948 873 2996 sit
891 2942 1009 3007 AQDF
1037 2985 1043 2999 .
1063 2949 1106 3013 qui
1125 2948 1160 3000 sit
1178 2944 1212 2999 Ε.
1263 2950 1337 2997 taos
1352 2932 1527 3009 hauriendi

359 3014 497 3072 'DEFR
517 3035 542 3069 u.
561 3018 641 3067 uitam
660 3031 750 3083 maryo
768 3016 799 3070 ,1.
823 3014 859 3068 Vt
874 3030 921 3067 nos
939 3016 1000 3069 Par.
1013 3018 1027 3086 Η
1039 3033 1143 3084 qnoque
1162 3017 1198 3070 D.
1218 3014 1231 3087 11
1250 3014 1291 3068 ll.
1312 3017 1368 3083 uel]
1389 3030 1421 3064 an
1439 3008 1528 3074 lilim

369 3092 444 3140 satur
461 3086 492 3141 F.
504 3086 518 3156 ll
529 3087 641 3154 tantum]
660 3090 750 3139 mmen
768 3085 828 3140 DF
833 3083 859 3139 Γ
858 3125 864 3139 .
870 3084 893 3211 p
908 3084 949 3141 12.
967 3088 1141 3156 ΙΛιιτοῃίῑηη]
1158 3095 1220 3157 post
1231 3089 1274 3138 uia
1284 3082 1315 3139 F.
1340 3074 1512 3137 laurentinisss

370 3160 509 3210 facientem
528 3156 556 3212 F.
569 3158 583 3226 Η
594 3163 710 3226 augusto
729 3154 755 3210 F
768 3164 794 3209 et
809 3174 852 3225 pr.
894 3157 927 3223 ,ΙΙ
942 3154 982 3210 11.
1002 3162 1121 3210 nostram
1134 3158 1170 3213 D.
1182 3158 1196 3225 ΙΙ
1207 3158 1395 3211 existimabitis
1409 3152 1439 3207 Ε.
1449 3152 1460 3217 ll
1470 3156 1529 3210 iulii*

369 3232 492 3282 mendum
507 3243 552 3297 pr.
570 3227 601 3280 A.
613 3226 626 3294 ΙΙ
642 3226 681 3282 15.
701 3229 756 3295 uix}
776 3231 838 3279 uilx
858 3227 886 3282 0.
899 3228 912 3296 ΙΙ
925 3230 1023 3280 additis
1037 3228 1060 3281 A
1068 3226 1095 3283 C.
1108 3229 1122 3297 ΙΙ
1134 3231 1327 3281 damnauerunt
1341 3226 1418 3279 Torr.
1429 3225 1441 3293 ΙΙ
1454 3219 1483 3275 li.
1495 3210 1528 3272 tvl

369 3308 423 3352 turn
444 3296 531 3353 CDF
535 3297 560 3351 Γ
559 3338 566 3353 .
577 3298 591 3367 ΙΙ
605 3298 646 3352 17.
663 3302 798 3366 principes
816 3302 939 3352 uenerari
955 3298 990 3354 E.
1004 3298 1016 3369 ΙΙ
1033 3297 1074 3353 18.
1093 3303 1236 3369 quemlibet
1254 3298 1282 3352 F.

439 3494 464 3549 11.
480 3510 531 3563 per
548 3511 670 3548 samsom
688 3494 778 3562 [ister]
794 3502 979 3565 patronorum)
1007 3497 1166 3547 Alterutrum
1185 3496 1412 3560 praepositionem
1430 3492 1468 3542 aut
1481 3486 1529 3537 fece

368 3571 433 3620 dere
457 3572 504 3617 acrt
527 3568 684 3617 mendosam
707 3581 771 3617 esse
795 3572 916 3632 apparet
962 3570 1067 3631 ltaque.
1098 3582 1158 3617 enni
1180 3567 1294 3635 Pighius
1317 3568 1433 3631 priorem
1451 3558 1529 3611 sicces

368 3640 514 3692 'locrenius
531 3653 566 3689 ea
583 3641 690 3689 retenta
708 3638 849 3707 legendum
869 3654 933 3690 esse
952 3641 1141 3704 crispicahatur
1160 3650 1212 3703 per
1233 3652 1359 3688 semmam
1380 3632 1475 3687 interis
1484 3629 1530 3695 pli

368 3725 470 3764 norm.
485 3709 727 3766 utdiseritaucior.
747 3710 808 3759 dum
821 3710 860 3759 illi
873 3712 971 3761 laetum
984 3712 1042 3760 eius
1053 3710 1254 3766 admirarentur.
1268 3710 1355 3772 ipsum
1366 3710 1393 3757 in
1404 3696 1530 3757 eurenais

368 3796 460 3831 orsum
478 3794 550 3831 esse.
592 3779 645 3830 Sed
665 3795 699 3829 ea
716 3781 778 3843 ipsa
795 3780 848 3831 iarn
874 3782 915 3831 uis
939 3785 982 3831 est
999 3780 1127 3844 simplicis
1152 3780 1357 3842 praepositionis
1376 3790 1440 3845 per,
1462 3772 1531 3843 siser*

368 3852 415 3899 ills
436 3852 589 3912 praemissa
612 3864 806 3913 superuacuum
830 3851 866 3901 sit
884 3854 911 3902 et
930 3852 1057 3917 langueat
1075 3848 1187 3900 interior.
1233 3850 1298 3899 Mihi
1319 3850 1402 3917 igitur
1418 3838 1531 3914 uerisitnlll²

368 3921 481 3977 uidetur,
500 3923 527 3969 et
545 3921 626 3969 multo
646 3920 760 3983 quidem.
779 3921 841 3971 iliud
861 3920 930 3972 inter
948 3922 1093 3983 ascriptum
1108 3922 1192 3970 tuisse
1205 3920 1230 3969 in
1244 3921 1352 3985 antiquo
1369 3920 1475 3985 quodam
1485 3908 1531 3959 ale

368 4006 387 4038 a
403 3990 482 4039 docto
501 3990 618 4047 librario,
637 3993 666 4040 ut
683 3989 900 4054 interpretaretur
919 3992 1142 4055 praepositionem
1156 4003 1221 4058 per,
1245 3991 1346 4041 rariore
1367 3979 1532 4057 significauit

368 4060 427 4109 loco
451 4060 576 4123 positam.
615 4060 694 4125 Atqui
719 4061 843 4111 Valerius
867 4064 927 4126 plns
952 4062 1035 4111 semel
1061 4064 1155 4113 eodem
1179 4074 1290 4125 prorsus
1313 4064 1393 4113 modo
1416 4048 1533 4109 locututti

367 4130 413 4181 Sic
432 4131 476 4189 Vl,
495 4126 526 4188 1,
551 4126 568 4179 1
590 4131 741 4193 composuit
757 4145 809 4197 per
833 4146 957 4183 summast
980 4128 1198 4197 intimationem,
1224 4132 1276 4189 lX.
1299 4127 1331 4189 2.
1355 4128 1373 4183 2
1394 4144 1442 4198 per
1459 4128 1533 4176 Μ’*

368 4200 451 4253 omrai
469 4206 494 4251 et
511 4196 649 4250 uerborum
667 4198 841 4255 insolentium,
868 4203 919 4259 IX.
941 4199 970 4259 l.
998 4201 1008 4253 l
1031 4217 1083 4270 per
1104 4216 1230 4253 sammua
1253 4201 1397 4252 aemorum
1416 4194 1533 4251 crlscriltlt¹

369 4276 461 4337 ltaque
480 4273 552 4331 illud,
572 4272 639 4337 qrtod
661 4272 738 4321 araldo
757 4272 820 4322 milri
839 4276 993 4337 suspectum
1013 4278 1079 4333 erat,
1100 4276 1173 4324 uncis
1192 4275 1295 4326 inclusi.

873 4532 1085 4555 -fi—-i—-n-
