3409 5400
469 515 551 581 LIB.
574 514 633 595 VI,
657 519 694 585 0.
719 522 749 596 7,
773 528 803 597 s.
826 522 963 589 2.-0,
986 524 1019 599 8,
1042 534 1070 601 s.
1096 529 1125 595 l.
1343 532 1410 602 tlt

281 674 338 741 li·
359 674 538 753 Antonius,
579 698 714 745 auorum
749 692 935 747 nostrorum
970 685 1172 769 temporibus
1211 686 1455 762 clarissimusl.

192 792 312 857 orator,
334 783 451 846 incesti
474 806 551 849 reus
576 784 743 871 agebatur.
780 788 891 854 ¹Cuius
914 791 947 854 in
970 790 1092 856 iudicio
1110 804 1320 862 accusatores
1345 820 1413 863 ser·

192 910 269 953 uum
293 890 327 953 in
351 890 577 974 quaestionem
600 896 927 977 perseuerantissime
949 897 1169 983 postulabant,
1193 902 1282 987 quod
1305 904 1415 979 abeo,
1626 893 1627 968 l

193 1018 267 1061 cum
291 995 335 1061 ad
363 1008 509 1081 stuprum
532 998 607 1073 iret,
636 998 817 1065 lanternam
843 1002 1022 1087 praelatam
1049 1005 1291 1073 contenderent.
1335 1009 1416 1075 Erat

80 1112 87 1177 ᾗ
165 1115 303 1167 saritam
326 1104 356 1167 is
381 1104 477 1167 etiam
510 1114 576 1169 tum
604 1105 748 1171 inberbis
779 1121 810 1171 et
838 1109 946 1173 stabat
977 1132 1091 1176 coram
1117 1112 1315 1202 uidebatque
1343 1138 1414 1180 rem
1625 1111 1628 1242 1

193 1210 236 1274 ad
260 1233 339 1277 suos
364 1211 527 1277 cruciatus
551 1214 723 1296 pertinere,
747 1232 807 1277 nee
832 1225 942 1279 tamen
966 1238 1024 1281 eos
1046 1218 1206 1304 fugitauit.
1252 1220 1309 1287 llle
1324 1244 1415 1298 uero,

192 1329 227 1379 ut
250 1317 382 1385 domum
406 1342 535 1408 queque
560 1330 691 1385 nemum
716 1329 775 1393 est,
799 1318 979 1385 Antonium
1000 1321 1064 1386 hoc
1084 1326 1216 1391 nomine
1239 1327 1416 1393 uehemen-

193 1425 256 1488 tius
286 1428 459 1491 consusum
489 1439 520 1491 et
550 1425 722 1492 sollicitum
751 1424 832 1489 ultro
866 1438 917 1491 est
946 1426 1094 1493 hortatus
1123 1443 1159 1494 ut
1188 1453 1224 1497 se
1252 1434 1414 1500 iudicibus

194 1532 408 1619 torquendum
433 1535 588 1610 traderet,
618 1531 796 1596 adfirmans
826 1532 949 1597 nullum
973 1557 1030 1599 ore
1058 1558 1119 1600 suo
1149 1538 1286 1603 uerbu'm
1315 1542 1415 1605 exitu·

158 1653 277 1711 turum,
301 1661 365 1726 quo
382 1663 486 1705 (eausa
503 1644 574 1707 cius
598 1639 791 1713 laederetur,
816 1658 855 1703 ac
872 1641 1027 1723 promissi
1048 1642 1145 1707 iidem
1162 1646 1246 1709 mira
1260 1648 1417 1731 patientia

197 1814 220 1867 i.
239 1816 276 1865 Μ.
295 1814 436 1885 Antonius]
462 1816 621 1870 Praenomeu
643 1832 694 1871 am.
713 1812 742 1869 F.
763 1812 775 1886 11
794 1818 958 1881 temporibus
982 1816 1153 1886 011.1’.ΙΙ3.
1172 1825 1330 1885 quaestione
1348 1821 1379 1877 F.
1391 1822 1406 1893 ΙΙ

194 1884 221 1937 4.
239 1889 306 1938 irent
324 1887 356 1940 A.
376 1892 457 1939 iretur
475 1888 537 1942 Par.
552 1888 563 1956 ΙΙ
583 1892 713 1940 laternam
735 1886 788 1941 aa
806 1894 831 1938 et
849 1902 919 1938 corr.
938 1886 1039 1946 ΛΡΜ,
1060 1888 1138 1942 Torr-
1160 1894 1297 1945 lacernam
1314 1892 1352 1948 D.
1376 1887 1416 1945 lass

195 1960 308 2009 tertuum
328 1958 359 2012 F.
389 1957 423 2011 tn
447 1975 494 2011 aas
516 1975 559 2027 pr.
582 1960 674 2012 APur.
693 1959 706 2027 11
725 1962 802 2011 crant
826 1957 930 2026 0115.
948 1962 1000 2011 hiis
1020 1958 1127 2028 Euat
1149 1968 1259 2017 stabant
1283 1964 1305 2028 C
1326 1971 1352 2017 et
1369 1981 1416 2034 pr.

195 2028 255 2081 ΑΓ.
276 2034 418 2080 constabat
435 2030 540 2091 (amisso
559 2034 595 2091 et)
614 2030 643 2081 F.
660 2029 671 2098 ΙΙ
692 2030 793 2095 coram]
815 2047 939 2080 coronam
955 2046 1000 2096 pr.
1019 2029 1050 2083 ,1.
1076 2050 1176 2085 corona
1195 2034 1223 2088 0.
1247 2038 1297 2087 sub
1317 2053 1417 2092 corona

162 2116 168 2125 ·
195 2099 231 2152 D.
247 2096 258 2168 ΙΙ
274 2103 425 2167 rrldobautq.
442 2116 484 2168 pr.
503 2100 534 2153 A.
554 2104 662 2151 elidebat
681 2104 743 2166 quia
761 2100 793 2153 F.
805 2100 819 2168 11
831 2116 886 2150 rem
906 2116 955 2150 om.
974 2100 1005 2154 F.
1022 2101 1036 2167 Η
1053 2100 1079 2156 11.
1098 2105 1144 2171 ad]
1168 2109 1299 2157 aduersus
1317 2106 1349 2160 F.
1364 2106 1376 2174 ΙΙ
1391 2106 1416 2161 l.

196 2174 267 2223 ‹iomi
286 2170 316 2223 Γ.
329 2172 342 2239 l}
355 2175 539 2223 uehementius
560 2174 610 2223 boc
629 2174 734 2223 nomine
753 2170 782 2222 F.
794 2168 806 2236 ΙΙ
820 2172 844 2223 s.
865 2173 986 2223 hortatus
1006 2177 1048 2223 cst
1066 2172 1097 2227 F.
1112 2172 1124 2242 ΙΙ
1143 2173 1314 2243 1011011]
1341 2180 1417 2229 timet

194 2240 224 2295 F.
237 2244 250 2309 ΙΙ
263 2244 383 2309 uerbum]
404 2246 460 2293 tore
479 2240 507 2295 F.
521 2240 534 2309 Η
547 2240 588 2294 10.
608 2244 664 2293 cius
684 2258 769 2292 causa
788 2240 814 2293 l'.
827 2240 840 2309 l}
858 2241 902 2306 acl
923 2242 996 2292 llaec
1015 2242 1045 2296 Γ.
1065 2242 1078 2313 ΙΙ
1096 2248 1221 2309 promissi
1240 2248 1330 2312 fldem]
1356 2263 1415 2311 pro·

195 2315 319 2365 similem
329 2314 361 2365 A.
381 2316 493 2379 preximi
510 2316 543 2363 cie
554 2311 583 2365 0.
602 2314 722 2376 protinus
732 2314 801 2363 idom
812 2310 847 2363 11.
866 2314 987 2375 proximo
998 2315 1067 2365 idem
1078 2316 1110 2368 F.
1127 2318 1264 2381 promissa
1272 2318 1343 2369 idem
1351 2314 1416 2369 ΒΓ.

702 2415 914 2429 η*

197 2476 317 2545 deterunt
335 2475 560 2539 praepositionem
578 2486 636 2539 per.
658 2475 870 2535 ‹prrrrdParicicm
890 2490 994 2541 quoque
1013 2476 1112 2526 iecisse
1134 2476 1271 2537 existimo,
1294 2476 1341 2527 ant
1357 2492 1417 2540 per·

198 2548 332 2597 mutarunt
357 2560 416 2595 cam
442 2560 500 2593 cnm
522 2558 581 2610 pra.
618 2545 653 2593 at
677 2546 710 2596 01.
734 2560 803 2608 quae
828 2548 953 2609 exempla
977 2547 1068 2596 citauit
1090 2546 1279 2605 Forcellinius,
1310 2546 1417 2598 Terent.

198 2618 280 2669 Andr.
302 2619 337 2673 V,
357 2614 387 2675 t,
412 2612 584 2673 31111110
607 2612 699 2666 betium
715 2614 827 2683 sapiens
849 2632 938 2683 nepae
962 2615 990 2667 in
1006 2615 1098 2668 Aeian
1117 2631 1279 2685 persequens
1296 2616 1418 2686 preficie-

199 2687 277 2742 citur,
299 2690 332 2737 act
352 2703 422 2750 quere
441 2688 561 2737 Donatus
580 2687 726 2744 irinotuuit,
750 2686 910 2755 Perseqaens
939 2685 1005 2740 dicit
1024 2688 1265 2756 perseverationem
1287 2705 1302 2742 s
1383 2688 1419 2741 tie

197 2756 352 2817 osteadens,-
366 2757 535 2880 pesrseqaitur
553 2756 619 2808 enim
638 2757 683 2824 qui
701 2773 752 2808 non
770 2755 867 2810 desinit
885 2759 966 2826 sequi.
1003 2761 1041 2812 Cl.
1054 2762 1106 2813 Cic.
1119 2761 1147 2811 in
1166 2763 1242 2814 Verr.
1261 2761 1293 2821 V,
1303 2703 1418 2821 ml.

198 2833 302 2883 Pctron.
322 2831 377 2882 Sat.
415 2868 421 2880 .

269 2903 336 2959 Viti,
358 2899 381 2952 l.
409 2898 448 2953 M.
466 2898 641 2952 1101011111-
654 2898 747 2952 incesti
765 2907 835 2962 reus)
854 2903 894 2953 Ci.
913 2916 983 2968 quae
1002 2903 1035 2953 rie
1054 2904 1104 2954 boc
1117 2903 1213 2954 iudicio
1231 2903 1419 2954 adnotauimns

197 2975 230 3025 ad
250 2970 383 3031 11111.

268 3041 338 3111 quod
356 3040 388 3094 ab
408 3059 446 3102 eo,
466 3058 523 3094 cum
542 3039 579 3094 ad
595 3047 717 3110 stuprum
740 3041 801 3107 iret)
828 3046 944 3095 Verbum
967 3043 1032 3101 iret,
1057 3047 1140 3110 qrrod,
1164 3046 1188 3096 si
1212 3047 1360 3097 orationem
1384 3047 1419 3096 ad

199 3117 264 3166 artis
283 3116 404 3182 reguiam
423 3117 615 3165 conformatam
634 3116 773 3182 exegeris.
798 3118 953 3167 necessario
977 3118 1091 3180 pertinet
1114 3119 1149 3165 ad
1173 3119 1339 3179 praecedens
1357 3132 1418 3180 pro·

198 3201 295 3237 nomen
314 3199 343 3234 eo
363 3185 621 3252 intellegentiamque
640 3191 684 3236 est
702 3189 735 3236 de
754 3201 848 3244 seruo,
874 3187 997 3236 Valerius
1018 3189 1206 3255 neglegentius
1229 3190 1269 3237 ita
1292 3188 1419 3251 posuisse

200 3259 317 3312 elidetur,
345 3257 467 3305 attineo
487 3257 775 3320 subaudiaturprioris
795 3259 922 3308 enuntiati
946 3257 1094 3307 subiectum
1113 3256 1152 3309 M.
1171 3254 1306 3308 Antonius.
1344 3261 1420 3317 Quae

200 3327 374 3395 neglegentia
393 3329 545 3382 excusatur,
565 3329 634 3388 qrrocl
655 3330 689 3375 ab
709 3328 754 3376 illo
775 3329 844 3382 uiro.
867 3328 893 3376 in
913 3343 965 3388 qrro
984 3330 1115 3377 haetenus
1134 3343 1241 3377 summa
1257 3327 1419 3377 narrationis

200 3399 374 3453 uersabatur,
397 3397 465 3444 baec
489 3410 594 3460 quoque
618 3399 751 3446 sententia
773 3398 865 3461 incipit
886 3395 980 3454 (Cuius
1002 3396 1031 3445 in
1051 3393 1174 3458 iudicio),
1199 3399 1322 3464 quodque
1340 3410 1419 3445 nemo

167 3513 171 3522 .
200 3469 338 3534 ambigere
357 3467 461 3528 poterat
482 3467 508 3514 in
532 3482 561 3516 ro
591 3468 644 3514 tam
670 3468 812 3530 perspicua
836 3481 951 3528 neronam
975 3468 1142 3516 referendum
1165 3469 1200 3515 sit
1223 3469 1275 3517 boc
1299 3469 1419 3517 uerbum.

201 3541 268 3589 Nam
295 3540 327 3588 de
352 3538 483 3601 scriptura
501 3537 672 3599 plurimorum
692 3537 810 3585 codicum
830 3537 952 3585 drrbitare
971 3549 1004 3584 eo
1022 3538 1110 3586 minus
1135 3537 1236 3588 licebit.
1258 3547 1310 3602 qrro
1334 3539 1419 3587 meni·

201 3610 325 3661 testioros
344 3611 405 3658 sunt
423 3607 640 3670 interpolationes
660 3609 695 3656 ab
713 3607 765 3663 his,
785 3607 873 3671 quiin
892 3621 926 3655 ea
945 3607 1117 3664 dissentiunt,
1137 3609 1249 3657 consilio
1267 3609 1371 3667 iactae,
1391 3609 1421 3657 nt

201 3681 375 3732 emendarent
391 3679 555 3743 praedictam
574 3677 803 3727 inconcinnitatem
824 3678 1036 3744 grammaticam.
1081 3677 1237 3727 [tamenim
1255 3681 1289 3728 ob
1308 3691 1420 3728 causam

201 3753 325 3802 librarius
345 3752 370 3800 in
389 3751 480 3799 codice
498 3750 628 3798 Beruensi
646 3749 690 3798 nel
708 3749 736 3796 in
754 3748 901 3812 antiquiore
920 3749 1036 3809 arratam
1049 3748 1126 3798 'libro
1149 3763 1199 3811 pro
1216 3748 1270 3799 iret
1284 3750 1422 3813 pluraliter

201 3823 270 3874 irent
288 3823 441 3886 scripserat,
462 3836 520 3870 cum
539 3823 628 3869 tamen
647 3833 743 3869 senius
763 3819 867 3868 Antonii
885 3819 945 3882 ipso
963 3833 1069 3880 atraque
1091 3821 1126 3868 ati
1144 3822 1263 3883 stuprum
1283 3822 1368 3871 inisse
1386 3835 1421 3871 ne

200 3896 315 3962 potnerit
333 3894 437 3960 quidem
457 3892 516 3952 dici,
539 3891 688 3952 eademque
707 3891 740 3940 de
761 3904 845 3940 causa
863 3890 940 3941 Paris
963 3890 991 3939 in
1013 3891 1169 3954 compendio
1194 3905 1244 3941 sue
1266 3889 1352 3943 iretur
1373 3908 1421 3956 pe·

202 3967 302 4027 suerint,
322 3965 347 4014 in
366 3980 417 4029 quo
436 3963 515 4012 ualde
534 3962 658 4027 dispiicet
676 3961 812 4027 generalis
831 3962 903 4011 notio
923 3962 1012 4019 uerbi,
1038 3963 1106 4026 quod
1128 3963 1162 4011 de
1180 3975 1232 4011 uno
1251 3963 1287 4014 M.
1307 3963 1421 4015 Antonio

200 4037 405 4104 intellegentium
425 4039 476 4086 est.

273 4105 427 4166 lanternam)
455 4107 495 4156 its
513 4104 648 4154 Valeriani
674 4103 781 4153 cedices
800 4103 946 4153 tiernensis
970 4106 1051 4167 atque
1074 4103 1300 4168 Guelferbytanus
1326 4107 1421 4156 abbre-

202 4181 291 4229 uiatus
310 4181 336 4228 ot
355 4179 440 4240 prima
458 4191 553 4227 manus
572 4176 598 4224 in
617 4175 721 4225 Paridis
740 4175 885 4228 Vaticanus
911 4189 980 4239 quae
1005 4175 1138 4238 scriptura
1161 4176 1223 4239 quin
1247 4176 1365 4243 genuina
1386 4178 1423 4224 sit

203 4251 315 4300 dubitari
336 4250 378 4300 uia
397 4250 500 4314 potest,
529 4246 687 4310 praesertim
713 4259 772 4296 eum
797 4246 822 4296 in
847 4247 960 4296 aliornm
985 4260 1091 4310 qrreque
1116 4247 1272 4309 scriptorum
1295 4247 1422 4309 operibns

203 4322 366 4371 sincerrimis
385 4321 554 4369 confirmetur
577 4319 698 4368 testibus
743 4317 810 4365 Naar
835 4319 861 4366 in
886 4317 978 4367 codice
1002 4317 1123 4367 Mediceo
1148 4319 1200 4367 Cic.
1224 4331 1284 4378 epp.
1310 4317 1344 4365 ad
1368 4317 1423 4366 stt

202 4393 259 4447 llil,
278 4389 304 4453 3,
324 4388 415 4442 baiae
435 4389 571 4440 aianteraa
589 4391 684 4440 uitiose
704 4389 831 4450 scriptum
851 4392 899 4467 esp
912 4404 961 4453 pro
979 4385 1049 4437 linea
1067 4385 1195 4438 1111111111.
1240 4387 1269 4435 10
1288 4387 1423 4436 ciceronis

201 4455 447 4526 assentantium
471 4463 555 4510 codex
579 4461 743 4510 Eriurtensis
768 4455 898 4510 Catilinae
915 4457 1079 4510 nuenario
1103 4459 1213 4508 exbibet
1235 4457 1352 4517 itemque
1370 4454 1425 4506 lan·

203 4538 284 4584 terna.
301 4533 392 4596 optimi
415 4532 474 4584 libri
498 4533 604 4582 tradere
628 4533 748 4582 uidentur
772 4531 798 4580 iu
822 4530 909 4580 l’lauti
933 4530 992 4581 nul.
1012 4529 1063 4587 lli,
1088 4525 1120 4585 tt.
1137 4525 1174 4578 30
1199 4529 1226 4576 et
1247 4527 1275 4577 in
1296 4527 1425 4590 Amphitr.

218 4606 270 4656 rol.
291 4599 350 4655 itti.

202 4622 219 4670 p
269 4672 398 4744 promissi
406 4671 500 4742 ι1111101)
523 4674 668 4742 Ingeniosa
687 4673 756 4722 baec
775 4675 801 4722 et
825 4673 890 4724 telis
909 4673 979 4722 «tacti
1001 4671 1139 4722 cuiusdam
1157 4669 1230 4727 Itali,
1256 4671 1284 4719 ut
1302 4671 1426 4736 equidem

204 4749 307 4816 opinor,
320 4747 472 4822 emendatio
485 4747 527 4796 cst
539 4747 606 4806 eius,
626 4745 694 4810 quoi
709 4745 735 4794 in
746 4744 896 4808 arcirctypo
909 4747 968 4796 crat
976 4737 1159 4810 praeimiden.
1190 4745 1275 4804 Quam
1288 4746 1425 4808 receptam

1140 4829 1204 4894 33*
