3409 5400
304 445 370 515 544
566 438 815 508 SAPIENTER
834 437 968 507 DICTA
989 436 1082 505 Avi
1103 436 1255 505 FACTA.

305 605 370 670 sint
391 602 577 679 habitabari,
600 624 641 668 ac
662 603 753 668 mitte
768 599 955 667 mortalium
969 598 1180 667 incommoda
1199 610 1391 687 tamqnam
1420 593 1568 683 propria

305 708 443 777 deflere'.
491 708 568 789 Qua
590 709 814 774 consolatione
838 707 1076 791 demonstrauit
1093 706 1192 771 urbes
1215 724 1291 771 esse
1307 704 1566 769 humanarum

306 816 448 883 cladium
470 826 650 900 consaepta
672 815 873 880 miseranda.
917 813 1009 879 Idem
1032 814 1159 889 aiebat,
1183 814 1269 878 siin
1293 832 1424 877 unum
1454 808 1567 873 locum

305 924 413 989 cuncti
434 922 524 987 mala
546 944 608 987 sua
631 920 859 995 conciliassent,
885 921 1029 987 futurum
1057 933 1093 985 ut
1114 921 1248 1007 propria
1270 919 1485 1005 deportare
1511 916 1567 979 do·

304 1051 395 1096 mum
423 1049 523 1115 quam
551 1050 592 1095 ex
621 1028 787 1093 communi
814 1026 1022 1095 miseriarum
1057 1048 1177 1093 aceruo
1209 1028 1421 1110 portionem
1467 1041 1587 1089 suanno

304 1136 390 1201 ferre
412 1133 555 1200 mallent.
607 1132 681 1215 Quo
711 1132 886 1219 colligebat
914 1156 982 1199 non
1012 1144 1162 1219 oportere
1192 1153 1254 1197 nos
1284 1154 1382 1218 quae
1415 1132 1567 1197 fortuito

304 1242 467 1326 patiamur
489 1240 688 1325 praecipuae
712 1251 744 1303 et
764 1238 977 1306 intolerabilis
1001 1238 1228 1305 amaritudinis
1252 1238 1436 1305 iudicare.

263 1348 294 1414 3.
392 1347 474 1412 Bias
497 1358 621 1423 autem,
645 1348 882 1433 campaniam
906 1349 977 1411 eius
1000 1346 1143 1411 Prienen
1170 1344 1285 1410 hostes
1312 1344 1567 1409 inuasissent.

305 1449 469 1530 omnibus,
493 1476 576 1540 quos
599 1452 697 1518 modo
722 1455 862 1518 saeuitia
883 1452 960 1518 belli
974 1452 1154 1518 incolomes
1179 1452 1268 1516 abire
1289 1473 1411 1537 passa
1430 1452 1568 1519 suerat,

304 1561 523 1647 pretiosarum
544 1581 653 1625 rerum
668 1561 814 1645 pondere
829 1560 957 1624 onustis
972 1558 1185 1646 fugientibus,
1207 1560 1452 1644 interrogatus
1479 1552 1592 1641 quidn

303 1670 350 1733 ita
372 1666 453 1733 nihil
475 1688 516 1730 ex
537 1665 633 1730 bonis
657 1667 728 1730 suis
752 1688 865 1731 secum
888 1668 1001 1741 ferret,
1030 1665 1113 1755 ‘Ego
1141 1663 1246 1741 uem',
1275 1666 1406 1751 inquit,
1449 1662 1565 1727 ‘bona

220 1849 224 1858 .
304 1794 381 1839 mea
402 1792 531 1835 meeum
553 1769 668 1856 porto'.
713 1770 850 1835 Pectore
875 1774 962 1838 enim
989 1771 1045 1837 illa
1077 1772 1242 1859 gestabat,
1271 1792 1340 1836 non
1362 1771 1561 1857 humeris,

220 1880 256 1921 ‘7
304 1900 366 1943 nec
400 1876 503 1942 oeulis
538 1876 688 1953 uisenda,
722 1877 784 1941 sed
817 1876 1025 1943 aestimanda
1060 1878 1182 1945 animo.
1230 1877 1322 1959 Quae
1356 1876 1556 1944 domicilio

304 1986 422 2051 mentis
445 1982 575 2049 inclusa
596 2002 659 2047 nec
681 1983 868 2050 mortalium
896 2006 957 2050 nec
988 1984 1125 2051 deorum
1154 1984 1306 2051 manibus
1334 1981 1552 2051 labefactari

305 2101 437 2179 queunt,
461 2100 493 2153 et
505 2097 542 2151 ut
555 2088 762 2154 manentibus
777 2102 910 2174 praesto
927 2102 1013 2167 sunt,
1036 2092 1082 2157 ita
1096 2092 1259 2179 fugientes
1275 2112 1343 2157 non
1358 2091 1551 2157 deserunt.
1561 2104 1584 2146 u

262 2187 295 2253 4·
393 2194 465 2261 lam
476 2194 625 2259 Platonis
646 2195 757 2261 uerbis
780 2199 925 2273 astricta,
948 2197 1010 2263 sed
1025 2217 1127 2263 sensu
1141 2197 1337 2283 praeualens
1353 2195 1544 2262 sententia
1612 2197 1613 2208 ’

305 2301 372 2384 Qui
393 2314 462 2368 tum
489 2301 622 2369 demum
649 2302 781 2368 beatum
809 2313 969 2369 terrarum
997 2304 1110 2369 orbem
1138 2304 1282 2367 futurum
1310 2300 1542 2389 praedicauit,

304 2432 380 2497 cum
403 2418 460 2475 aut
482 2410 648 2495 sapientes
671 2430 813 2497 regnare
836 2420 895 2475 aut
915 2430 1014 2497 reges
1038 2430 1154 2497 sapere
1178 2410 1377 2496 coepissent.

262 2504 292 2573 5·
392 2516 464 2580 Rex
491 2516 590 2580 edam
615 2513 670 2578 ille
698 2515 826 2580 subtilis
855 2515 982 2591 iudicii,
1016 2536 1114 2602 quem
1144 2516 1252 2581 ferunt
1278 2515 1436 2581 traditum
1469 2512 1532 2579 sibi

303 2618 457 2683 diadema
478 2621 671 2708 priusquam
694 2622 791 2709 capiti
817 2623 986 2710 inponeret
1017 2632 1175 2688 retentum
1205 2622 1260 2687 diu
1289 2622 1560 2687 considerassem

303 2749 343 2792 ac
367 2727 491 2791 dixisse
514 2725 554 2792 6Ο
578 2727 721 2793 nobilem
743 2730 853 2817 magis
878 2751 977 2818 quam
1000 2728 1129 2795 felicem
1151 2727 1312 2816 pannum!
1348 2729 1472 2810 Quem,
1498 2725 1525 2790 si

304 2833 377 2918 quis
401 2833 529 2918 penitus
554 2845 735 2920 cognoscat
764 2856 863 2921 quam
885 2835 995 2902 multis
1020 2835 1291 2902 sollicitudinibus
1316 2845 1347 2898 et
1369 2831 1523 2921 periculis

305 2947 338 3002 et
358 2938 502 3002 miseriis
526 2939 568 3001 sit
588 2941 740 3016 refertus,
762 2961 803 3003 ne
825 2939 918 3006 humi
943 2942 1074 3028 quidem
1097 2944 1258 3008 iacentem
1281 2941 1393 3006 tollere
1418 2939 1521 3006 uellet.

307 3094 331 3150 1.
340 3096 456 3147 habituri
471 3093 623 3150 cnara
627 3113 672 3168 pr.
681 3096 713 3151 A.
723 3096 786 3150 cdd.
795 3100 815 3153 l.
824 3102 855 3152 P.
865 3102 918 3151 sint
928 3101 1006 3152 futuri
1015 3115 1105 3169 mnrpo
1113 3099 1266 3170 A-lidlmilte
1274 3101 1333 3166 (litt.
1344 3101 1370 3152 di
1380 3099 1409 3151 ia
1418 3104 1522 3154 amn)

303 3165 341 3221 D.
351 3168 443 3219 omitte
451 3164 633 3236 EFllpropia
643 3168 675 3223 F.
684 3167 730 3240 112.
739 3172 923 3224 consulatione
935 3171 967 3224 A.
975 3171 989 3242 11
997 3169 1022 3226 3.
1032 3175 1137 3224 cladum
1146 3171 1179 3225 F.
1188 3169 1200 3242 11
1209 3182 1339 3239 consepta
1351 3172 1383 3226 A.
1395 3175 1518 3224 conserte

303 3235 335 3292 F.
346 3237 360 3305 11
372 3236 398 3291 4.
416 3253 468 3290 sua
485 3240 559 3290 mais
576 3237 608 3293 F.
624 3239 639 3307 11
654 3243 790 3306 propriam
806 3239 896 3296 ΑΠ’.
912 3244 926 3312 11
942 3247 1080 3310 reportare
1097 3242 1128 3296 F.
1146 3242 1202 3310 115.
1220 3246 1311 3312 quam}
1332 3246 1411 3310 quasi
1430 3236 1516 3306 mitt

304 3312 450 3379 colligabat
464 3324 508 3378 pr.
526 3307 558 3361 A.
577 3313 753 3381 colligebatur
769 3307 807 3364 D.
823 3311 837 3378 11
853 3315 947 3364 sortito
965 3313 1078 3366 coniecit
1092 3313 1210 3381 lipsius.
1229 3313 1241 3374 ΙΙ
1260 3315 1286 3370 8.
1304 3317 1427 3382 prienem
1445 3306 1521 3366 CB?

305 3377 382 3433 Torr.
394 3378 407 3447 11
419 3383 497 3433 hoste
514 3378 547 3432 F.
558 3380 572 3450 11
583 3378 609 3435 9.
627 3384 775 3434 incolumes
794 3379 913 3438 CDEl'
930 3389 1036 3438 etcorr.
1048 3383 1082 3440 A.
1104 3383 1182 3438 Tne
1201 3400 1250 3439 om
1268 3383 1300 3440 F.
1315 3385 1327 3451 11
1342 3381 1386 3438 10.
1404 3387 1515 3450 pondere

301 3466 351 3506 om.
368 3449 397 3505 F.
412 3449 425 3521 11
438 3455 662 3520 interrogantibus
681 3450 711 3506 F.
723 3453 737 3521 11
750 3455 818 3520 quod
837 3450 864 3505 F
880 3459 905 3506 et
922 3469 991 3508 corr.
1009 3453 1046 3508 D.
1058 3455 1071 3522 ΙΙ
1084 3452 1126 3509 11.
1144 3471 1208 3508 uero
1230 3472 1278 3510 om.
1297 3454 1329 3508 F.
1343 3453 1355 3524 11
1373 3454 1413 3508 12.
1434 3449 1514 3522 porto]

301 3524 391 3575 omnia
408 3525 466 3576 iero
483 3522 546 3575 Par.
558 3521 572 3589 ΙΙ
585 3521 626 3578 lii.
645 3526 672 3589 ς.
696 3522 714 3576 4
735 3537 784 3576 aar.
802 3522 833 3577 F.
854 3522 859 3594 1
886 3527 1005 3593 astricta]
1029 3531 1088 3578 nats
1110 3529 1200 3578 uerbis
1223 3525 1258 3580 Ε.
1282 3529 1375 3578 stricta
1393 3525 1432 3580 D.
1450 3526 1464 3593 11
1481 3519 1515 3577 it.

301 3593 421 3646 fecerunt
429 3611 473 3662 pr.
485 3593 517 3648 A.
531 3590 544 3661 11
558 3595 621 3663 sibi]
636 3591 699 3646 cdd.
711 3587 756 3660 riui
769 3593 801 3647 F.
815 3594 827 3664 11
897 3599 1021 3663 paenitus
1029 3611 1075 3665 pr.
1087 3595 1118 3650 A.
1133 3597 1145 3664 11
1159 3601 1292 3666 agnoscat
1303 3596 1333 3651 F.
1346 3597 1516 3668 cognosceret

305 3659 380 3718 Viso.
396 3663 498 3718 Bellon.
516 3681 556 3734 sp.
574 3665 634 3720 tiu
657 3662 716 3726 Vll.
738 3661 797 3720 121.
814 3683 855 3736 sp.
874 3666 958 3721 docta
981 3665 1013 3723 V.
1035 3664 1094 3720 121.
1105 3664 1173 3738 1123
1195 3670 1259 3720 uelit
1275 3664 1308 3722 Γ.

372 3798 398 3854 3.
417 3806 457 3858 01.
476 3807 530 3858 Cic.
547 3807 642 3870 parad.
662 3804 685 3864 1,
707 3804 730 3858 1.
749 3807 861 3873 Stilponi
879 3811 949 3858 idem
969 3812 1065 3860 dictum
1084 3811 1174 3861 tribuit
1185 3809 1292 3862 Seneca
1309 3812 1343 3862 de
1362 3812 1450 3860 const.
1463 3825 1515 3874 sap.

300 3867 327 3922 b.
344 3874 424 3936 epist.
443 3876 478 3924 ad
498 3876 582 3927 Lucil.
599 3874 625 3928 t.
649 3877 689 3926 01.
706 3877 785 3946 Diog.
803 3879 894 3930 Laert.
913 3879 945 3934 11,
967 3875 1026 3933 115.
1049 3881 1116 3933 Plut.
1130 3883 1163 3932 de
1181 3885 1267 3947 tranq.
1283 3883 1362 3932 anim.
1381 3897 1408 3945 p.
1427 3877 1481 3934 475
1493 3881 1515 3930 C.

371 3938 397 3993 4.
416 3943 456 3994 01.
473 3944 644 4008 Pseudoplat.
662 3961 723 4010 epp.
743 3945 767 4006 l,
785 3965 812 4012 p.
829 3944 892 4001 335.
913 3950 966 4000 Cic.
985 3963 1045 4014 epp.
1065 3953 1098 4002 ad
1119 3957 1149 4013 Q.
1168 3953 1229 4004 irat.
1247 3953 1268 4010 l,
1291 3949 1313 4008 1,
1331 3947 1375 4004 23.

371 4008 398 4064 5.
416 4013 454 4063 01.
472 4013 547 4064 Stob.
565 4028 647 4068 serm.
665 4014 708 4067 41.
804 4031 809 4037 ·

367 4080 474 4150 penitas
491 4087 642 4149 repausent)
660 4087 758 4137 Parum
776 4090 904 4140 concinne
923 4091 949 4139 ln
969 4091 1020 4140 hoc
1039 4093 1213 4144 condicionali
1231 4094 1368 4144 enuntiato
1387 4095 1441 4143 alio
1455 4097 1516 4144 tern-

300 4167 367 4220 pore
383 4155 503 4218 protasis
522 4154 638 4213 ciiertur.
658 4156 858 4220 alioapodosis.
887 4161 925 4212 Ci'.
939 4161 1028 4214 Madu.
1045 4177 1159 4230 gramm.
1172 4165 1198 4228 ς.
1211 4159 1272 4216 iti.
1301 4166 1377 4223 Quod
1396 4166 1517 4215 sensisse

301 4226 422 4278 uidentur
439 4225 593 4276 Vincentius
612 4227 813 4278 Bellouneensis
832 4231 860 4280 st
878 4233 1049 4283 abbreuiator
1067 4235 1309 4300 Guelferbytanus,
1329 4249 1387 4284 sirm
1407 4235 1454 4286 iiie
1473 4251 1516 4300 pro

301 4301 442 4364 comerent
458 4295 630 4347 substitueret
638 4304 813 4361 copaosceret.
831 4301 874 4351 hic
892 4300 957 4354 uelit
974 4319 1022 4367 pro
1039 4302 1124 4358 uellet.
1161 4307 1306 4370 Vtrumque
1319 4307 1412 4370 probe.
1431 4319 1516 4368 neque

300 4371 391 4420 umen
414 4369 472 4419 sine
496 4368 584 4433 aliquo
609 4369 758 4420 sentcntiae
787 4372 939 4424 discrimine
971 4376 1078 4432 elicitum
1109 4377 1296 4440 probabilitate
1324 4378 1516 4428 emendationis

300 4441 493 4503 aiiquantnium
510 4440 705 4490 abbreuistoris
731 4441 931 4509 Guelferbytani
956 4447 1106 4498 coniectura
1128 4449 1258 4512 praestat.
1303 4447 1402 4498 Nescio
1427 4451 1514 4499 maren

299 4524 336 4559 an
352 4512 413 4574 ipsc
431 4514 523 4561 auctor
541 4514 679 4577 utramque
697 4513 859 4564 condicionis
877 4516 990 4567 formam
1008 4519 1201 4581 peantsenertt,
1224 4523 1252 4569 et
1269 4521 1309 4568 itu
1326 4521 1352 4567 in
1371 4519 1424 4569 flue
1443 4517 1518 4569 uellet

298 4583 427 4644 poscent.
446 4584 526 4646 qnasi
543 4583 731 4647 praemisisset
747 4592 920 4651 copnoscerst.
957 4589 1037 4640 Cuius
1059 4590 1175 4642 leuitatis
1194 4589 1403 4654 compluentem
1423 4593 1448 4640 in
1467 4589 1516 4640 hoc

299 4651 430 4714 scriptore
447 4654 597 4707 deteximus
615 4655 748 4720 exemplo.
