3409 5400
512 533 595 600 LIB.
617 532 706 614 Vlll,
729 537 766 602 G.
791 539 844 616 14,
867 539 939 604 Exi.
964 549 994 617 s.
1017 542 1146 612 2.-4.
1377 550 1439 616 tol

307 696 412 782 Regis
443 704 474 757 et
501 695 630 758 iuuenis
654 695 931 781 flagrantissimas
961 699 1127 784 cupiditati
1151 702 1290 769 similem
1314 705 1481 773 Ariste-3.

212 801 290 866 telis
312 803 350 864 in
374 799 583 885 capessenda
609 801 706 865 laude
737 805 824 868 sitim
855 805 1058 870 subnectam.
1108 803 1140 869 ls
1169 827 1310 894 namque
1334 809 1439 876 Theo·

213 907 304 970 decti
339 904 500 990 discipulo
534 909 697 971 oratoriae
731 911 808 973 artis
849 909 951 974 libros
988 932 1071 996 quos
1104 910 1216 974 ederet
1249 912 1440 992 donauerat,

97 1068 101 1079 .
211 1010 420 1096 molesteque
442 1021 560 1096 postea
574 1011 684 1076 ferens
709 1014 833 1079 titulum
859 1036 971 1079 eurum
991 1017 1039 1078 sic
1056 1015 1112 1079 alii
1128 1018 1283 1092 cessisse,
1306 1023 1438 1104 proprio

178 1142 195 1184 a
212 1115 383 1180 uolumine
406 1115 602 1201 quibusdam
617 1118 715 1183 rebus
731 1121 899 1194 insistens,
923 1120 1051 1206 planius
1069 1120 1131 1184 sibi
1148 1121 1188 1184 de
1208 1121 1260 1186 his
1283 1125 1317 1188 in
1334 1124 1439 1189 Theo·

213 1221 322 1284 deciis
344 1221 436 1285 libris
466 1219 587 1285 dictum
617 1243 692 1288 esse
722 1225 849 1292 adiecit.
904 1225 976 1290 Nisi
1004 1245 1057 1289 me
1086 1237 1194 1291 tantae
1224 1239 1254 1292 et
1286 1241 1352 1294 tam
1374 1231 1438 1294 late

211 1327 357 1412 patentis
381 1327 538 1389 scientiae
560 1330 760 1394 uerecundia
784 1343 924 1406 teneret,
953 1331 1095 1396 dicerem
1125 1332 1261 1419 dignum
1291 1334 1438 1420 philoso-

211 1431 334 1517 phum,
358 1433 451 1494 cuius
476 1431 662 1498 stabiliendi
685 1456 794 1500 mores
824 1436 947 1500 altioris
981 1437 1082 1500 animi
1110 1437 1307 1524 philosopho
1331 1440 1437 1504 trade·

213 1548 337 1602 rentur.

171 1663 202 1706 m
311 1643 462 1706 Ceterum
492 1643 598 1729 gloria
625 1666 667 1707 ne
696 1645 737 1708 ab
765 1645 818 1710 his
850 1645 998 1732 quidem,
1036 1648 1090 1730 qui
1120 1657 1337 1732 contemptum
1367 1649 1437 1712 eius

212 1747 421 1812 introducere
445 1758 615 1825 conantur,
638 1750 832 1837 neglegitur,
860 1752 1016 1837 quoniam
1040 1751 1171 1836 quidem
1193 1753 1276 1837 ipsis
1300 1753 1437 1817 uolumi-

212 1853 312 1916 nibus
335 1855 468 1916 nomina
491 1874 554 1917 sua
577 1854 750 1940 diligenter
773 1855 931 1930 adiciunt,
963 1865 997 1918 ut
1025 1856 1112 1941 quod
1143 1857 1349 1941 professione
1373 1857 1437 1922 ele·

212 1967 294 2021 nant
332 1961 544 2043 usurpatione
578 1962 757 2024 memoriae
796 1962 1028 2046 adsequantur.
1087 1960 1155 2024 Sed
1191 1961 1437 2048 qualiscumque

211 2062 332 2127 horum
353 2063 570 2127 dissimulatio
593 2067 762 2150 proposito
778 2066 905 2129 iliorum
922 2065 1021 2151 longe
1038 2063 1245 2141 tolerabilior,
1271 2069 1336 2153 qui,
1360 2066 1436 2132 dum

174 2178 380 2232 coaeternam
404 2171 596 2233 memoriam
619 2169 887 2255 adsequerentur,
911 2172 1008 2234 etiam
1032 2169 1209 2234 sceleribus
1232 2173 1437 2236 innotescere

213 2295 283 2338 non
306 2273 501 2339 dubitarunt.

304 2378 453 2459 Quorum
483 2401 501 2440 e
530 2400 666 2442 numero
695 2381 806 2444 nescio
836 2401 879 2443 an
908 2381 940 2444 in
969 2381 1082 2465 primis
1106 2377 1291 2444 Pausanias
1320 2378 1479 2448 debeaid.

214 2485 339 2549 referri.
385 2483 470 2547 Nam
499 2505 574 2548 cum
596 2483 792 2548 Hermoclen
820 2493 1029 2568 percontatus
1059 2495 1148 2547 esset
1171 2505 1314 2568 quonam
1337 2484 1436 2548 modo

215 2589 323 2653 subito
347 2588 455 2652 clarus
478 2599 595 2672 posset
623 2589 764 2652 euadere
792 2599 888 2675 atque
917 2589 945 2652 is
969 2589 1208 2673 respondisset,
1238 2590 1268 2652 si
1296 2587 1436 2674 aliquem

177 2694 385 2759 miniustrem
413 2694 520 2758 uirum
549 2693 740 2769 occidisset,
775 2695 916 2757 futurum
949 2706 983 2756 ut
1018 2693 1123 2781 gloria
1154 2695 1225 2759 eius
1257 2694 1300 2759 ad
1328 2694 1435 2779 ipsum

214 2800 428 2875 redundaret,
452 2802 604 2876 contiuuo
628 2798 816 2885 Philippum
844 2801 1020 2875 interemit,
1050 2808 1081 2861 et
1110 2799 1240 2885 quidem
1270 2798 1357 2885 quod
1381 2818 1436 2883 pe·

215 2910 308 2972 tierat
336 2906 513 2972 adsecutus
544 2918 609 2980 est;
639 2916 704 2969 tam
734 2926 771 2968 se
801 2904 976 2991 parricidio
1006 2926 1104 2993 quam
1128 2902 1298 2991 Philippus
1320 2904 1436 2967 uirtute

215 3025 327 3077 notum
349 3013 489 3097 posteris
513 3011 662 3075 reddidit.

219 3167 241 3222 1.
260 3172 412 3222 aristoteles
430 3166 462 3219 Α.
474 3167 524 3234 112.
543 3170 679 3220 theoderiti
693 3183 738 3236 pr.
755 3167 788 3221 A.
806 3171 950 3220 theodecte
968 3166 1005 3221 D.
1028 3169 1144 3219 theodoti
1163 3164 1192 3221 F.
1211 3168 1326 3219 thedecti
1340 3180 1385 3232 pr.
1405 3162 1437 3218 Γ.

231 3240 283 3311 113.
302 3241 422 3291 ediderat
439 3236 504 3289 DF.
516 3237 531 3303 11
541 3236 568 3290 b.
587 3241 712 3289 uolumini
731 3238 765 3290 Ε.
777 3238 791 3304 11
803 3243 836 3289 de
855 3241 898 3289 iris
917 3254 965 3290 om.
985 3234 1013 3288 1³.
1026 3235 1039 3303 11
1050 3240 1077 3287 iu
1095 3253 1144 3290 eta.
1158 3252 1204 3304 pr.
1222 3236 1259 3288 D.
1272 3238 1286 3303 11
1302 3237 1436 3286 theodocti

218 3312 254 3366 D.
272 3311 406 3361 theodotis
423 3306 452 3360 F.
467 3306 480 3375 11
495 3305 519 3357 i.
537 3309 665 3357 scientiae
684 3311 801 3371 patentis
820 3307 850 3360 Γ.
862 3307 876 3372 11
888 3310 988 3359 diceret
1006 3306 1036 3361 Γ.
1054 3304 1107 3373 118.
1127 3308 1237 3357 altiores
1252 3319 1296 3373 pr.
1316 3302 1347 3355 A.
1367 3302 1436 3424 'lim

218 3382 304 3434 abiis
322 3378 383 3445 tan
399 3376 437 3429 11.
456 3381 581 3428 iuducere
599 3375 637 3429 D.
649 3378 663 3443 11
676 3374 716 3429 12
735 3380 826 3428 leuant
843 3376 871 3428 D
891 3384 916 3428 et
933 3375 1246 3445 οονν.·ι11114.1ιοωω1
1267 3388 1357 3424 eorum
1405 3371 1437 3425 F.

228 3451 241 3519 11
252 3448 426 3512 tolerabilior]
445 3445 507 3499 aad
527 3449 569 3497 est
587 3445 614 3497 Ε
632 3452 657 3496 et
675 3461 744 3497 corr.
763 3446 802 3500 D.
828 3444 905 3497 Turr.
916 3448 930 3513 11
947 3448 1020 3512 dum]
1041 3452 1068 3496 ut
1086 3445 1122 3497 D.
1139 3445 1153 3510 11
1173 3440 1212 3495 lii.
1232 3444 1382 3494 dubitarent
1398 3441 1435 3494 Ε.

228 3520 242 3587 11
256 3518 296 3572 11.
314 3522 342 3583 s.
359 3517 377 3569 4
394 3533 443 3569 om.
461 3515 492 3569 f.
504 3516 519 3582 11
530 3532 564 3566 ex
581 3514 618 3566 D.
630 3516 644 3580 11
655 3517 757 3565 debeas
777 3515 806 3567 D.
825 3518 905 3565 debet
923 3514 1036 3584 111118.
1056 3517 1157 3567 reterre
1176 3511 1204 3566 F.
1216 3512 1229 3579 11
1241 3515 1301 3562 dum
1321 3511 1435 3563 DTorr.

228 3592 242 3659 11
253 3590 414 3641 bermociem
431 3586 476 3638 sei
491 3579 629 3637 bermocie‘
648 3583 847 3637 cunnum.
874 3586 879 3651 1
901 3580 940 3636 ld.
960 3585 1087 3650 aliquem}
1107 3588 1170 3651 pest
1190 3586 1276 3633 uirum
1294 3580 1399 3634 FTorr.
1411 3582 1425 3649 11

218 3660 261 3714 21).
280 3663 363 3711 uirum
387 3661 517 3709 illustram
541 3654 578 3708 D.
604 3658 688 3707 uirum
712 3658 841 3706 illustrem
889 3653 923 3721 ,11
942 3652 984 3707 21.
1004 3658 1030 3705 et
1049 3653 1165 3720 quidem]
1186 3654 1306 3717 equidem
1326 3648 1435 3717 111122.

219 3731 285 3799 tam]
303 3733 403 3780 tantum
422 3743 493 3781 cerr.
514 3725 543 3779 G.
566 3731 669 3778 tantum
693 3728 762 3777 euim
780 3723 817 3776 D.
840 3728 896 3775 iam
916 3727 985 3777 enim
1008 3722 1113 3775 FTorr.
1129 3724 1142 3790 11
1160 3724 1299 3787 parricidio
1317 3736 1349 3773 se
1369 3720 1397 3773 F.
1410 3720 1424 3786 ΙΙ

220 3802 309 3870 quem}
329 3804 454 3866 quantum
472 3796 501 3850 D
520 3802 546 3849 et
562 3812 632 3849 corr.
653 3795 681 3849 C.
693 3795 707 3862 11
719 3796 823 3862 uirtute]
843 3793 906 3849 add.
925 3798 1011 3849 inerat
1028 3792 1057 3845 D
1076 3799 1100 3844 et
1118 3808 1208 3859 morpe
1227 3789 1258 3844 A.
1280 3793 1367 3843 iuerat
1385 3794 1435 3843 uir·

220 3877 272 3924 tute
289 3866 404 3937 111123.
422 3869 525 3935 notum]
544 3866 606 3921 add.
625 3881 657 3919 se
674 3866 706 3919 F.

221 4015 291 4070 baut,
312 4013 464 4061 uiderentur
482 4012 625 4077 angustae.
666 4007 700 4057 at
723 4008 869 4071 simplicius
894 4010 921 4056 et
943 4006 1107 4071 probabilius
1133 4004 1286 4055 Perizonius
1310 4002 1434 4052 mendum

221 4083 326 4133 sustulit
343 4082 431 4131 deleto
447 4078 565 4145 ylerdae,
585 4081 624 4129 ita
641 4078 670 4127 ut
687 4080 714 4128 ct
730 4080 757 4128 io
775 4078 902 4141 primaria
920 4080 947 4127 et
964 4078 990 4126 in
1009 4077 1121 4127 relatiua
1138 4075 1273 4127 sententia
1291 4074 1384 4122 auctor
1402 4072 1436 4120 de

222 4156 277 4204 solo
296 4154 384 4216 spatio
403 4152 588 4213 possessionis
607 4150 705 4199 bomini
723 4149 802 4197 nimis
820 4152 938 4215 angusto
958 4148 1059 4196 dixisse
1071 4146 1204 4208 putandus
1223 4146 1266 4193 sit.
1305 4142 1375 4191 idem
1396 4141 1437 4189 uir

222 4224 389 4273 doctissimus
407 4220 560 4284 suspectam
580 4234 673 4269 uocem
692 4236 710 4268 a
727 4219 835 4268 librario
849 4221 962 4281 quodam
982 4218 1124 4279 ascriptam
1138 4228 1210 4273 esse,
1229 4214 1283 4274 qui,
1302 4226 1362 4260 cum
1381 4212 1436 4259 toto

221 4296 269 4343 boc
292 4294 379 4355 eapite
401 4293 428 4340 et
452 4291 562 4354 proinde
590 4292 671 4339 etiam
689 4291 741 4339 ime
764 4290 888 4349 exemplo
912 4290 945 4338 ‹ie
969 4287 1056 4355 gioria
1080 4288 1190 4353 agatur,
1216 4298 1248 4333 eo
1272 4280 1392 4331 retulerit
1410 4280 1437 4327 et

222 4365 290 4413 maie
317 4363 447 4411 definierit
476 4362 693 4423 possessiouem,
723 4361 778 4410 ueri
803 4359 923 4408 similiter
951 4360 1091 4407 admodum
1123 4355 1233 4410 conicit,
1261 4349 1436 4415 probauitque

222 4436 368 4498 opinionem
388 4446 463 4480 suam
483 4432 563 4481 etiam
582 4429 718 4481 Torrenio.

289 4498 611 4555 &nemetensem
631 4500 707 4550 Alex.
728 4496 739 4549 1
761 4516 787 4563 p.
807 4494 872 4550 1421
894 4498 977 4548 lieltlr.
997 4498 1082 4557 Quini.
1102 4495 1133 4551 ll,
1155 4490 1196 4549 15.
1219 4488 1259 4543 10.

291 4571 411 4624 ecana
425 4569 513 4636 yterio
529 4586 563 4621 tte
580 4568 613 4620 ab
630 4568 673 4620 111
690 4567 802 4636 quidem)
824 4570 863 4619 Cf.
882 4570 935 4619 Cic.
953 4583 1001 4631 pro
1021 4567 1099 4616 Arsit.
1122 4561 1161 4623 ll,
1180 4558 1224 4614 211.

290 4641 316 4695 4.
335 4644 373 4695 Gi.
393 4642 483 4692 lustin.
503 4643 549 4700 ix,
568 4637 586 4691 u
604 4643 632 4690 et
650 4639 675 4692 1.
699 4641 765 4691 Piut.
784 4642 859 4692 Aiex.
882 4636 921 4689 10.
945 4638 1135 4690 iiermocraten
1159 4640 1208 4702 pru
1227 4630 1367 4682 liermocie
1391 4642 1436 4697 po·

224 4715 273 4765 suit
289 4714 367 4769 Diod.
386 4711 439 4763 Sic.
456 4712 528 4770 xvi,
547 4706 582 4760 94
600 4727 626 4775 p.
647 4706 706 4763 154.
