3409 5400
1393 535 1437 605 87

204 703 345 782 putasse
369 705 401 758 et
425 717 491 760 una
513 717 587 760 cum
611 694 800 762 Valerianis
824 696 860 760 in
883 696 1113 782 compendium
1135 697 1323 784 redegisse,
1346 698 1437 765 haud

205 803 308 866 dubie
332 802 411 888 quia
434 805 499 868 iarn
526 802 724 869 adhaeserat
754 805 784 866 ei
811 804 972 868 factorum
1005 816 1037 867 et
1058 802 1217 869 dictorum
1240 806 1435 871 memorabi-

202 909 289 974 lium
313 909 472 995 exemplo,
497 933 560 996 quo
584 933 666 976 usus
691 921 740 974 est
764 911 968 996 epitomator.
1020 911 1143 975 Aberat
1173 924 1281 976 autem
1313 926 1345 977 et
1365 915 1435 978 iure

204 1016 344 1103 quidem
368 1017 410 1082 ab
435 1017 499 1082 alio
525 1018 668 1103 quodam
692 1017 821 1092 codice,
846 1040 865 1080 s
895 1039 959 1105 quo
984 1040 1099 1083 omnes
1127 1020 1182 1104 qui
1204 1017 1304 1083 hodie
1327 1033 1437 1085 extant

202 1123 281 1188 libri
312 1125 527 1210 manuscripti
559 1127 720 1211 originem
752 1137 958 1210 acceperunt.
1013 1126 1094 1192 (lum
1122 1125 1176 1190 illo
1200 1148 1258 1190 cur
1280 1127 1438 1191 coaluerit

202 1253 293 1317 opus
316 1230 413 1296 alieni
437 1252 573 1316 prorsus
597 1233 781 1320 argmnenti
806 1243 838 1294 et
862 1232 991 1297 consilii
1007 1232 1139 1296 difficile
1164 1245 1214 1296 cst
1230 1233 1317 1297 dictu
1339 1233 1435 1297 liber·

203 1359 272 1423 que
307 1337 453 1402 manebit
493 1339 737 1424 suspicionibus
778 1358 926 1423 campus.
988 1337 1087 1418 Quod
1124 1339 1278 1405 Valerius
1317 1341 1436 1406 Antias

203 1445 315 1530 primo
339 1445 445 1530 capite
470 1444 510 1508 de
534 1445 801 1530 praenominibus
826 1446 1019 1510 nominatim
1043 1449 1168 1522 citatur,
1200 1449 1344 1532 profecto
1368 1471 1434 1512 nou

203 1553 312 1638 potuit
335 1573 472 1616 causam
496 1552 672 1638 praebere,
703 1563 737 1615 nt
759 1552 881 1638 placuit
904 1575 978 1616 cum
1003 1553 1076 1618 aliis
1100 1554 1297 1639 quibusdam
1320 1556 1435 1620 Grote·

168 1695 171 1706 ·
204 1657 341 1732 fendio,
370 1679 427 1722 cur
450 1660 577 1745 integer
599 1658 653 1723 ille
677 1657 803 1722 libellus
834 1655 960 1723 Valerii
988 1671 1153 1744 putaretur
1175 1659 1329 1734 Maximi,
1360 1684 1435 1725 cum

204 1767 264 1852 qui
295 1762 421 1830 Valerii
450 1785 570 1830 nomen
601 1765 647 1830 ibi
685 1778 974 1831 courmenroratmn
1007 1766 1050 1830 ad
1078 1778 1225 1837 nostrum
1256 1767 1436 1832 Maximum

204 1873 345 1936 referret
367 1891 406 1934 eo
430 1873 503 1956 ipso
528 1873 568 1936 de
592 1872 724 1936 diuerso
738 1871 858 1936 decimi
872 1871 944 1936 libri
962 1885 1095 1938 auctore
1117 1874 1229 1936 doceri
1252 1873 1436 1950 debuissets

206 1999 315 2064 neque
339 1979 427 2040 enim
452 1977 606 2045 Valerius
623 1979 787 2044 Maximus
813 1979 853 2042 de
870 2001 908 2042 se
930 1992 1058 2064 poterat
1073 1980 1182 2044 dicere
1205 1982 1238 2044 in
1261 1979 1436 2046 referenda

205 2085 373 2150 sententia
395 2085 555 2150 ‘Valerius
579 2085 704 2150 sotat'
727 2096 759 2152 et
782 2108 814 2170 q.
837 2109 911 2172 sqq.

713 2405 927 2420 m

204 2764 265 2829 DE
296 2760 516 2827 IANVARIO
548 2760 802 2827 NEPOTIANO
832 2760 889 2827 ΕΤ
917 2758 1033 2826 ALIIS
1063 2758 1246 2828 VALERII
1268 2759 1434 2826 ΜΑΧῘΜῙ

604 2866 1035 2934 ABBREVIATORIBVS.

295 3048 463 3117 Hactenus
489 3070 573 3135 quae
597 3047 641 3113 ad
655 3046 769 3112 Iulium
786 3045 942 3113 Paridem
964 3046 1126 3132 pertinent
1143 3048 1310 3132 copiosius
1334 3046 1432 3132 paulo

203 3154 403 3243 explicanda
426 3166 532 3229 erant,
563 3156 640 3243 quia
667 3157 700 3219 in
730 3152 930 3219 restituendo
953 3150 1079 3217 Valerii
1102 3173 1200 3240 opere
1231 3155 1431 3240 primasius

204 3274 257 3329 est
281 3274 314 3325 et
336 3266 514 3350 praecipua
537 3262 724 3327 auctoritas
769 3257 909 3325 Breuius
933 3260 999 3325 iam
1020 3260 1060 3323 dc
1083 3260 1185 3325 altero
1210 3262 1433 3345 spitametam,

84 3380 86 3387 ’
204 3392 304 3457 quem
335 3369 422 3459 Aug.
445 3370 555 3435 Maius
588 3379 679 3433 ante¹
695 3367 756 3431 hos
784 3368 899 3455 uiginti
928 3378 993 3430 tres
1024 3386 1129 3430 annos
1157 3368 1193 3429 in
1222 3365 1329 3430 lucem
1357 3389 1432 3452 pro·

204 3480 303 3543 traxit
316 3482 350 3557 ¹),
375 3476 415 3541 de
439 3476 592 3543 Ianuario
616 3474 801 3561 Nepotiane
830 3494 931 3559 agere
954 3472 1073 3549 licebit,
1098 3475 1217 3560 quippe
1241 3475 1296 3560 qui
1319 3492 1432 3557 supcr-

203 3584 335 3649 stitibus
360 3582 440 3646 XXI
463 3583 640 3669 capitibus,
670 3602 752 3669 quac
777 3580 860 3644 duos
885 3590 1010 3643 tantum
1031 3583 1158 3667 priores
1182 3579 1308 3644 Valerii
1329 3578 1431 3643 libros

203 3704 236 3755 et
258 3690 388 3755 initium
412 3690 496 3753 tertii
520 3695 636 3775 (usquc
659 3687 703 3753 ad
722 3684 776 3761 III,
801 3688 831 3761 2,
858 3688 902 3765 7.)
926 3688 1100 3759 continent,
1124 3686 1270 3753 auerbis
1286 3687 1435 3773 primarii

204 3798 350 3861 auctoris
376 3796 459 3859 adeo
482 3796 670 3869 recesserit,
699 3806 744 3858 tot
773 3794 872 3858 ctiam
895 3794 1137 3877 praetermissis
1169 3794 1242 3857 aliis
1274 3794 1431 3880 exemplis

204 3904 316 3968 aliena
345 3902 557 3967 admiscuerit
583 3914 618 3965 ut
651 3902 765 3987 paucis
798 3900 965 3965 dumtaxat
993 3900 1077 3965 locis
1106 3900 1270 3987 insignius
1300 3902 1433 3965 criticas

204 4012 266 4075 arti
296 4010 375 4073 inde
404 4008 564 4073 redundet
588 4006 850 4072 emolumentum.
902 4005 951 4070 lta
981 4028 1049 4070 non
1079 4006 1239 4071 habentur
1265 4009 1300 4071 in
1330 4006 1432 4071 Vale·
1505 4075 1507 4082 ,

203 4118 374 4183 rianorum
405 4115 625 4201 exemplorum
660 4117 744 4179 serie
783 4112 843 4177 sed
877 4112 1007 4178 aliunde
1037 4114 1198 4180 arcessita
1232 4125 1308 4179 suut
1346 4138 1431 4201 quae

203 4236 379 4290 narrantur
402 4245 431 4287 c.
454 4221 527 4298 VII,
552 4222 583 4297 3,
606 4244 639 4309 p.
659 4224 722 4287 100
737 4221 816 4284 Mai.
852 4242 881 4285 c.
904 4218 981 4294 XV,
1004 4228 1055 4296 ss.
1071 4221 1102 4294 6,
1129 4222 1158 4294 7,
1181 4222 1212 4296 8,
1239 4222 1289 4287 12.
1337 4220 1431 4301 Quae

201 4332 358 4420 leguntur
381 4330 498 4395 eodem
522 4330 628 4415 capite
653 4338 702 4407 ss.
727 4328 785 4403 ¹17,
819 4328 877 4402 18,
903 4326 960 4401 19,
983 4328 1026 4392 20
1055 4325 1281 4412 desumpsisse
1304 4328 1431 4391 uidetur

203 4438 411 4529 eCiceronis
435 4436 495 4501 llll
518 4438 558 4501 de
583 4437 731 4523 rep.c.3
756 4446 787 4497 et
810 4436 848 4510 43
873 4455 958 4521 quae
981 4431 1038 4509 IX,
1061 4435 1115 4509 21,
1139 4434 1260 4519 p.105,
1284 4433 1432 4511 (Cumque

201 4546 343 4611 disces-ai
366 4544 409 4607 cd
429 4546 619 4627 sepultarum
641 4550 708 4621 etc.)
733 4564 773 4609 ex
797 4540 916 4610 eodem
939 4541 1097 4606 Cicerone
1121 4540 1162 4607 de
1191 4552 1271 4607 orat.
1299 4536 1346 4613 II,
1374 4538 1430 4615 86,

202 4698 419 4711 ——u—n-

269 4778 295 4847 ¹)
315 4780 423 4845 Scriptt.
442 4780 503 4829 uett
523 4793 583 4831 nou.
603 4776 663 4830 coll.
682 4775 713 4829 Τ.
732 4776 775 4835 111,
796 4774 824 4827 P.
845 4774 934 4837 111,p.
954 4768 995 4828 93.

1169 4818 1334 4925 5·¹
