3409 5400
1439 534 1483 600 89

246 699 365 759 menta
391 712 412 754 e
434 690 561 759 famiIia
584 690 710 761 codicis
732 694 764 758 A
791 693 893 778 petita
904 699 944 777 ¹),
976 692 1064 783 quod
1095 716 1274 783 numquam
1302 694 1422 761 accidit
1449 697 1484 761 in

249 799 443 869 melioribus
466 802 535 867 BG.
581 800 632 867 De
654 807 685 868 Γ
701 811 819 887 postea
840 800 1035 877 uidebimus

341 909 393 975 Ex
423 930 488 999 quo
517 920 658 997 apparet
681 897 838 977 facillime
868 910 1060 998 plerumque
1090 909 1258 997 archetypi
1289 915 1484 998 scripturam

251 1039 357 1105 pesse
378 1018 541 1105 cognosci
562 1016 711 1083 adhibita
732 1019 919 1084 certissima
941 1017 1005 1085 hac
1027 1018 1144 1107 regula
1165 1029 1197 1083 et
1219 1041 1346 1096 norma,

345 1128 376 1193 1.
414 1127 446 1193 si
481 1124 554 1192 cod.
581 1126 614 1190 A
643 1126 874 1212 inprobanda
903 1126 1014 1213 aliqua
1045 1128 1212 1213 scriptura
1233 1126 1287 1191 uel
1316 1148 1390 1193 cunr
1418 1149 1485 1194 uno

253 1234 428 1301 meliorum
450 1233 607 1300 librorum
626 1234 741 1313 Rea)
767 1236 1040 1320 itacenspiratut
1063 1256 1236 1301 commune
1260 1256 1373 1301 eorum
1396 1236 1485 1301 testi-

253 1343 402 1409 mouium
414 1363 482 1410 non
492 1362 583 1409 mero
596 1344 691 1408 casui
702 1341 858 1407 debeatur
871 1342 988 1409 eadem
1000 1345 1163 1428 scriptura
1173 1344 1282 1411 eratin
1295 1342 1485 1430 archetypo.

345 1452 378 1517 2.
413 1450 508 1533 Quae
522 1452 719 1518 ‚omittuntur
747 1452 782 1517 in
803 1451 836 1517 A
860 1460 892 1517 et
915 1452 957 1516 ¹in
980 1471 1046 1517 uno
1074 1474 1092 1515 e
1115 1450 1250 1539 reliquis
1272 1450 1487 1527 BGDEII'I',

254 1581 300 1625 ea
321 1558 458 1624 deerant
478 1559 514 1623 in
536 1556 725 1645 archetype.
770 1599 774 1608 ι

345 1665 498 1732 Dubitari
519 1676 627 1752 potest
649 1666 691 1731 de
714 1666 882 1754 archetypi
906 1668 1078 1753 scriptura,

349 1775 381 1839 1.
403 1775 434 1840 si
454 1775 487 1839 A
511 1773 677 1861 discrepat
699 1796 721 1839 a
742 1773 878 1861 reliquis
901 1776 1024 1841 uostris
1047 1773 1216 1842 codicibus
1239 1774 1322 1837 Inter
1345 1792 1383 1837 se
1407 1776 1485 1837 cori·

257 1882 487 1957 sentientibus,
509 1883 532 1946 i.
555 1902 586 1945 e.
609 1904 632 1947 a
653 1879 767 1945 codice
790 1880 833 1946 X.
886 1882 960 1964 Quo
988 1884 1075 1949 facto
1105 1881 1350 1947 diiudicandum
1378 1890 1487 1945 utrum

259 1989 350 2077 qnod
376 1988 423 2055 iIIi
450 1988 581 2055 uadunt
603 2011 621 2053 e
642 1988 767 2055 librarii
790 1990 1029 2066 emendatione,
1054 1992 1252 2065 coniectura,
1279 2008 1388 2052 errore
1411 2009 1487 2073 pro-

259 2097 382 2163 fectum
406 2096 516 2160 sitan
539 2098 755 2183 antiquiorem
782 2098 903 2183 prodat
923 2098 1063 2175 tontem3

350 2203 382 2268 2.
404 2205 436 2267 si
456 2204 489 2270 A
512 2202 680 2289 discrepat
706 2227 729 2270 a
758 2204 893 2292 reliquis
923 2227 963 2269 nc
992 2205 1046 2271 his
1078 2207 1208 2293 quidem
1239 2206 1322 2270 inter
1349 2226 1385 2271 so
1410 2228 1488 2271 con·

259 2309 475 2397 spirantibus.
527 2309 626 2391 Quod
649 2311 703 2376 ubi
727 2311 856 2387 accidit,
885 2312 1076 2400 plerumque
1099 2313 1172 2399 plus
1201 2311 1288 2377 ualet
1311 2314 1489 2378 auctoritas

260 2417 388 2483 codicis
409 2419 454 2493 A,
477 2419 570 2485 cuius
594 2418 763 2506 aannam
785 2421 981 2505 scripturam
1012 2430 1202 2485 constanter
1229 2420 1298 2483 fere
1322 2417 1492 2507 archetypi

258 2526 434 2593 lectionem
456 2526 631 2591 retinuisse
652 2526 807 2591 uidimus.

351 2631 424 2699 Iam
445 2655 536 2709 uero,
558 2643 734 2722 postquam
746 2633 835 2722 Ang.
847 2633 930 2701 Maii
940 2656 1044 2722 opera
1059 2634 1127 2702 Iulii
1142 2635 1274 2702 ParidIs
1299 2645 1329 2699 et
1347 2634 1492 2702 ianuarii

262 2741 443 2828 Nepotiani
464 2743 629 2828 epitomae
640 2719 859 2818 innotuerunt,
883 2743 927 2809 ad
940 2744 1104 2831 anIIquius
1122 2746 1221 2810 etiam
1233 2742 1359 2809 Valerii
1383 2763 1490 2808 exem·

263 2848 354 2935 plum
376 2850 527 2935 plurimis
548 2850 666 2916 saltem
686 2851 770 2916 loeis
793 2850 926 2939 regredi
949 2851 1046 2917 nobis
1066 2852 1172 2927 licuit,
1202 2875 1221 2916 e
1251 2873 1315 2939 quo
1347 2861 1379 2914 st
1401 2871 1491 2914 com·

262 2956 389 3042 pendia
409 2957 467 3024 ilIa
480 2968 512 3022 et
532 2956 729 3045 archetypus
749 2959 951 3046 integrorum
972 2958 1122 3024 codicum
1142 2961 1303 3047 originem
1319 2965 1493 3029 traxerunt,

265 3063 420 3152 qnodque
446 3063 537 3132 haud
565 3065 663 3132 dubie
690 3067 759 3132 iam
790 3076 868 3132 ante
906 3086 1028 3130 annum
1056 3067 1123 3132 400
1151 3066 1360 3131 Christianae
1394 3083 1493 3129 aerae

266 3182 437 3238 exararem
458 3181 539 3238 erat.
583 3175 775 3240 Stauramus
798 3174 887 3240 enim
902 3171 1033 3240 Paridis
1050 3174 1215 3260 epitomen
1230 3173 1338 3238 medio
1362 3170 1505 3238 demum·

266 3281 380 3367 quinto
402 3281 548 3357 sacculo,
570 3281 656 3348 ultra
677 3280 765 3369 quod
789 3302 864 3348 eam
878 3282 1042 3346 remoueri
1063 3303 1130 3346 non
1145 3303 1246 3368 posse
1261 3279 1494 3367 praediximus,

266 3388 488 3472 compositam
511 3407 597 3465 esse,
620 3397 652 3452 et
674 3411 771 3455 nemo
786 3389 861 3478 iem
876 3387 1011 3476 negabit
1024 3387 1191 3476 aliquanto
1216 3397 1301 3452 certe
1325 3387 1388 3450 boc
1412 3397 1492 3450 tem·

265 3517 332 3582 pus
354 3497 581 3580 praecessisse
596 3493 724 3562 Valerii
738 3496 897 3572 codicem,
918 3517 1015 3583 quem
1027 3493 1124 3561 Paris
1137 3494 1179 3559 ob
1199 3494 1313 3558 oculos
1333 3491 1493 3565 habuerit,

265 3624 344 3668 cum
375 3623 417 3669 ea
446 3615 649 3691 excerperet,
682 3605 800 3691 cuique
834 3615 1003 3689 tamquam
1036 3603 1198 3666 decimum
1231 3600 1386 3666 uolumen
1421 3607 1496 3682 post

265 3731 390 3777 nouem
412 3709 514 3777 libros
541 3712 711 3797 explicitos
740 3709 940 3776 adhaeserat
967 3709 1080 3774 neseio
1110 3708 1204 3792 cuius
1229 3706 1435 3795 grammatici
1458 3705 1495 3769 li-

265 3819 374 3884 bellus
397 3819 439 3884 de
463 3820 596 3884 nomine
619 3829 651 3882 et
672 3818 786 3884 uerbo.

357 3924 427 3990 Sed
450 3924 535 3990 adeo
558 3937 632 3993 arta
654 3928 754 3992 etiam
776 3928 858 3990 inter
881 3936 1052 4010 utrumque
1078 3920 1202 3988 Valerii
1235 3921 1496 3996 abbreuiatorem

265 4033 440 4100 intercedit
466 4035 611 4100 affinitas
646 4046 683 4099 ut
708 4033 853 4100 Ianuarii
882 4032 1059 4119 Nepotiani
1093 4032 1234 4117 epitome
1269 4041 1325 4095 aut
1351 4030 1428 4098 item
1458 4051 1499 4095 ex

266 4143 343 4227 ipso
366 4138 431 4204 hoe
457 4140 581 4206 decem-
593 4141 751 4208 librorum
775 4141 889 4206 codice
914 4139 1047 4205 fluxisse
1061 4149 1219 4226 »oporteat
1249 4147 1304 4203 aut
1332 4159 1350 4202 e
1374 4138 1498 4211 codice,

266 4248 327 4335 qui
349 4269 424 4315 cum
444 4246 619 4314 Paridensi
641 4249 696 4314 ilIo
720 4271 926 4314 communem
950 4249 1073 4312 fontem
1096 4246 1255 4312 babuerit.
1302 4247 1403 4310 Cuius
1428 4245 1499 4308 aiii·

266 4356 382 4421 nitatis
408 4356 469 4422 etsi
497 4379 606 4443 pauca
633 4367 773 4432 tantum,
802 4367 947 4422 attamen
976 4356 1160 4420 certissima
1189 4364 1265 4420 sunt
1290 4359 1497 4440 argumenta.

340 4587 363 4653 ¹)
381 4590 445 4641 Inde
463 4591 547 4644 habet
563 4590 593 4661 D
610 4593 711 4644 XXIIII
734 4592 782 4643 iIIa
807 4591 932 4657 exempla
950 4591 1009 4642 libri
1026 4589 1118 4653 primi,
1145 4602 1214 4653 qnae
1232 4583 1339 4637 Valerio
1362 4579 1501 4644 deperdita

267 4662 392 4713 seruauit
414 4664 443 4714 in
466 4667 653 4731 compendinm
676 4666 787 4715 redacta
809 4664 857 4715 lut.
884 4664 975 4721 Paris,
1006 4662 1068 4710 inde
1093 4656 1296 4710 Pseudoanterii
1320 4651 1416 4702 (techni
1440 4652 1501 4702 hhri

266 4736 452 4803 fragmentum
469 4738 505 4790 de
522 4738 750 4803 praenominibus,
769 4738 899 4788 sedeam
918 4735 1020 4784 tantum
1028 4731 1197 4797 partientem,
1217 4740 1286 4794 quae
1303 4723 1437 4792 hodieque
1456 4737 1500 4775 su·

265 4804 458 4878 ,amna
987 4833 993 4846 ·
