3409 5400
1577 133 1589 320 l

303 499 370 564 ets
392 488 615 574 QVANTVM
626 484 886 554 MOMENTVM
898 481 966 550 SIT
976 481 1022 548 IN
1033 477 1442 546 Pnonvrlnanosn.

1589 571 1590 606 l

303 677 387 720 usus
410 665 514 728 esset,
544 652 730 738 pariterque
753 661 785 710 et
807 646 947 712 oratoris
969 645 1082 708 uitium
1106 641 1227 705 detexit
1249 651 1281 704 et
1302 661 1430 704 causae
1447 641 1534 724 peri·

304 762 444 828 clitantis
469 769 698 846 argumentum
721 755 855 827 adiecit,
884 764 985 814 totum
1012 749 1099 812 hunc
1127 747 1236 811 locum
1264 747 1310 810 ita
1334 746 1533 810 claudendo.
1590 765 1591 798 l

305 869 364 932 ‘Tu
386 867 484 940 istud.
508 865 552 930 M.
577 862 693 935 Calidi,
717 861 782 924 nisi
806 862 960 945 fingeres.
984 857 1033 920 sie
1057 853 1211 940 ageres'i
1591 840 1592 930 l

172 976 245 1040 Exi.
266 975 295 1040 l.
396 973 660 1037 Consentaneum
687 965 764 1029 huic
790 962 1024 1028 Demosthenis
1054 962 1224 1034 iudicium,
1261 958 1429 1047 qui[dam]
1461 981 1532 1022 cum

305 1084 560 1164 interrogaretur
584 1072 740 1158 quidnam
763 1082 853 1134 essct
872 1071 904 1134 in
927 1068 1066 1133 dicendo
1088 1069 1367 1140 efficacissimum,
1393 1081 1553 1150 respon-³
1592 1071 1593 1098 ³

306 1189 352 1250 dit
375 1183 393 1270 ἢ
414 1180 588 1268 ὑπόκρισις.
635 1179 752 1243 lterum
777 1177 896 1240 deinde
920 1187 951 1238 et
973 1177 1065 1238 tertio
1089 1173 1309 1261 interpellatus
1325 1171 1420 1236 idem
1445 1171 1533 1234 dixit.
1592 1161 1593 1184 ¹

306 1313 411 1377 paene
435 1301 536 1354 totum
560 1310 596 1350 se
620 1287 666 1350 illi
690 1284 809 1348 debere
832 1281 1027 1347 confitendo.
1074 1282 1173 1346 Recte
1197 1283 1305 1366 itaque
1330 1277 1534 1342 Aeschines

307 1421 381 1462 cum
419 1407 551 1483 propter
582 1390 770 1456 iudicialem
804 1388 1020 1476 ignominiam
1054 1388 1175 1452 relictis
1204 1385 1344 1450 Athenis
1374 1383 1534 1448 Rhodum

306 1507 444 1592 petisset
467 1514 563 1587 atque
586 1501 632 1565 ibi
655 1510 771 1584 rogatu
799 1496 939 1559 ciuitatis
969 1515 1063 1558 suern
1091 1496 1179 1580 prius
1207 1495 1242 1558 iu
1271 1489 1535 1578 Ctesiphontem.

307 1612 426 1676 deinde
454 1606 688 1674 Demosthenis
723 1625 782 1688 pro
819 1602 935 1664 eodem
966 1603 1146 1666 orationem
1174 1600 1361 1664 clarissima
1392 1611 1429 1660 et
1459 1608 1563 1661 sua-¹⁸

307 1719 449 1784 sissima
471 1737 553 1777 uoce
569 1713 748 1783 recitasset,
772 1707 1008 1772 admirantibus
1024 1709 1149 1772 cunctis
1166 1709 1332 1792 utriusque
1349 1705 1534 1770 uoluminis
1594 1733 1595 1750 ι

307 1909 334 1965 2.
353 1910 518 1979 argumentis
537 1903 587 1958 CF
604 1910 629 1955 et
642 1919 686 1972 pr.
706 1902 738 1955 A.
757 1909 917 1971 argumenta
936 1901 995 1956 DE
1014 1907 1038 1954 et
1056 1917 1125 1954 corr.
1138 1901 1169 1957 A.
1181 1900 1231 1968 113.
1248 1899 1352 1954 tuneD
1372 1907 1400 1953 et
1420 1917 1494 1956 corr.
1506 1900 1534 1954 A.
1595 1933 1596 1942 .

319 1983 334 2050 ΙΙ
345 1983 412 2032 istuc
433 1977 486 2030 cie.
505 1977 582 2030 Brut.
602 1973 646 2030 80,
666 1972 727 2026 tle.
739 1973 752 2040 ΙΙ
765 1992 798 2025 m.
811 1977 897 2024 claudi
914 1973 941 2026 F.
954 1975 966 2040 ll
978 1973 1106 2042 fingeres]
1126 1971 1217 2024 ultima
1235 1971 1322 2024 littera
1340 1972 1369 2023 ie
1387 1987 1493 2024 rasere
1505 1973 1534 2024 A.

319 2051 333 2118 ΙΙ
345 2051 370 2105 4.
389 2049 506 2116 quidam]
525 2047 565 2100 eie
583 2046 614 2099 A.
633 2049 737 2096 cuidam
756 2043 784 2096 Γ.
804 2047 848 2110 qui
869 2043 955 2097 eiiii
961 2044 985 2096 F
992 2043 1067 2096 Terr.
1080 2041 1130 2111 116.
1148 2047 1330 2096 ΗΥΠΟΚΡΚ
1348 2058 1396 2111 pr.
1417 2043 1454 2096 A.
1475 2050 1535 2096 111-

304 2126 478 2175 MOKPMis
503 2133 573 2172 corr.
592 2117 623 2171 A.
646 2121 880 2168 Hrnoxrrcml
895 2117 1031 2178 respoudit
1053 2129 1142 2182 marce
1160 2114 1192 2166 A.
1215 2119 1402 2168 monle
1428 2113 1459 2167 C.
1484 2117 1533 2181 Ny·
1596 2117 1597 2140 i

309 2195 456 2258 noRpicyal
473 2206 516 2258 pr.
531 2188 565 2242 l).
586 2192 609 2238 si
628 2190 692 2238 nihil
712 2190 809 2237 dixeris
830 2187 881 2236 nisi
900 2188 998 2249 optime
1017 2189 1111 2236 scitum
1130 2201 1199 2236 corr.
1215 2183 1252 2236 D.
1273 2189 1376 2238 Ycloc
1391 2183 1432 2239 E.
1454 2190 1533 2238 uerba

308 2281 391 2334 grece
408 2262 440 2318 F.
459 2265 650 2314 ITYHOKPM
675 2257 705 2310 Γ.
718 2259 731 2325 ΙΙ
744 2258 851 2322 iterum]
871 2260 1052 2326 interrogatus
1070 2255 1105 2308 E.
1120 2255 1132 2322 ll
1147 2259 1241 2308 deinde
1259 2272 1308 2308 ora.
1320 2254 1351 2308 F.
1364 2255 1378 2322 ΙΙ
1390 2257 1435 2323 et]
1456 2273 1489 2308 ae
1506 2255 1533 2308 F.

319 2336 334 2403 ΙΙ
344 2334 540 2400 interpellatus]
560 2348 608 2383 om.
627 2329 661 2382 Ε.
685 2333 864 2396 interrogatus
883 2325 948 2378 Dl'.
966 2330 979 2395 ll
998 2328 1022 2381 l.
1041 2343 1071 2378 sc
1090 2329 1126 2378 illi
1144 2331 1227 2378 lotum
1245 2325 1273 2381 F.
1291 2326 1304 2393 ΙΙ
1321 2329 1488 2380 confidendo
1507 2325 1532 2380 C.
1597 2353 1598 2368 ³

320 2406 333 2474 ΙΙ
345 2403 370 2458 il.
389 2403 513 2472 petisset]
534 2405 653 2453 uenisset
671 2399 701 2452 F.
714 2401 728 2467 ΙΙ
740 2401 946 2462 ῑΙιοεὶιροηΐυιη
966 2397 998 2449 Α.
1022 2401 1218 2462 thesiphontem
1245 2395 1398 2450 curvor.
1421 2404 1449 2449 et
1467 2413 1530 2449 cerr.

309 2475 341 2530 A.
358 2479 504 2528 thesifonte
521 2473 557 2527 Β.
575 2475 726 2524 tesifontem
745 2469 776 2522 F.
788 2469 801 2535 ΙΙ
816 2468 856 2520 10.
876 2471 1066 2520 demosthenes
1085 2485 1131 2538 pr.
1149 2468 1180 2522 A.
1196 2471 1210 2537 ll
1227 2471 1345 2520 oratioue
1365 2471 1532 2522 suauissima

310 2551 337 2600 et
355 2550 507 2598 clarissima
523 2543 554 2598 F.
567 2543 580 2611 ΙΙ
596 2543 635 2596 ll.
655 2543 793 2594 solaminis
808 2555 854 2608 pr.
871 2539 902 2592 A.
922 2541 1061 2590 columinis
1082 2538 1145 2592 CD.
1164 2543 1284 2592 culminis
1302 2539 1337 2592 E.

382 2738 477 2774 comae
491 2718 670 2788 periclitantis
688 2724 864 2785 urpumentum
884 2718 990 2782 adiecit)
1016 2720 1129 2772 i’raetuii
1149 2720 1217 2768 ilaue
1237 2718 1438 2769 abbreuiatoris
1458 2720 1530 2770 Geel·

311 2795 445 2858 lerbyteni
470 2795 662 2846 coniecturam.
686 2796 821 2855 receptum
846 2793 899 2841 ium
923 2793 949 2842 in
974 2792 1092 2861 uulgatis
1117 2790 1275 2839 editionibus
1297 2790 1359 2839 inde
1384 2806 1402 2838 a
1427 2790 1528 2859 Pigbie.

312 2865 453 2927 archetypi
472 2863 621 2923 scripturae
640 2860 810 2925 erpameatr's.
835 2878 975 2926 perperam
995 2864 1123 2913 defensae
1146 2878 1163 2910 e
1181 2860 1322 2917 reponio,
1351 2861 1395 2924 qui
1416 2863 1530 2911 obscure

311 2935 500 2995 interpretatur
517 2931 623 2979 ‘Vitium
643 2934 755 2981 crealoris
775 2934 876 2981 scilicet
896 2935 991 2984 adiecit
1010 2936 1101 2984 Cicero
1120 2932 1291 2999 argumentis,
1311 2932 1410 2992 quibus
1431 2946 1529 2982 causae

311 3004 469 3066 periclitanti
487 3002 676 3051 succurrebat.
712 3000 764 3050 Sed
779 3007 965 3066 piraetrrquum
984 3007 1053 3066 quod
1067 3008 1224 3073 argumenta
1241 3002 1418 3067 periclitantis
1433 3018 1529 3053 musae

311 3088 363 3121 non
382 3087 416 3120 eu
435 3076 504 3125 sunt.
524 3072 620 3131 qrdhus
639 3074 799 3122 succurritur
816 3090 926 3129 causele.
946 3078 1002 3130 sed.
1027 3078 1053 3125 ul
1072 3078 1143 3125 reete
1161 3075 1346 3123 animaduertit
1366 3074 1528 3125 Perizonius

311 3142 406 3208 quibus
426 3144 552 3203 probatur
571 3158 680 3190 corisum
701 3144 815 3206 aliquem
835 3146 985 3207 periclitari.
1006 3148 1073 3213 qnod
1088 3146 1147 3194 huie
1166 3145 1225 3193 loeo
1239 3146 1355 3194 maxime
1369 3147 1527 3195 eontrarium

311 3217 363 3269 est.
381 3227 469 3263 nonne
487 3212 594 3262 Valerio
612 3214 638 3260 in
663 3214 714 3261 huc
733 3214 852 3263 'l'orrenii
876 3220 1007 3267 sententia
1031 3218 1196 3267 scribendum
1222 3220 1281 3265 erat
1300 3214 1420 3265 oratoris
1438 3216 1528 3266 aida!

311 3289 338 3335 et
354 3281 451 3334 deterit
467 3288 493 3333 et
510 3294 604 3333 causus
618 3280 796 3347 periclitantis
814 3287 972 3350 creaturalis
994 3283 1112 3337 adiecit?
1139 3286 1205 3345 Quid
1224 3286 1332 3337 multe!
1356 3289 1466 3337 detecto
1484 3290 1526 3337 ca

311 3356 365 3405 lidii
384 3355 509 3421 languide
528 3354 676 3417 perorantis
697 3354 758 3402 uitio
777 3362 804 3401 ct
823 3356 957 3416 patefacio
976 3358 1079 3407 itacius
1092 3358 1239 3415 mendacio,
1259 3358 1439 3420 periclitantis
1454 3358 1526 3407 Galli

311 3440 411 3475 causac
436 3428 487 3474 hoe
510 3426 562 3474 fleti
588 3424 704 3473 criminis
732 3427 812 3488 utque
837 3428 905 3473 adiro
927 3428 1093 3476 innocentiae
1122 3430 1179 3478 eius
1208 3430 1396 3496 argumentum
1426 3428 1526 3479 adiecit

312 3501 400 3557 Quare
419 3498 525 3546 omnino
543 3496 724 3545 necessarium
744 3499 786 3544 cst
804 3496 866 3543 illud
888 3500 1070 3559 arpumeulum.
1108 3498 1193 3558 Atque
1211 3500 1270 3561 ipse
1290 3500 1382 3549 Cicero
1401 3499 1429 3547 in
1452 3500 1527 3549 Bruto

311 3569 329 3618 l.
348 3584 379 3623 c..
399 3582 478 3627 quem
498 3567 638 3629 exscripsit
658 3566 789 3621 Valerius,
808 3568 924 3614 eandem
940 3569 1067 3629 posuerat
1082 3569 1248 3623 sententiam.
1268 3567 1374 3620 memini
1390 3596 1427 3605 —
1447 3568 1528 3620 reseis

310 3635 491 3705 respondendo
504 3665 538 3673 —
552 3635 600 3686 irae
617 3636 701 3702 ipsum
719 3634 797 3685 etiam
811 3635 933 3700 posuisse
949 3650 999 3703 pro
1018 3640 1166 3701 crpamente
1184 3636 1253 3702 qaod
1270 3638 1315 3689 ille
1329 3666 1362 3677 -—
1376 3644 1432 3690 teas
1451 3638 1530 3690 miste

310 3708 416 3773 spinet,
435 3714 488 3758 tom
505 3706 611 3760 leniter.
630 3713 683 3757 tam
700 3705 852 3760 oscitanter,
877 3712 903 3757 et
920 3709 1001 3771 paulo
1020 3711 1090 3770 post.
1115 3704 1162 3757 Sic
1179 3721 1228 3757 ece
1243 3709 1337 3759 rammi
1354 3710 1477 3761 oratorie
1493 3706 1530 3760 sel

308 3779 423 3829 sanitate
439 3778 483 3828 aei
499 3776 565 3828 uitio
579 3791 631 3843 pro
651 3782 800 3841 erpemerrto
824 3774 861 3827 ed
879 3774 1027 3827 diluendam
1052 3776 1150 3827 crimen
1173 3776 1216 3827 usi
1232 3792 1327 3831 amru.
1372 3781 1529 3831 Perizonius

309 3852 343 3897 de
362 3850 494 3898 sententia
511 3863 615 3897 mecum
633 3848 714 3911 plane
726 3850 896 3899 consentiens
910 3854 1016 3911 praeter
1034 3849 1223 3899 necessitatem
1243 3851 1324 3900 scribi
1337 3851 1416 3900 iussit
1435 3864 1530 3901 eaesae

303 3916 478 3983 periclitanti.
523 3920 615 3982 Neque
644 3919 713 3967 euim
742 3920 966 3969 animaduertisse
991 3921 1095 3970 uidetur
1124 3920 1193 3969 idem
1218 3920 1345 3969 librorum
1369 3922 1528 3983 scripturam

308 3987 474 4054 significare.
498 4004 557 4037 cum
577 3990 686 4050 perinde
705 3991 796 4038 ualeat
818 3992 904 4040 utrum
924 4002 1035 4039 causam
1057 3990 1250 4055 periclitantem
1269 3991 1344 4041 dieas
1363 4005 1398 4041 aa
1416 4006 1529 4042 causam

307 4058 489 4121 periclitantis,
509 4074 546 4109 se.
565 4059 611 4107 rei.

378 4128 437 4177 Est.
459 4125 482 4177 l.
505 4129 543 4178 Cf.
563 4129 615 4177 eie.
635 4130 668 4177 de
687 4145 725 4177 or.
743 4130 787 4187 lli.
806 4127 850 4186 56,
870 4125 931 4181 213.
956 4132 1042 4191 Quint.
1062 4133 1108 4189 xl.
1128 4128 1154 4191 3,
1173 4129 1199 4183 li.

378 4194 817 4266 paridem1camiaterr09aretari
845 4201 943 4249 Vltima
961 4203 1071 4265 syllaba
1095 4218 1120 4254 u.
1140 4199 1246 4269 qudam
1267 4218 1284 4253 a
1303 4203 1414 4253 librarlo
1433 4208 1529 4254 meta

306 4285 370 4323 esse
389 4272 505 4325 uidetur.
530 4271 574 4331 qui
598 4272 644 4317 eut
667 4270 752 4318 oculis
776 4272 912 4321 aberrauit
931 4273 956 4322 in
976 4274 1000 4321 id
1021 4275 1090 4335 quod
1112 4275 1239 4339 seqnitur,
1258 4270 1391 4340 quidnam,
1411 4278 1528 4325 autnon

303 4344 435 4393 intellexit
452 4344 522 4391 liene
539 4342 698 4390 sententiam
718 4341 809 4390 reterri
828 4343 863 4390 ud
881 4342 1100 4395 Demosthenem.
1138 4346 1255 4395 Coniciat
1268 4346 1365 4410 aliquis
1383 4345 1529 4411 ingenuum

304 4428 368 4465 ease
385 4412 431 4479 qai
448 4410 560 4470 cuidam.
579 4424 637 4461 eum
653 4408 861 4476 interrepereter
878 4440 922 4468 -,
947 4412 1090 4481 respondit.
1111 4417 1160 4465 sed
1183 4418 1209 4465 is
1232 4416 1274 4466 eui
1298 4417 1478 4480 respondetur
1495 4417 1528 4465 ab

303 4499 337 4534 eo
361 4485 406 4549 qui
429 4486 575 4552 interrogat
598 4483 704 4549 seiungi
728 4498 780 4531 non
805 4485 896 4547 potest
918 4487 1141 4551 seribendumque
1165 4502 1214 4549 pro
1241 4502 1274 4537 eo
1292 4488 1389 4537 iuisset
1406 4484 1454 4553 qai
1472 4500 1528 4537 eu

303 4568 321 4603 a
337 4551 449 4619 modam
466 4554 681 4620 interreperetur.

372 4620 454 4676 Recte
470 4624 557 4692 itaque
573 4622 723 4680 Aescheeu
740 4626 779 4677 Ct'.
803 4627 856 4678 Cic.
877 4628 910 4678 de
929 4642 967 4679 or.
987 4628 1004 4681 l.
1026 4646 1049 4681 c.
1073 4628 1139 4681 run.
1158 4628 1185 4683 b.
1204 4644 1231 4682 u.
1243 4628 1301 4689 vii.
1319 4624 1364 4689 3⁰,
1382 4626 1439 4680 init
1458 4628 1526 4681 rius

303 4690 350 4739 uit.
367 4695 425 4745 dee.
444 4700 511 4747 orat
529 4698 556 4745 in
575 4697 700 4749 leschin.
1157 4692 1160 4704 '
