3409 5400
275 496 341 565 298
704 492 763 565 Dii
788 494 1078 567 CONSTANTIA.

276 680 355 747 gere
377 658 581 744 propositum
604 678 679 723 esse
694 660 874 745 respondit,
899 671 930 724 et
952 662 1007 747 qui
1021 661 1182 726 referente
1199 662 1343 749 quodam
1366 664 1496 751 sagittis

274 766 452 831 Persarum
468 764 572 829 solem
588 764 758 831 obscurari
774 767 891 843 solere,
909 766 1009 833 ‘Bene
1025 767 1161 843 narras',
1176 770 1298 855 inquit;
1321 772 1366 834 ‘in
1380 770 1498 835 umbra

275 874 361 937 enim
384 871 634 958 praeliabimur.'
677 870 836 937 Eiusdem
857 875 908 938 uir
931 875 1021 940 urbis
1044 887 1143 962 atque
1166 877 1266 941 animi
1289 876 1411 963 hospiti
1433 898 1495 942 suo

274 981 398 1065 patriae
421 1000 533 1043 muros
558 979 705 1045 excelsos
728 979 879 1066 latosque
908 982 1092 1047 ostendenti
1119 980 1199 1045 dixit
1227 984 1277 1047 ‘Si
1303 984 1495 1049 mulieribus

272 1088 355 1153 istos
379 1086 596 1173 conparastis,
618 1096 715 1163 recte,
739 1089 769 1151 si
790 1087 880 1163 uiris,
904 1089 1055 1175 turpiter',
1504 1100 1519 1143 ³

695 1744 754 1810 DE
778 1742 1066 1811 CONSTANTIA.

175 1938 261 2007 VIII.
360 1940 518 2026 Apertum
542 1950 574 2002 et
595 1943 780 2007 animosum
810 1941 917 2008 bonae
940 1942 1081 2008 fiduciae
1103 1952 1217 2028 peetus
1241 1962 1375 2006 emenso
1400 1942 1496 2028 quasi

273 2045 416 2111 debitum
440 2067 523 2131 opus
545 2059 696 2131 superest
717 2050 922 2114 constantiae
944 2048 1213 2134 repraesentatio.
1258 2047 1385 2112 Natura
1405 2046 1494 2113 euim

272 2155 321 2219 sie
345 2163 559 2239 conparatum
581 2164 632 2217 est
654 2166 698 2231 ut,
722 2157 871 2242 quisquis
896 2176 934 2219 se
950 2154 1072 2241 aliquid
1087 2153 1202 2219 ordine
1220 2176 1259 2218 ac
1274 2165 1361 2218 recte
1383 2164 1493 2218 mente

271 2260 475 2345 complexum
492 2259 635 2338 confidit,
651 2261 704 2326 uel
717 2263 785 2328 iam
801 2273 942 2348 gestum,
959 2262 990 2325 si
1004 2261 1209 2338 obtrectatur,
1225 2263 1341 2326 aeriter
1357 2271 1493 2337 tueatur,
1503 2286 1532 2330 re

270 2366 326 2432 uel
352 2366 498 2432 nondum
526 2367 662 2445 editum,
691 2369 722 2434 si
748 2368 983 2455 interpelletur,
1017 2368 1089 2433 sine
1116 2367 1185 2433 ulla
1214 2369 1420 2432 cunctatione
1449 2366 1493 2433 ad

273 2473 424 2541 effectum
447 2474 614 2561 perducat.

230 2582 261 2648 1.
359 2580 429 2647 Sed
459 2581 537 2646 dum
565 2582 730 2669 exemplar
756 2584 945 2669 propositae
971 2583 1021 2647 rei
1054 2602 1250 2669 persequor,
1284 2581 1382 2645 latius
1410 2578 1493 2645 mihi

272 2688 546 2773 circumspicienti
578 2701 653 2754 ante
688 2690 799 2754 omnia
832 2712 870 2756 se
899 2687 995 2754 Fului
1023 2688 1133 2755 Flacci
1168 2690 1354 2755 constantia
1386 2685 1491 2754 offert.

273 2795 421 2880 Capuam
443 2793 615 2861 fallacibus
638 2796 833 2863 Hannibalis
861 2799 1035 2884 promissis
1057 2796 1170 2862 Italiae
1197 2817 1338 2884 regnum
1365 2796 1529 2860 nefariam

273 2900 454 2965 defectione
481 2903 607 2986 pacisci
634 2923 831 2990 persuasam
858 2905 960 2969 armis
989 2914 1217 2990 occupauerat.
1263 2902 1345 2968 Tam
1373 2900 1490 2966 deinde

272 3005 388 3092 eulpae
411 3005 554 3072 hostium
583 3009 689 3076 iustus
718 3011 907 3076 aestimator
935 3032 1034 3098 quam
1065 3011 1238 3096 speciosus
1267 3011 1371 3074 uictor
1394 3008 1490 3074 Gam-

272 3163 298 3220 2.
316 3167 410 3234 iuquit]
431 3171 490 3219 anie
507 3184 603 3220 narras
621 3167 652 3222 Γ.
671 3171 759 3238 inquid
773 3187 820 3240 pr.
837 3169 870 3225 Α.
882 3167 932 3239 113.
953 3171 1034 3238 euim]
1059 3186 1108 3223 om.
1127 3167 1192 3222 DF.
1216 3166 1280 3220 add.
1302 3171 1399 3220 melius
1421 3164 1448 3220 Ε
1466 3171 1493 3218 et

272 3252 342 3290 corr.
354 3237 391 3294 Ε.
414 3237 491 3290 Torr.
505 3238 517 3309 Η
531 3241 703 3305 praeliabitur
714 3242 751 3294 D.
763 3243 780 3364 p
793 3244 885 3310 animi]
899 3246 984 3294 amira
992 3257 1037 3310 pr.
1048 3240 1081 3295 'C.
1097 3241 1203 3292 amirari
1216 3255 1285 3293 corr.
1298 3239 1327 3293 C.
1340 3236 1389 3308 114.
1402 3241 1491 3290 esten-

272 3310 350 3361 deudi
369 3307 396 3363 C.
408 3309 422 3373 ΙΙ
433 3313 501 3362 istos
521 3313 673 3362 mulieribus
692 3311 726 3366 E.
738 3312 751 3380 Η
782 3349 788 3363 .
808 3317 954 3379 compastis
975 3313 1004 3366 C.
1027 3313 1188 3377 comparatis
1206 3309 1237 3364 Ε.
1250 3311 1263 3380 ΙΙ
1281 3308 1306 3362 1.
1325 3313 1420 3376 Aptum
1438 3307 1492 3360 AB

274 3378 427 3434 caess.
442 3378 453 3449 ΙΙ
468 3377 493 3434 8.
513 3387 638 3448 superest
655 3399 723 3448 opos
741 3383 818 3446 (EF)
826 3383 903 3437 Torr.
923 3383 935 3454 ΙΙ
959 3381 1006 3450 rep
1024 3385 1155 3435 honsione
1167 3381 1199 3433 A.
1219 3388 1289 3447 reip:
1307 3380 1491 3447 appbensioue

272 3465 362 3518 marae
380 3451 411 3504 A.
429 3457 658 3518 representatione
677 3453 732 3507 BF
746 3460 772 3506 et
783 3470 830 3522 pr.
850 3455 1060 3523 οΕ.ΙΙΝ111111·11]
1074 3471 1139 3505 cura
1155 3451 1340 3507 Aeonas.
1352 3448 1402 3519 1111.
1421 3465 1491 3502 eom·

271 3527 376 3588 partum
394 3522 425 3576 Γ.
440 3523 451 3591 ΙΙ
466 3525 505 3591 ut]
526 3527 569 3575 ubi
588 3523 624 3578 D.
639 3522 651 3592 ΙΙ
665 3526 748 3592 reete]
787 3531 828 3578 oet
844 3531 932 3578 mente
950 3525 982 3580 Γ.
1001 3532 1077 3577 recta
1094 3524 1131 3577 D,
1149 3523 1163 3591 Η
1183 3521 1224 3579 lb.
1243 3525 1398 3589 complexus
1415 3519 1477 3589 Ε.,ΙΙ

272 3597 392 3646 teneatur
408 3595 443 3649 Ε.
456 3594 469 3661 ΙΙ
486 3593 524 3645 ΙΙ.
542 3598 658 3646 nundum
676 3593 707 3649 Γ.
721 3597 733 3666 ΙΙ
748 3541 789 3648 ld.
807 3600 932 3662 exempla
948 3596 1059 3648 ETerr.
1070 3596 1084 3662 ΙΙ
1095 3610 1243 3661 prosequor
1254 3591 1349 3647 ΒΕΓ.
1360 3592 1373 3661 ΙΙ
1387 3588 1428 3645 15.
1446 3595 1491 3644 de·

272 3666 385 3716 lectione
403 3668 507 3718 nesorio
524 3661 639 3734 1111111.
655 3667 841 3734 Tamdeinde]
861 3671 970 3720 tandem
987 3666 1018 3722 F.
1031 3664 1045 3734 ΙΙ
1059 3663 1099 3720 17.
1119 3668 1199 3731 culpa
1216 3663 1251 3718 Ε.

341 3807 409 3859 viil.
436 3805 561 3876 Apertam
584 3813 610 3860 et
637 3806 791 3872 animosam)
821 3806 916 3878 Aptata
944 3814 971 3860 et
1000 3806 1156 3864 mimorum,
1186 3809 1410 3872 quemadmodum
1433 3809 1490 3858 tra·

272 3879 335 3927 dunt
347 3878 405 3927 libri
418 3880 598 3943 manuscripti,
612 3881 699 3930 bonae
711 3882 825 3932 lidueiae
836 3884 931 3945 peetus
942 3880 993 3930 dici
1004 3882 1102 3945 nequit,
1116 3882 1186 3947 quia,
1200 3883 1224 3930 si
1236 3881 1360 3930 absolute
1371 3881 1489 3944 posimm

271 3948 410 3998 existimes
429 3953 525 4016 apuam,
545 3951 681 4018 generalis
694 3953 749 4016 apti
767 3953 838 4002 notio
857 3967 911 4001 nou
929 3952 1053 4002 conuenit
1070 3952 1213 4018 singulari,
1237 3965 1308 4014 quae
1329 3953 1373 4000 est
1390 3956 1416 3999 111
1435 3948 1492 4000 αἱ·

272 4031 376 4070 mamm.
413 4019 477 4069 Siue
497 4021 551 4070 ulla
564 4022 726 4072 dubitatione
745 4025 817 4073 recte
830 4023 941 4090 Pighius
961 4037 976 4072 e
995 4022 1087 4072 codice
1099 4021 1214 4071 Susiano
1230 4023 1344 4072 restituit
1362 4025 1490 4088 apertam,

272 4091 341 4153 quod
360 4103 409 4154 par
427 4092 611 4153 compendium
630 4093 798 4144 scribebatur
816 4098 917 4164 aptum.
940 4093 1020 4155 idque
1038 4107 1072 4143 ne
1090 4093 1244 4143 Perizonius
1267 4095 1375 4154 quidem
1392 4094 1490 4156 impro-

271 4163 359 4219 bauit3
379 4175 443 4210 esse
462 4163 576 4212 enimin
595 4163 687 4225 primis
705 4167 794 4216 bonae
813 4165 928 4215 tiduciae
945 4164 1011 4214 1111111
1029 4164 1108 4222 tecte,
1127 4164 1192 4212 1111111
1205 4163 1317 4213 subdole
1330 4165 1377 4211 sed
1398 4164 1491 4227 aperie

271 4234 361 4284 omnia
379 4233 477 4282 iacere.
514 4235 679 4301 Quomagis
697 4237 778 4287 miror
796 4251 858 4287 eum
876 4236 1006 4286 maluisse
1022 4231 1110 4286 Altum
1128 4237 1153 4284 et
1164 4233 1316 4293 animosum,
1335 4235 1404 4299 quoti
1423 4247 1491 4283 sane

270 4305 441 4355 similitudine
460 4304 515 4353 ueri
534 4317 587 4352 non
606 4319 691 4370 aeque
709 4309 918 4359 commendatur.
954 4307 1068 4357 Grauius
1080 4307 1107 4355 in
1119 4307 1292 4371 sequentibus
1306 4306 1401 4354 uulnus
1420 4305 1491 4354 felici

271 4377 456 4427 emendatione
478 4375 533 4424 iarn
555 4381 686 4427 sanarunt
709 4380 884 4430 abbreuiatus
907 4379 1146 4442 Guelferbytanus,
1174 4391 1252 4443 quern
1275 4375 1352 4442 sequi
1375 4377 1492 4426 debebat

269 4449 397 4516 Pighius,
417 4448 461 4512 qui
484 4461 510 4494 u.
533 4448 740 4513 repraesentatio
764 4452 870 4501 omnino
895 4449 986 4508 eiecit,
1010 4451 1037 4498 et
1057 4449 1181 4513 Lipsius,
1205 4449 1277 4499 illius
1300 4448 1408 4510 quidem
1429 4447 1491 4498 libri

269 4521 395 4588 ignarum
420 4518 521 4581 recepit
538 4532 630 4568 ueram
650 4522 809 4586 scripturam
828 4521 959 4570 Vorstius.
1000 4520 1154 4571 Perizonius
1177 4521 1268 4588 magis
1290 4520 1393 4588 ingenii
1415 4532 1492 4570 exer·

270 4591 347 4639 cendi
364 4603 449 4640 eausa
467 4603 548 4654 quam
565 4591 635 4652 quod
654 4606 708 4642 non
725 4593 888 4660 agnosceret
904 4591 990 4655 Lipsii
1008 4593 1149 4661 egregium
1167 4592 1267 4640 fectum
1291 4594 1326 4639 ab
1351 4591 1412 4654 ipso
1433 4589 1491 4642 leu-

272 4662 362 4709 uatum
381 4661 493 4710 coniecit
510 4659 672 4712 sententiae
688 4659 954 4729 repraesentationem
971 4675 1075 4715 aurare.
1111 4657 1217 4714 Natura
1234 4659 1303 4712 enim
1320 4665 1372 4714 etc.

345 4727 368 4780 l.
386 4731 426 4783 Gi.
444 4730 503 4783 Liu.
520 4729 619 4791 xxvi,
640 4727 681 4783 15.
709 4733 769 4786 Val.
788 4729 878 4793 111,2,
896 4736 951 4782 ext.
970 4730 994 4785 1.
