3409 5400
568 496 649 567 LlB.
673 496 733 577 vt,
754 498 795 566 G.
819 499 851 577 e.
875 508 904 579 1.
930 504 1051 572 1-3.
1354 510 1420 579 509

290 655 453 742 Speciosa
481 656 538 731 illa
571 678 701 745 quoque
736 660 890 726 Romana
923 661 1017 730 tides.
1073 662 1201 751 ingenti
1233 666 1420 736 Poenorum
1429 671 1462 737 2.

199 761 312 827 classe
336 764 432 829 circa·
446 760 594 829 Siciliam
618 763 757 841 deuicta,
781 766 883 833 duces
907 770 978 833 eius
1006 758 1118 835 fractis
1141 772 1260 837 animis
1283 776 1422 842 consilia

201 867 363 953 petendae
386 870 480 955 pacis
504 870 680 957 agitabant.
728 870 877 952 Quorum
892 873 1062 939 Hamilcar
1084 876 1132 941 ire
1148 897 1185 940 se
1202 876 1244 940 ad
1268 880 1421 945 consules

84 1056 86 1071 ι
199 975 345 1061 negabat
368 974 499 1051 audere,
522 972 574 1041 nte¹
588 977 704 1043 codem
720 979 828 1044 modo
857 991 992 1045 catenae
1021 982 1083 1045 sibi
1111 982 1326 1058 inicerentur,
1344 1005 1421 1069 ,quo

84 1164 87 1185 .
173 1082 244 1147 nab
267 1082 351 1167 ipsis
368 1082 518 1174 Cornelio
535 1083 660 1148 Asinae
676 1068 802 1149 consuli
819 1086 950 1151 fuerant
964 1088 1113 1153 iniectae.
1159 1088 1279 1154 Hanno
1302 1100 1423 1164 autent,

200 1189 319 1251 certior
347 1188 490 1253 Romani
521 1190 622 1255 animi
653 1191 859 1267 aestimator,
894 1191 976 1257 nihil
1010 1192 1075 1257 talc
1108 1195 1284 1261 timendum
1319 1206 1422 1270 ratus,

201 1295 348 1359 maxima
370 1312 444 1359 cum
469 1295 588 1360 fiducia
606 1297 654 1361 nd
677 1298 888 1384 conloquium
904 1320 1016 1363 eorum
1034 1300 1176 1367 tetendit.
1223 1299 1321 1388 Apud
1337 1320 1422 1389 quos

201 1420 277 1465 cum
302 1400 343 1465 de
366 1402 430 1467 fine
453 1400 528 1467 belli
553 1414 667 1489 ageret
695 1416 726 1467 et
757 1404 903 1470 tribunus
931 1405 1070 1471 militum
1097 1408 1128 1471 ei
1156 1406 1293 1472 dixisset
1320 1427 1422 1493 posse

200 1507 245 1573 illi
269 1509 383 1573 merito
408 1508 539 1573 euenire
563 1509 651 1595 quod
675 1510 829 1575 Cornelio
851 1511 1042 1585 accidisset,
1072 1523 1206 1598 uterque
1230 1513 1345 1577 consul
1368 1515 1423 1577 tri·

165 1615 292 1678 ubuno
317 1626 425 1680 tacere
448 1615 541 1679 iusso
566 1613 642 1679 ‘Isto
668 1614 718 1692 te',
742 1618 856 1703 inquit,
880 1628 994 1694 ‘metm
1016 1617 1152 1694 Hanno,
1176 1620 1259 1685 iidca
1282 1618 1422 1682 ciuitatis

204 1732 335 1785 nostrae
357 1720 493 1787 liberat'.
541 1720 656 1787 Claros
679 1722 754 1789 illos
776 1724 901 1789 iecerat
922 1735 1045 1789 tantum
1060 1723 1203 1790 hostium
1220 1725 1337 1790 ducem
1351 1726 1423 1789 uin·

203 1830 270 1895 cire
293 1829 451 1921 potuisse,
475 1827 536 1893 sed
559 1828 659 1895 multo
683 1829 941 1899 clarioressecit
962 1831 1120 1897 noluisse.

293 1934 464 2000 Aduersus
495 1935 631 2001 eosdem
667 1935 781 2002 hostes
816 1958 931 2023 parem
960 1936 1057 2002 iidem
1091 1940 1123 2001 in
1151 1940 1221 2004 iure
1247 1937 1423 2025 legationis
1434 1948 1465 2015 3,

204 2040 325 2107 tuendo
348 2055 457 2130 patres
479 2043 655 2130 conscripti
672 2040 857 2110 exhibuere.
902 2041 1018 2109 Marco
1031 2044 1118 2109 enim
1134 2045 1272 2109 Aemilio
1287 2042 1425 2131 Lepido,

84 2188 85 2193 κ
168 2171 195 2215 ιι
204 2148 243 2213 1..
267 2148 427 2215 Flaminio
451 2148 642 2213 consulibus
669 2148 708 2212 L.
737 2149 916 2215 Minucium
944 2162 976 2213 et
1004 2149 1042 2217 1..
1066 2150 1225 2215 Manlium
1248 2150 1425 2239 Karthagi-

208 2307 232 2361 1.
251 2308 382 2373 Speciosa
399 2338 435 2350 -
453 2310 521 2363 tides
546 2324 595 2362 om.
620 2307 650 2361 Γ.
668 2308 682 2377 ΙΙ
699 2324 804 2376 quoque
827 2310 875 2361 itia
900 2306 1067 2363 CEFTorr.
1087 2307 1099 2379 ΙΙ
1119 2326 1264 2375 poenarum
1282 2324 1329 2376 pr.
1351 2308 1384 2362 A.
1398 2307 1412 2378 ΙΙ

205 2376 232 2433 2.
251 2381 352 2447 classe]
379 2385 440 2432 ante
458 2382 606 2431 Poenorum
631 2378 662 2433 Γ.
679 2382 781 2448 ‹ginsse
803 2379 960 2447 Ο.ΙΙι1ιοιι]
981 2386 1074 2432 contra
1091 2382 1123 2435 F.
1138 2380 1152 2447 ΙΙ
1169 2380 1285 2446 deuicta]
1304 2378 1345 2431 sic
1362 2379 1424 2435 Par.

207 2452 321 2503 deducta
338 2449 460 2505 ΑΒΗ
463 2448 491 2504 Γ.
510 2452 620 2503 reducta
639 2448 832 2521 &leunsinem
850 2449 879 2504 F.
894 2451 907 2517 ΙΙ
920 2446 946 2505 3.
962 2453 1090 2519 Quorum]
1110 2449 1173 2503 aad.
1186 2454 1238 2501 tltrx
1257 2448 1423 2521 obstan

207 2518 467 2591 bumilcnrA.{lcoris.
475 2520 552 2645 Appii.
563 2522 609 2588 ab}
622 2524 655 2573 ed
666 2536 709 2590 pr.
720 2519 848 2645 Apulae
857 2519 1002 2591 Ellbairno
1011 2520 1040 2575 0.
1051 2518 1201 2592 benefitia
1212 2524 1274 2573 beiti
1285 2523 1337 2572 tine
1348 2520 1425 2575 Tere.

209 2590 260 2663 liei]
281 2591 344 2646 aad.
362 2596 480 2645 bennoni
529 2588 666 2661 ,11211111
686 2591 754 2645 ciF
779 2592 812 2660 ,ΙΙ
823 2594 974 2645 accedisset
993 2595 1095 2659 utrique
1117 2594 1220 2644 consuli
1238 2590 1267 2645 F.
1281 2591 1294 2659 ll
1311 2590 1350 2645 ll.
1370 2595 1425 2644 oin·

208 2680 269 2717 cere
287 2660 430 2718 ACEFI'
446 2670 472 2718 et
488 2663 517 2717 ia
533 2679 631 2718 amre
648 2664 685 2720 D.
707 2662 828 2719 Corrcait
845 2662 904 2716 lea.
922 2662 1090 2718 Parrhasiae.
1104 2667 1118 2732 ΙΙ
1134 2662 1317 2732 taponaco]
1336 2666 1425 2728 potios

207 2751 239 2788 ac
260 2734 289 2790 C.
299 2733 374 2858 pili.
393 2739 506 2790 eundem
525 2738 630 2788 hostem
649 2735 715 2790 ΒΓ.
728 2735 741 2804 ΙΙ
753 2739 780 2787 in
798 2750 847 2790 ιιιιι.
865 2734 973 2805 linire
991 2733 1019 2788 0.
1031 2735 1046 2802 ΙΙ
1060 2733 1099 2788 li.
1118 2738 1246 2790 exhibere
1298 2733 1356 2790 .A.
1379 2735 1425 2787 ex·

208 2809 281 2860 there
320 2808 520 2874 .iibtarco-
540 2808 583 2876 (p.
602 2803 664 2868 510,
682 2805 720 2870 31
739 2810 914 2872 aspexitnar.
932 2805 964 2858 Γ.
983 2805 996 2872 ΙΙ
1017 2805 1057 2859 15.
1084 2809 1101 2858 t.
1119 2804 1225 2858 iimina
1267 2845 1275 2860 .
1302 2808 1425 2859 lierni·

207 2879 268 2929 nino
290 2877 318 2932 C.
337 2883 364 2929 et
386 2880 404 2931 t
422 2880 538 2931 flaminio
562 2894 633 2933 corr.
650 2877 687 2932 D.
711 2881 728 2932 t.
753 2880 876 2930 flamineo
893 2875 959 2931 EF.
984 2880 1013 2930 c.
1032 2878 1161 2929 iitamiuio
1183 2875 1258 2930 Tora.
1275 2876 1289 2946 ΙΙ
1305 2879 1323 2932 l.
1341 2879 1425 2930 minn-

207 2950 270 3000 tium
289 2947 321 3004 Α.
339 2951 491 3008 minucuom
508 2949 614 3010 (οιιίιιο
628 2949 808 3018 praenotatae)
826 2947 889 3019 D-tt
900 2950 1036 3002 manilium
1054 2947 1115 3002 EF.

278 3087 304 3144 2.
321 3091 406 3144 closae
423 3091 497 3144 circe
514 3091 634 3146 Siciliam
652 3090 766 3150 deuicta)
788 3094 912 3144 Valerius
930 3094 964 3142 «ie
983 3107 1098 3158 quanam
1116 3093 1296 3144 Romanorum
1314 3093 1426 3144 uictoria

208 3165 234 3212 ct
252 3166 285 3214 dc
304 3165 400 3225 quibus
419 3165 573 3216 conantibus
592 3166 697 3216 locutus
714 3167 751 3215 sit
767 3167 827 3229 ipse
845 3166 974 3216 incertum
986 3165 1098 3227 reliquit.
1136 3166 1243 3215 voratio
1261 3166 1296 3214 ‹ie
1314 3165 1426 3214 uictoria

208 3249 225 3284 a
248 3235 276 3283 C.
294 3233 398 3284 Duellio
422 3236 533 3285 consule
556 3237 626 3299 apud
653 3237 744 3301 Mylas
763 3252 788 3289 a.
807 3251 832 3288 ιι.
852 3251 875 3287 ο.
893 3230 948 3286 llll
970 3239 1108 3298 reportata
1130 3235 1312 3299 interpretanti
1331 3234 1426 3284 merito

208 3303 351 3354 Turranius
370 3304 467 3355 obiecit
484 3306 546 3354 tuuc
563 3308 690 3370 temporis
713 3307 819 3356 uictoris
838 3306 958 3357 consutis
981 3307 1115 3372 collegam
1132 3307 1179 3357 cn.
1198 3305 1347 3356 &metium
1365 3304 1425 3354 Asi·

208 3390 269 3426 nam
293 3375 320 3426 tn
343 3374 479 3437 potestate
502 3375 618 3426 hostium
643 3379 726 3428 tuisse
749 3390 836 3439 neque
860 3391 921 3426 cnm
943 3377 1055 3441 unoque
1077 3377 1189 3427 consule
1211 3375 1369 3425 Hannonem
1391 3375 1425 3423 de

208 3459 276 3510 pace
294 3457 380 3512 agere
398 3446 533 3509 potuisset
554 3449 634 3508 atquc
649 3448 730 3498 etiarn
747 3447 927 3496 Hamilcarem
945 3460 980 3495 ea
997 3447 1158 3510 tempestate
1175 3459 1229 3494 noa
1247 3445 1329 3494 classi
1348 3457 1425 3508 prae·

210 3517 306 3574 tuisse,
326 3529 419 3566 uerum
439 3517 559 3580 pedestri
581 3519 717 3570 exercitui.
741 3517 848 3582 (Polyb.
867 3517 892 3572 t,
915 3511 949 3566 21
974 3517 1003 3565 et
1018 3510 1063 3567 22.
1088 3517 1148 3566 inu.
1170 3515 1232 3579 e'pit.
1258 3515 1317 3566 libr.
1340 3515 1426 3566 xviii

209 3587 278 3640 Flor.
296 3587 329 3646 ll.
348 3581 374 3639 2.
393 3587 490 3640 Zonnr.
511 3587 582 3644 Vlil,
604 3584 645 3638 10.
671 3588 728 3638 Val.
749 3587 796 3645 Vl,
815 3581 846 3645 9,
871 3582 925 3649 11.)
961 3585 1070 3636 Accedit
1092 3587 1163 3650 queri
1186 3599 1273 3650 neque
1297 3587 1427 3652 Polybius

209 3671 295 3721 neque
313 3657 382 3708 alius
402 3659 541 3723 quisquam
560 3661 679 3710 ueterum
704 3658 864 3722 scriptorum
886 3658 950 3718 post
973 3657 1057 3706 illam-
1070 3656 1174 3707 cladem
1197 3669 1294 3720 pacem
1317 3672 1335 3707 a
1359 3659 1427 3724 Har·

210 3729 423 3798 tbagtniensrbus
441 3731 550 3794 petitam
569 3743 633 3780 esse
652 3730 798 3782 memoriae
817 3727 939 3792 prodidit.
974 3726 1028 3778 Sed
1040 3741 1076 3778 ne
1091 3728 1152 3790 ipse
1163 3728 1270 3789 queem
1282 3727 1427 3779 Torrenins

210 3803 358 3865 opinionem
377 3815 454 3851 snam
472 3801 498 3851 iu
517 3803 633 3852 medium
651 3801 768 3866 protulit.
803 3799 937 3850 Docemur
953 3813 1023 3849 nunc
1040 3798 1175 3863 excerptis
1189 3799 1325 3849 Vaticanis
1339 3799 1427 3850 cassii

209 3871 301 3924 Dionis
320 3872 359 3936 (n.
377 3867 421 3924 113.
438 3888 466 3936 p.
487 3868 551 3929 1833
571 3874 641 3936 apud
659 3873 758 3932 Zonar.
770 3871 838 3928 Viti,
859 3867 912 3934 12.)
929 3870 1060 3932 proelium
1071 3870 1256 3921 naualeiuxta
1267 3869 1426 3922 Heracleam

209 3944 326 3994 Minoam
345 3959 370 3995 a.
389 3959 414 3995 u.
433 3939 699 4004 attenuante.
718 3945 754 3996 st.
768 3941 847 3993 Atilio
859 3941 1013 3997 consulibus
1025 3941 1125 3992 iactum
1137 3942 1260 3992 hocloco
1272 3942 1425 4010 significari.

210 4015 254 4064 ubi
273 4016 401 4079 superate
418 4015 682 4083 Karthaginiensium
705 4017 795 4066 classe
817 4013 953 4064 Hamilcar
974 4027 1029 4063 non
1053 4013 1168 4076 amptius
1185 4013 1313 4064 aestatem
1331 4025 1425 4070 ausus.

212 4087 240 4136 ut
255 4087 362 4150 tenipus
380 4085 506 4145 traheret.
526 4101 574 4150 per
591 4088 710 4150 speciem
729 4087 805 4151 pacis
823 4085 956 4150 petendae
974 4084 1131 4134 Hannonem
1149 4085 1184 4134 ari
1202 4085 1329 4136 consules
1345 4085 1426 4135 misit.

211 4160 293 4218 Quem
317 4173 376 4207 cum
395 4157 501 4222 quidam
519 4157 796 4221 comprehendendum
816 4157 983 4207 clamassent
998 4157 1094 4206 eodem
1116 4157 1209 4214 modo,
1233 4170 1286 4218 quo
1307 4157 1361 4221 ipsi
1379 4159 1426 4207 cra'

211 4229 359 4278 Cornelium
383 4227 485 4292 perfide
503 4229 648 4292 cepissent,
668 4230 763 4280 Hanno
782 4227 820 4278 ‘Si
843 4229 895 4279 boc
914 4227 1048 4288 feceritis,
1073 4227 1169 4291 lnquit,
1188 4227 1280 4276 ‘nihilo
1301 4227 1426 4277 meliores

211 4299 283 4348 eritis
303 4299 425 4358 Poenis'.
449 4314 536 4365 caque
559 4303 650 4350 astuta
672 4301 825 4352 adobtione
849 4301 921 4350 tutus
946 4300 1009 4348 tunc
1035 4299 1132 4350 euasti.
1181 4298 1311 4362 Polybius
1335 4299 1426 4346 umen

212 4369 242 4434 (1.
260 4365 308 4432 tt)
326 4371 475 4436 insequenti
494 4372 599 4424 demum
619 4387 698 4430 anno,
717 4387 777 4428 curn
803 4371 857 4422 tam
884 4372 910 4420 in
933 4367 1050 4420 Atticam
1072 4369 1226 4420 baiecisset
1247 4367 1344 4418 Atitins
1366 4367 1426 4416 ctu·

210 4455 341 4564 peampue
359 4442 486 4505 cepisset,
499 4457 523 4492 ιι
541 4443 625 4494 Karth
664 4443 811 4496 inienstbns
830 4443 930 4494 trustra
945 4449 1042 4505 pacem
1060 4441 1170 4505 petitam
1188 4452 1253 4490 ease
1270 4438 1385 4489 batista

276 4541 304 4564 ..
323 4512 361 4564 Ci.
381 4513 438 4565 Liu.
456 4513 604 4572 XXXVlll.
622 4511 640 4564 1
659 4551 667 4568 .
994 4542 999 4551 »
1418 4535 1424 4551 ι

277 4579 313 4636 L.
331 4581 473 4647 Flaminio)
497 4585 573 4636 iluna
592 4586 701 4644 Gaium.
725 4601 777 4638 non
795 4586 906 4636 Lucium
924 4585 1082 4636 Flaminium
1105 4582 1192 4631 inisse
1216 4580 1289 4630 certo
1312 4580 1427 4630 constat.

210 4649 260 4708 Sed
280 4671 340 4706 curu
360 4655 464 4706 Paridis
483 4647 812 4715 cerleaVaticenuscum
826 4656 941 4724 integris
960 4655 1059 4706 Valerii
1077 4653 1214 4703 codicibus
1234 4654 1261 4702 in
1279 4652 1331 4701 hoc
1348 4665 1427 4716 prae·

210 4729 314 4782 nomine
332 4729 496 4792 consentiat,
519 4729 643 4780 dubitans
662 4728 696 4780 de
707 4731 823 4780 auctore
841 4728 948 4788 erroris,
966 4739 1074 4777 ιιιιιιιιιιιι
1093 4724 1221 4778 abstinui.
1253 4723 1285 4775 ln
1302 4733 1335 4775 eo
1352 4728 1427 4779 certe
